2886 4882
218 254 279 317 596
664 248 797 308 υοοαεο
817 249 956 306 εεετοο

217 410 277 475 άπὸ
305 417 362 512 τῖγς
385 411 507 483 πίστεως
536 407 575 489 μή
604 407 844 509 ἇποβάλλεσθαι,
869 403 932 469 άλλ’
958 403 1139 510 ἐπιστρέφειν
1167 403 1217 464 καί
1246 398 1401 482 εῦθύμους

216 503 321 570 ποιεῖν,
343 489 568 598 άμαρτάνογτας
579 500 743 564 νουθετεῖν,
774 489 915 572 χρεώστας
942 486 981 570 μή
1004 489 1126 591 θλίβειν
1141 487 1190 548 καί
1212 486 1330 564 ἐνδεεῖς,
1352 486 1399 548 καί

218 581 247 642 εἰ
263 604 327 640 τινα
347 573 461 649 τούτοις
481 575 573 678 ὅμοια
560 573 657 643 ’.ἐστι
699 582 792 637 Δοκεῖ
810 594 870 650 σοι,
893 574 976 652 φησί,
999 577 1088 634 ταῦτα
1110 566 1211 653 άγαθά
1232 565 1399 646 εἰναιςΤ
1366 573 1399 630 Ίῖ

217 659 280 768 γάρ,
304 662 391 764 6666,
412 657 501 762 κύριε,
522 655 632 765 τούτων
655 625 874 763 66066066606
894 647 1082 737 Πορεύου
1047 680 1109 733 ουν,
1131 655 1231 754 φῃσίν,
1254 649 1398 726 ἐναύτοῖς

218 745 268 807 καί
288 741 327 847 μή
350 740 569 846 ἐγκρατεύου’
555 740 607 806 απ’
633 740 748 818 αὐτῶν,
770 740 820 804 καί
841 737 912 826 ζήσῃ
933 746 973 825 τῷ
990 745 1067 843 θεῷ.
1113 735 1247 841 Φάλασρε
1270 727 1326 800 αάν
1348 735 1396 816 τήν

218 824 337 942 ἐητολῃν
358 825 482 906 ταύτην
505 823 606 890 ἐάν
577 852 609 890 το
633 793 749 929 άγαθόά
774 829 862 927 ποιῃς
883 803 959 885 τίαί
959 820 1000 928 μή
1023 803 1232 927 ἐγκρατεύσῃ’
1217 817 1272 882 απ’
1297 817 1396 896 αὐτοῦ,

218 907 311 1013 ζήσῃιο
340 916 380 994 τῷ
408 915 486 1012 θεῷ
518 908 633 1015 πάντες
644 907 777 990 ζήσονται
805 913 845 1014 τῷ
877 913 939 991 θεῷ
967 908 998 969 οἰ
1022 905 1098 969 οῦτω
1128 910 1291 1007 ποιοῦντες..
1341 873 1397 965 Καί

217 991 305 1057 πάλιν
326 974 426 1056 ἐὰν
397 1017 430 1055 το
447 991 581 1092 πονηρὸν
598 992 637 1075 μή
658 999 753 1096 ποιῇς
766 992 816 1055 καὶ
824 970 1009 1093 ἐγκράτεύσῃ
1031 987 1121 1064 οὖτά,
1148 991 1219 1093 ζήσῃ
1246 993 1289 1072 τῷ
1319 994 1396 1073 θεῷ·

218 1077 268 1142 καί
288 1073 394 1149 πάντες
422 1075 553 1156 ζήσονται
580 1084 621 1183 τῷ
643 1083 715 1164 θεῷ,
736 1073 801 1139 όσοι
823 1071 873 1138 ἐάν
894 1070 1000 1149 ταύτας
1026 1070 1078 1148 τάς
1105 1037 1222 1146 ἐντολάς
1250 1051 1397 1150 φυλάξάσι

219 1161 269 1224 καί
290 1164 482 1241 πορευθῶσιν
503 1157 588 1223 ἐν’
554 1168 662 1234 αυτοῖς.

665 1305 948 1371 ΕΝΤΟΛΗΘ.

303 1407 396 1508 Λέγει
411 1431 460 1487 μοι
474 1397 600 1488 Αρον’
584 1405 642 1471 απὸ
666 1409 799 1472 σεαυτοῦ1
819 1403 874 1488 τὴν
893 1408 1034 1488 διψυχίαν
1047 1404 1096 1469 καλ
1116 1402 1240 1509 μηδέν”
1223 1412 1301 1479 ολως
1313 1408 1398 1483 διψυ-

220 1488 310 1600 χήσῃς
332 1488 509 1593 αἰτήσασθαι
536 1486 615 1575 παρά
642 1499 694 1556 τοῦ
715 1498 808 1570 θεοῦ,
830 1491 920 1593 λέγων
940 1490 971 1554 ἐν
991 1494 1101 1592 σεαυτῷ
1123 1485 1168 1550 ὅτι
1188 1494 1253 1562 πῶς
1275 1486 1400 1594 δύναμαι

221 1577 399 1679 αι’τῃσασθαι
420 1573 499 1657 παρά
515 1599 566 1638 του
554 1578 688 1681 κυρίου
708 1601 758 1640 και
747 1541 920 1654 λάβεῖν,’
900 1552 1209 1655 ημαρτηκάςτοσαῦτα
1229 1573 1271 1646 εἰς
1293 1569 1399 1647 661665

222 1657 280 1740 Μή
311 1661 473 1759 διαλογξζου
509 1665 615 1739 ταῦτα,
657 1657 719 1722 ἀλλ’
752 1659 781 1733 ἐξ
819 1656 889 1762 ὅλης
916 1682 968 1738 της
994 1658 1116 1736 καρδίας
1144 1676 1197 1718 σου
1224 1621 1399 1770 ἐπίστρεψοιΞ

221 1742 268 1806 ἐπὶ
301 1737 352 1805 τὸν
372 1740 499 1847 κύριον,
542 1744 592 1806 καλ
627 1746 709 1806 αἰτοῦ
745 1740 822 1847 παρ’
853 1739 945 1805 αὐτοῦ
979 1737 1170 1818 άδιστάκτως,
1213 1740 1264 1802 καί
1282 1738 1398 1844 yv6o6¹

219 1821 273 1904 τήν
292 1821 401 1926 πολλήν
432 1822 640 1908 εἰισπλαγχνίαν
669 1824 775 1902 αὐτοῦ,
805 1823 850 1887 ὅτι
878 1822 914 1889 06
926 1820 976 1928 μή
997 1842 1029 1887 σε
1051 1824 1264 1927 ἐγκαταλίπῃ,
1273 1821 1349 1886 άλλά
1368 1819 1397 1884 τὸ

220 1910 326 1986 αἰτημα
347 1913 399 1986 τῆς
420 1914 517 2009 ψυχῆς
546 1927 601 1970 σου
600 1875 846 2013 πλῃροφοάήσει.
891 1904 956 1971 Ούκ
980 1902 1089 1971 ἐστι
1058 1932 1112 2014 γριρ
1134 1903 1174 1980 οῖς
1194 1907 1226 1969 οἰ
1245 1903 1397 1988 άνθρωποι

220 1990 251 2051 06
220 1995 523 2068 ομνῃσικακοῦντες,
545 1987 608 2053 ἀλλ’
633 1989 723 2065 αὐτὸς
744 1989 942 2093 άμγησίκακός
963 1992 1021 2054 ἐστι
1042 1992 1093 2053 καὶ
1114 1992 1331 2094 σπλαγῃνίζεται
1354 1990 1399 2053 ἐπι

220 2066 274 2152 τήν
294 2073 412 2151 ποίησιν
433 2069 533 2135 αὐτοῦ
575 2069 621 2136 Σύ
643 2066 699 2138 οὖν
718 2071 884 2181 καθάρισόμ
908 2096 962 2139 σου
984 2071 1038 2154 τήν
1058 2070 1216 2180 καρδίαν’
1199 2071 1260 2136 απὸ
1281 2073 1399 2137 πάντων

223 2161 282 2218 τῶν
296 2152 510 2262 ματαιομάτωνί
524 2181 576 2220 του
562 2156 817 2236 αἰῶνοςτούτου,
826 2159 875 2221 καί
888 2166 946 2223 τοῖν
954 2158 1167 2260 προειρημένων
1180 2175 1234 2263 σρν
1239 2157 1398 2259 ῥημάτων,

219 2240 270 2304 καί
300 2240 383 2302 αἰτοῦ
395 2235 482 2343 παρά
514 2246 566 2304 τοῦ
587 2245 708 2324 κυρίου,
736 2243 786 2305 καὶ
807 2239 900 2323 άπολή
977 2240 1087 2319 πάντα,
1115 2237 1207 2303 κάλ’
1192 2237 1252 2303 απὸ
1282 2239 1399 2342 πάντωρ

219 2329 277 2386 τοῖν
298 2320 462 2403 αἰτημάτων
483 2343 536 2387 σου
550 2321 740 2425 ἇνυστέρῃτος
761 2324 861 2430 ἐσῃ,“
844 2344 899 2390 οσα
919 2352 956 2389 αν
978 2323 1155 2399 άδιστάκτως
1176 2322 1300 2428 αἰτήσῃς
1320 2321 1396 2406 παρά

218 2414 270 2470 τοῦ
298 2409 410 2513 κηρίον.
450 2404 525 2471 Ἐάν
552 2407 689 2510 διστάσῃς
716 2410 747 2472 ἐν
732 2416 814 2509 ντῃ
838 2412 943 2495 καρδία
971 2428 1042 2513 σορ,
1072 2404 1212 2471 ούδέν’
1180 2431 1215 2470 ον
1244 2407 1285 2488 μή
1317 2407 1396 2495 λήψῃ

219 2497 278 2553 τῶν
300 2488 464 2571 αἰτημάτων
486 2512 547 2555 σου.
589 2494 677 2555 06
646 2518 701 2577 γαρ
733 2491 956 2567 διστάζοντες’
930 2517 971 2566 εις
991 2491 1042 2556 τόν
1064 2488 1148 2568 θεόν,
1170 2484 1301 2553 06106’
1274 2512 1350 2554 εισιν
1372 2493 1399 2552 οῖ

220 2576 356 2678 δίψυχοι,
379 2575 429 2677 666
450 2571 536 2637 οὐδὲν
557 2573 632 2649 ὅλως
654 2573 875 2678 ἐπιτυγχάνουσι
895 2583 954 2639 τῶν
975 2575 1138 2656 αἰτημάτων
1159 2573 1266 2637 αὐτῶν.
1309 2577 1351 2637 06
1368 2576 1397 2676 66

219 2653 359 2730 ὁλοτελεῖς
394 2654 475 2731 ὅντες
502 2658 534 2720 ἐν
561 2665 596 2744 τῃ
623 2661 716 2722 πίστει
748 2656 842 2721 πάντα
874 2661 1036 2738 αἰτοῦνται,
1067 2656 1243 2731 πεποιθότες
1271 2655 1376 2720 ἐπὶ
1350 2683 1397 2720 τον

220 2738 356 2840 κύριον,
355 2742 404 2803 καί
424 2737 670 2820 λαμβάνουσιν,
653 2767 697 2805 οτι
717 2738 894 2817 άδιστάκτως
915 2745 1072 2821 αἰτοῦνται,
1094 2740 1184 2822 μηδὲν
1196 2744 1397 2821 διψυχοῦντες

222 2826 291 2896 Πᾶς
324 2817 378 2904 γάρ
412 2821 583 2929 δίψυχος’
567 2822 657 2905 ανήρ,
686 2820 737 2887 ἐὰν
766 2822 813 2929 μή
840 2823 1018 2930 μετανοήσῃ,
1046 2826 1196 2898 δυσκόλως
1224 2822 1397 2925 σωθήσετρι.

219 2902 394 3008 Καθάρισρν
422 2901 476 2969 οὖν
495 2903 549 3008 τήν
570 2909 692 3016 καρδίαρ
723 2927 777 2971 σου
798 2904 856 2972 άπο
885 2935 937 2991 της
957 2890 1123 3008 διψυῃίας,
1146 2909 1265 2970 ἔνδυσαι
1293 2904 1376 2970 δέ
1345 2935 1397 2987 την

218 2987 377 3092 πίστιυ,”
360 3013 404 3052 οτι
426 2991 527 3093 ἰσχυρά
547 2990 619 3070 ἐστι,
642 2992 691 3054 καί
711 2993 827 3055 πίστευε
846 2999 886 3077 τῷ
908 2999 987 3078 θεῷ,
1017 2990 1062 3054 ὅτι
1082 2987 1176 3055 πάντα
1196 2989 1232 3053 τά
1253 2989 1396 3072 αἰτήματά

219 3092 289 3216 660,
320 3069 339 3134 ά
367 3073 462 3154 αἰτεῖς,
487 3070 583 3172 λήψῃ
627 3076 686 3137 Καὶ
714 3072 765 3138 ἐάν
792 3043 987 3175 αἰτησάμενός
1008 3099 1077 3139 ποτε
1103 3069 1194 3175 παρά
1212 3081 1265 3179 τοῦ
1293 3079 1397 3157 κυρίου

219 3153 325 3234 αἰτημά
345 3179 373 3215 τι
400 3153 577 3256 βραδύτερον
605 3154 769 3259 λαμβάνῃς,
792 3155 831 3240 μή
851 3156 1114 3264 διφυῃήσῃς,“
1065 3183 1108 3221 οτι
1129 3154 1199 3238 ταχύ
1220 3155 1277 3222 ούκ
1297 3159 1399 3238 ἔλαβες

196 3281 205 3291 ,.
219 3232 379 3338 τόαίτημα
399 3261 451 3340 τῃς
471 3245 619 3342 ψυηής
590 3257 661 3301 σου
691 3241 806 3317 πάντως
826 3269 881 3325 γαρ
903 3247 953 3306 δια
958 3239 1132 3346 πειρασμόν
1162 3266 1228 3304 τινα
1250 3268 1276 3322 6
1306 3240 1398 3344 παρά·

218 3315 338 3423 πτωμά
340 3342 376 3398 τι,
408 3316 424 3381 6
454 3317 491 3383 06
517 3329 646 3403 αγνοεῖς,
668 3321 845 3426 βραδύτερον
870 3324 1026 3430 λαμβάνεις
1048 3322 1081 3390 τὸ
1109 3321 1216 3406 αἰτημά
1243 3344 1306 3389 σου.
1351 3320 1398 3387 Σύ

219 3393 273 3466 οὖν
283 3397 346 3510 μή
372 3403 507 3504 διαλίπῃς
543 3405 765 3486 αἰτούμενος
737 3433 769 3473 το
800 3412 905 3490 αἴτημα
932 3416 984 3492 τῆς
1012 3417 1110 3510 ψυχῆς
1139 3428 1208 3487 σου,
1238 3409 1288 3471 καλ
1316 3407 1398 3523 λήψῃ

219 3481 412 3586 6616’1666
437 3486 468 3550 66
496 3487 657 3588 ἐκκακήσῃς
685 3491 734 3551 καὶ
757 3493 921 3598 δτψεῃήσης
942 3491 1120 3571 αἰτούμενος,
1153 3486 1275 3554 σεαυτόν
1303 3493 1398 3594 ρίτιοῗ

218 3565 330 3630 καί
294 3595 333 3649 μη
361 3565 413 3632 τόν
441 3568 559 3635 διδόντα
588 3592 643 3635 σοι.
687 3574 834 3638 Βλέπε
804 3602 858 3657 την
884 3557 1027 3682 διψυχίαν
1056 3572 1178 3654 ταύτην·
1207 3571 1322 3657 πονηρά
1343 3571 1396 3658 γάρ

218 3651 277 3713 ἐστι
297 3649 384 3714 καῖ’
368 3651 514 3754 ασύνετος,
535 3655 584 3718 καί
604 3652 729 3731 πολλοὺς
750 3657 891 3763 ἐκριζοῖ’
876 3657 934 3724 απὸ
956 3665 1008 3740 τῆς
1023 3661 1153 3733 πίστεως,
1176 3683 1224 3720 και
1215 3658 1309 3721 λίαν
1321 3661 1396 3739 ἰσγυ

218 3731 297 3818 ρούς.
341 3732 458 3795 Καὶ
428 3761 482 3817 γαρ
509 3737 582 3840 αῦτη
603 3766 633 3842 η
615 3736 767 3820 διψυχία
793 3739 905 3824 ἀδελφή
928 3743 986 3805 ἐστι
1005 3748 1058 3804 τοῦ
1079 3737 1233 3845 διαβόλου,
1262 3742 1396 3803 κοιλίαν

219 3813 408 3898 πονηρεύεται
430 3820 471 3893 εἰς
490 3817 559 3895 τούς
580 3820 704 3897 δούλους
723 3830 775 3887 τοῦ
796 3831 879 3889 θεοῦ.
923 3815 1222 3924 Καταψρόνησονούν
1242 3830 1296 3904 τῆς
1310 3827 1395 3925 διψυ·

217 3904 281 3982 χίας
299 3900 349 3962 καί
368 3906 596 3985 κατακυρίευσον
623 3903 726 3986 αὐτήςὸ
757 3907 789 3970 ἐν
819 3908 905 3971 παντί
930 3904 1090 3991 πράγματι,
1121 3903 1316 3987 ἐνδυσάμενος
1343 3903 1396 3987 τήν

269 4103 296 4168 9)
315 4120 396 4167 apogr.
417 4097 586 4172 ἀγαθωτερα
604 4112 629 4153 οι
647 4107 745 4156 τίσειαν.
873 4109 887 4158 2
916 4102 1025 4185 γνώσῃ·
1045 4109 1081 4158 sie
1095 4124 1178 4173 apogr.

271 4204 312 4267 ¹⁰)
332 4219 414 4266 ”6⁰⁸¹
430 4204 510 4266 ¹¹¹⁰¹¹¹⁰
528 4199 561 4252 ⁰¹¹
579 4198 652 4273 εἰσί·
870 4176 898 4306 ί)
917 4176 1097 4305 6606666610,
1116 4257 1189 4305 super
1204 4249 1328 4291 ιωοοεοιο
1346 4257 1393 4291 ιον.

269 4318 346 4366 Mand.
360 4318 395 4367 ΙΧ.
427 4318 598 4380 1λσεαντοῦ.
616 4333 698 4383 apogr.
712 4335 784 4384 super
849 4323 897 4407 5)
918 4322 1019 4386 αὐτῆς.
1053 4325 1076 4374 in
1102 4340 1185 4388 apogr.
1211 4324 1315 4387 primum
1345 4331 1393 4374 erat

218 4398 267 4434 000
284 4383 364 4432 deleto
387 4387 506 4436 σεαυτοῦ
523 4385 630 4448 praebet.
824 4388 925 4448 αὐτοῖς.

229 4475 235 4487 Ι
