2886 4882
133 172 193 271 sss
275 166 412 269 uenum
429 205 572 267 russos.
612 205 709 265 suen
730 204 776 265 ru.
817 204 952 266 smum.
971 202 1175 279 murum)

133 375 259 434 dominus
280 391 377 448 magua
395 372 539 433 clementie
559 388 609 429 sus
630 372 704 430 misit
726 389 778 442 mc,
798 380 829 429 nt
849 372 1045 447 poenitentiam
1056 375 1225 432 nuntiarem
1235 376 1322 433 oroni-

131 457 198 525 bus,
227 458 270 514 bis
292 458 389 526 etiem,
419 458 466 531 qui
490 473 545 513 noo
566 463 708 512 merentur
729 463 844 529 propter
864 446 950 511 lectu’
971 473 1021 512 sua
1045 458 1167 530 assequi
1189 458 1319 515 salntem.

132 538 186 597 Sed
207 540 313 614 patiens
334 549 377 597 est
394 541 531 607 bominus,
559 545 587 594 et
609 530 807 594 invitationem⁸
835 553 885 611 per
907 535 1005 594 Filium
1026 555 1108 596 suun
1134 539 1241 597 lactum
1263 543 1318 599 rult

131 620 311 680 conservare!
352 623 418 680 Dico
432 624 472 679 ei:
495 636 596 695 ,spero‚
619 620 737 687 domine,
753 620 821 687 lore,
842 611 884 675 ιιι*
905 619 1006 676 auditis
1027 621 1071 678 bis
1087 621 1218 680 universi
1237 633 1316 698 agent

131 706 333 779 poenitentiam.
379 705 467 762 Credo
490 706 570 771 euim,
589 719 822 776 unumquemque,
844 703 943 774 agnitis
966 704 1023 759 suis
1045 703 1126 760 iactis
1145 713 1177 761 et
1197 716 1312 782 eccepto

131 786 178 845 boi
195 789 301 858 timore,
325 789 359 846 ed
377 787 571 863 poenitentiam
587 782 795 858 regressurum.⁴
826 784 871 840 su
886 784 966 841 mibi:
991 787 1165 860 ,quicunque
1184 780 1233 844 ex⁸
1253 796 1309 846 toto

132 870 217 929 corde
239 871 344 944 egerint
364 870 566 945 poenitentiam,
594 874 622 923 et
644 866 848 940 purificaverint
870 884 900 924 se
922 866 956 923 ab
978 870 1051 924 omni
1074 870 1209 943 nequitia,
1244 888 1310 944 qnae

133 968 216 1028 supra
234 953 304 1010 dicte
327 961 378 1021 est,
401 960 428 1009 et
448 969 502 1008 uon
525 951 674 1007 adiecerint
695 950 783 1006 adbuc
804 949 837 1004 ad
864 949 965 1006 delicta
986 967 1035 1006 sue
1058 951 1219 1026 quicquam,
1244 956 1309 1010 acci·

131 1035 240 1109 pienta
262 1035 376 1091 Domino
399 1034 550 1090 remedium
571 1034 693 1104 priorum
717 1039 892 1106 peccatorum
914 1048 1035 1101 suorum,
1064 1033 1088 1089 si
1111 1034 1182 1090 nibil
1204 1035 1309 1092 dubita·

130 1118 220 1174 verint
241 1117 275 1174 de
295 1116 428 1173 mandetis
449 1116 508 1183 bis,
538 1121 566 1171 et
586 1114 675 1170 vivent
696 1114 760 1171 [teo.
803 1114 852 1181 Qui
878 1130 943 1170 vero
962 1115 1119 1185 adiecerint,
1151 1117 1254 1191 inquit,
1277 1120 1309 1176 sd

131 1199 230 1257 delicte
252 1215 310 1266 sue,
340 1207 367 1254 et
389 1197 540 1255 conversati
562 1197 663 1252 tuerint
684 1197 710 1252 iu
734 1197 929 1270 cupiditatibus
951 1197 1038 1254 secoli
1059 1199 1150 1267 buius,
1180 1200 1308 1275 dampne-

130 1279 199 1339 bunt
220 1298 250 1338 se
272 1281 347 1355 ipsos
368 1281 402 1337 ad
423 1271 560 1337 mortem.⁶
604 1277 643 1334 'l'u
666 1295 730 1335 tero
752 1279 905 1335 ambuleio
923 1274 1165 1349 mandetismeis,'
1188 1291 1218 1339 et
1234 1284 1308 1341 vises

132 1361 204 1430 iteo;
233 1371 260 1420 et
287 1364 442 1438 quicunque
464 1362 659 1420 ambulaverint
677 1361 705 1417 in
727 1361 778 1429 bis,
805 1371 833 1418 et
853 1370 929 1418 recte
950 1377 983 1418 ea
1003 1364 1190 1438 exercuerint,
1219 1366 1309 1424 virent

131 1443 204 1505 beo!
246 1445 393 1521 Postquain
416 1439 494 1504 vero⁸
515 1446 583 1502 baec
599 1444 689 1501 omnia
704 1445 770 1500 milri
786 1442 913 1512 ostendit,
934 1445 1068 1519 aitamibi:
1090 1440 1225 1519 ‚reliqua⁹
1246 1457 1309 1523 post

132 1529 191 1586 dies
213 1547 314 1604 paucos
336 1529 384 1587 tibi
407 1529 568 1587 ostendam!

502 1816 515 1843 ο
568 1728 793 1801 subtitubo
816 1730 875 1797 tx}

171 1889 372 1965 Aedificondoe
391 1892 536 1949 militantis
558 1901 582 1948 et
602 1889 797 1962 triompboutis
818 1890 950 1946 ecelesiae
971 1894 1103 1963 mysterio
1123 1899 1264 1954 monisse

215 2000 255 2075 (u)
276 2006 295 2060 1.
337 2005 485 2080 Postquam
514 2006 614 2081 scripsi
643 2003 767 2061 mandata
800 2012 827 2059 et
856 2005 1047 2064 similitudines
1076 2012 1198 2083 pastoris
1228 2012 1307 2081 illins,

130 2085 217 2143 nuntii
244 2089 444 2162 poenitentiae,
471 2080 559 2146 venit²
588 2090 621 2145 ad
649 2103 692 2143 roe
722 2095 750 2142 et
780 2086 845 2142 disit
872 2088 952 2145 mibi:
982 2089 1052 2157 ,volo
1074 2093 1226 2152 ostendere
1249 2095 1306 2164 tibi,

130 2185 308 2246 quaecuuque
339 2164 463 2247 spiritus⁸
489 2172 538 2229 tibi
568 2170 695 2236 ostendit,
727 2170 772 2243 qui
802 2171 828 2225 iu
857 2168 947 2244 eligio
975 2173 1108 2231 ecclcsiae
1130 2174 1245 2234 locutus
1267 2187 1307 2235 est

131 2245 243 2309 tecum.⁴
287 2255 332 2312 ille
355 2257 426 2312 enim
448 2256 560 2332 spiritus
582 2255 665 2311 l'ilius
688 2250 734 2308 Dei
762 2262 813 2308 est.
856 2251 888 2306 Et
910 2246 984 2326 quia⁶
1005 2254 1140 2314 infirmior
1161 2275 1225 2314 eres
1247 2277 1304 2316 cor·

129 2351 209 2410 porc,
240 2353 294 2393 non
323 2346 384 2395 ente
410 2355 461 2413 per
481 2329 618 2395 nuntium⁶
648 2335 814 2394 declaratum
834 2342 876 2390 cst
898 2336 963 2405 tibi,
985 2353 1066 2410 quem
1089 2337 1212 2396 firmatus
1236 2359 1303 2400 esa

130 2418 236 2493 spiritu,
258 2429 406 2495 auctusque
426 2421 537 2489 viribus,
566 2429 597 2476 ut
616 2420 696 2476 etiem
718 2420 840 2473 nuntium
868 2419 959 2490 possis
981 2419 1079 2476 ridere.
1122 2415 1211 2479 Tunc*
1234 2425 1305 2481 enirn

129 2500 200 2559 bene
224 2503 333 2576 quidem
356 2519 388 2559 no
409 2503 552 2578 magnifice
574 2501 728 2560 aedificatio
744 2500 828 2556 turris
851 2498 883 2555 nb
907 2502 1025 2557 ecclesia
1046 2503 1093 2559 tibi
1111 2512 1223 2562 ostense
1247 2515 1303 2572 est;

129 2583 179 2640 sed
206 2592 235 2640 ut
264 2603 279 2643 a
307 2588 411 2660 virgine
439 2595 589 2642 monstrata
617 2590 714 2640 crructa
742 2581 839 2637 vidisti.
882 2581 957 2639 Nuuc
987 2592 1076 2641 autem
1105 2589 1301 2661 pereuntium

130 2661 297 2733 illustraris,⁸
318 2686 368 2743 per
389 2668 505 2725 eundem
528 2667 638 2742 quidem
658 2665 791 2738 spiritum.
833 2661 886 2719 Sed
909 2674 1018 2740 oportet
1035 2675 1060 2722 te
1075 2670 1165 2725 omnia
1186 2663 1304 2745 diiig'eu·

130 2756 172 2804 ter
194 2750 288 2829 videre
295 2770 302 2817 3
330 2750 434 2827 idcirco
463 2751 534 2806 enim
557 2751 584 2805 in
610 2749 721 2805 domum
744 2737 827 2802 tunm⁹
851 2748 951 2804 missus
973 2765 1032 2805 sum
1055 2749 1178 2809 babitare
1199 2753 1233 2809 ab
1256 2754 1303 2811 illo

130 2832 226 2886 nuntio
248 2833 413 2899 venerando,
440 2839 478 2899 ut,
500 2848 561 2888 cnm
591 2830 680 2886 omnia
704 2836 833 2901 potenter
854 2829 963 2899 videris,
986 2832 1053 2888 nibil
1074 2841 1103 2888 ut
1123 2835 1201 2908 prius
1223 2851 1303 2912 ospa-

130 2910 242 2969 vescas.‘
285 2913 318 2969 Et
348 2915 422 2971 duxit
448 2931 491 2972 me
521 2915 547 2969 in
576 2927 720 2968 ascensum
749 2910 850 2966 montis
873 2907 1041 2982 Arcadiae3¹⁰
1070 2923 1097 2970 et
1125 2917 1303 2976 consedimus

131 2996 328 3071 incacnmiuc
358 2998 426 3054 cius.
470 2996 504 3052 lit
530 2994 650 3052 ostendit
678 2993 744 3048 mibi
774 3009 897 3066 campum
926 3013 1060 3069 maguum,
1089 3006 1117 3053 ct
1143 2999 1216 3056 circe
1239 3018 1303 3058 eum

131 3077 275 3134 duodecim
297 3088 413 3146 montes,
436 3081 587 3151 elisitque
611 3068 683 3132 alia¹¹
707 3075 805 3148 figura.
849 3076 968 3145 Quorum
994 3080 1097 3152 primus
1120 3081 1197 3156 niger
1219 3075 1304 3140 erst¹’

180 3283 206 3349 2)
224 3289 281 3350 poio
298 3291 375 3335 motos
395 3286 500 3335 domiuus
518 3289 543 3334 iu
560 3299 644 3347 mopso
655 3299 697 3333 sno
733 3288 788 3335 lictu
807 3302 851 3336 soc
868 3296 890 3335 et
908 3292 1010 3337 cmioersi
1027 3292 1121 3351 (nuent
1139 3293 1163 3338 irs
1178 3293 1303 3342 desideriis

129 3354 250 3403 eternemio
271 3357 336 3404 misit
356 3368 391 3403 ore
413 3361 436 3402 ut
457 3354 607 3417 penitentium
624 3353 697 3401 omni·
732 3353 802 3404 linior
815 3356 1055 3419 seculidompnobnnt
1069 3359 1239 3409 seodmortem
1252 3359 1302 3411 Vnt

129 3420 172 3470 bos
190 3422 307 3472 deremet
328 3422 420 3486 quidem
437 3421 577 3486 quibusdem
590 3434 636 3468 uon
648 3434 696 3467 ure·
783 3422 810 3484 1)
829 3422 864 3470 ltu
882 3421 932 3470 Pal.
950 3422 1009 3485 Vnt,
1028 3424 1083 3472 istis
1103 3424 1165 3488 vulg.

129 3491 232 3540 rentibus
250 3498 344 3555 propter
359 3493 426 3552 [octo
444 3488 494 3538 vu.
783 3490 809 3551 δ’)
828 3492 889 3537 eninr
906 3489 956 3537 Vnt.

180 3556 207 3618 ³)
225 3562 374 3608 mutationem
390 3557 441 3607 Vnt.
782 3557 809 3617 bl
828 3556 922 3620 delique
941 3563 1018 3606 sertem
1035 3555 1087 3606 Vnt.

180 3622 207 3685 d)
226 3627 448 3688 quoniomp.sore
469 3631 494 3674 ot
513 3625 578 3683 Vnt,
607 3623 631 3671 iu
651 3624 696 3671 fine
783 3624 841 3673 Sim.
860 3623 896 3672 tx.
935 3623 958 3685 1)
978 3623 1111 3675 Similitudo
1128 3625 1154 3676 X.
1173 3627 1197 3675 in
1216 3628 1266 3676 tior.

129 3696 198 3754 opert
216 3693 377 3754 penitentium.
783 3691 811 3747 2)
829 3689 914 3739 Pastor
934 3689 975 3740 ille
993 3693 1090 3741 nuntius
1108 3693 1278 3756 poenitentiae.

180 3756 206 3821 5)
226 3758 314 3821 Recepi
332 3774 362 3807 en
381 3767 442 3808 noct.
462 3760 511 3809 Pel.
529 3760 578 3809 tsi.
597 3766 620 3808 et
638 3757 695 3808 Feb.
781 3757 810 3820 3)
830 3757 933 3819 Spiritus
951 3758 1007 3817 Dei,
1031 3760 1046 3809 i.
1065 3775 1086 3809 s.
1106 3761 1181 3810 titios
1199 3762 1257 3819 uei,
1275 3763 1298 3812 io

130 3826 172 3886 St,
191 3824 256 3890 quod
273 3825 334 3874 mori
351 3825 478 3888 scriptoris
495 3826 581 3877 melius
593 3840 695 3890 respon·
731 3824 866 3874 visionibus
881 3839 925 3886 per
938 3826 1036 3886 ligurum
1048 3826 1171 3878 Ecclesiae
1186 3829 1300 3891 mysteria

130 3893 178 3954 det,
197 3906 267 3957 quam
285 3892 434 3954 nudusnbl.;
453 3892 696 3944 CodiciVat.e1cidit
729 3907 772 3942 sun
793 3891 895 3940 Hermes
915 3894 1039 3956 apernisse
1064 3895 1224 3946 contenditur.
1250 3895 1299 3945 Cir.

129 3975 181 4024 seq.
202 3975 272 4024 pron.
284 3975 352 4024 quoe,
374 3959 476 4009 subinde
493 3975 540 4010 scr.
560 3961 695 4023 semediata
729 3960 777 4008 Vis.
796 3959 820 4017 4,
840 3959 871 4008 1.:
896 3959 936 4007 ubi
947 3960 1062 4011 Dominus
1079 3962 1241 4012 revelationes
1255 3978 1300 4026 per

130 4033 184 4077 rent
201 4034 222 4076 ct
241 4042 288 4077 non
305 4029 452 4085 adiecerunt,
478 4034 526 4075 turn
548 4033 696 4089 peccatorum
729 4027 851 4077 ecelesiam
869 4025 1004 4077 ostendisse
1017 4027 1111 4079 dicitur.
1133 4031 1201 4079 Nunc
1214 4029 1299 4080 Psstor
1322 4064 1334 4086 .

129 4108 223 4143 suorum
239 4097 375 4157 primorum,
394 4107 448 4143 mox
458 4095 516 4142 meis
528 4108 552 4156 p.
562 4094 606 4142 bis.
625 4094 697 4142 Fort-
730 4093 813 4144 eodem
838 4108 883 4156 per
912 4094 1012 4155 flpirsm
1041 4100 1112 4146 turris
1139 4098 1298 4155 aedificandos

127 4160 189 4210 ossis
203 4160 356 4212 scribendum
368 4163 405 4210 bis
418 4161 537 4210 mondotis
548 4162 612 4208 umis.
634 4160 695 4208 ller-
729 4162 784 4219 (cir.
803 4161 864 4210 iutra
875 4177 895 4211 c.
912 4160 1001 4225 depo.)
1019 4163 1121 4212 Hermae
1139 4163 1252 4213 ostendit.
1270 4164 1298 4214 11.

128 4238 181 4276 mae
200 4225 332 4278 doctrinam
349 4226 575 4292 praedestinationis
591 4225 696 4287 dogmati
729 4228 803 4277 Vertit
830 4244 927 4292 quoquc
945 4228 1102 4280 Gallicciolii:
1131 4229 1216 4291 lloglio
1243 4231 1299 4281 [arti

128 4303 177 4341 non
195 4293 287 4354 lutere,
305 4295 344 4344 bic
363 4311 459 4361 quoque
477 4295 546 4344 locus
565 4291 632 4342 testis
651 4299 695 4341 est.
728 4293 853 4345 intendere
879 4296 1004 4358 cbeunqus
1030 4295 1054 4344 lo
1073 4296 1164 4359 Spirito
1183 4296 1200 4346 ti
1218 4296 1298 4347 elimo-

178 4358 206 4422 n)
226 4357 270 4412 Qui
287 4376 339 4412 cero
356 4364 435 4428 iupnit
452 4361 580 4414 adiecerint
604 4359 635 4410 od
652 4359 694 4409 dc·
729 4364 788 4411 stro.
823 4361 897 4412 iliter
914 4362 977 4424 Pit,
1001 4361 1042 4412 nbi
1060 4362 1149 4414 babes:
1179 4363 1232 4414 l'olo
1252 4366 1297 4413 tibi
