2886 4882
282 247 575 307 amanuensem.
604 248 702 321 ethna
717 250 748 306 ll.
778 252 923 311 nauale.
939 254 983 313 lx.
1005 251 1049 328 (Β)
1184 255 1248 315 467

74 417 153 485 veris,
167 415 402 490 quemadmodum
424 415 515 488 possis
537 415 639 488 aliquid
662 424 756 488 petere
778 424 825 472 aut
844 417 999 490 impetrare,
1022 437 1083 477 eum
1097 430 1149 479 um
1164 424 1247 480 multa

73 502 238 574 peccaveris.
281 499 342 554 Noli
363 498 474 571 quidem
496 498 564 554 haee
586 499 716 571 cogitare,
739 499 788 555 sed
810 515 843 555 ex
863 506 921 554 toto
945 499 1034 556 animo
1056 503 1090 558 ad
1103 503 1245 564 bominum

73 590 148 639 tuum
171 591 318 649 revertere,
341 589 369 637 et
389 597 455 653 roga
478 580 551 636 illum
573 580 633 635 siue
654 581 833 641 haesitatione
855 590 882 638 et
896 579 1101 658 deliberatione,
1117 594 1144 641 et
1157 590 1246 645 statim

74 656 239 739 eognosces'
267 664 377 720 multam
404 664 619 719 misericordiam
647 663 734 730 illios,
763 664 902 738 quomodo
930 672 957 720 te
985 681 1042 720 non
1072 671 1247 742 contempnit,

73 748 123 803 sed
151 749 255 803 animae
286 756 347 803 tuae
378 746 542 802 desiderium
575 746 677 820 implet.
729 747 789 803 Non
819 756 862 804 est
891 747 963 804 enim
992 747 1063 803 bens
1093 748 1247 806 hominihus

73 830 177 897 similis,
202 831 246 903 qui
268 831 428 886 iniuriarum
451 845 585 885 memores
608 837 680 897 sunt,
705 831 754 886 sed
777 831 836 904 ipse
857 829 1004 887 exorabilis
1026 837 1067 885 est
1089 825 1144 900 [et]
1168 833 1247 888 mise·

72 921 149 968 retur
172 914 250 986 operi
275 931 335 969 suo.
379 910 452 967 Unde
476 920 504 966 tn
525 912 577 967 iam
599 912 700 968 munda
723 915 838 969 animam
859 922 931 969 tuam
953 912 987 969 ab
1010 911 1136 969 omnibus
1150 916 1247 970 venite·

72 995 144 1051 tibus
167 996 247 1051 huius
269 994 355 1051 seculi
376 1003 404 1050 et
425 994 458 1050 ab
481 994 532 1062 bis,
557 1011 625 1066 quae
646 995 694 1052 tibi
717 996 798 1070 paulo
821 1004 883 1052 ante
901 1004 1048 1070 praecepta
1069 1004 1140 1052 sunt
1183 995 1248 1053 Pete

72 1079 221 1133 altemino
245 1079 401 1152 petitionem
423 1094 482 1134 cum
506 1076 569 1144 lide,
603 1085 631 1133 et
660 1079 764 1148 omnia,
789 1096 857 1151 quae
887 1080 1064 1153 poposceris,
1096 1080 1193 1145 crede,
1222 1088 1249 1136 et

73 1161 260 1233 consequeris.
303 1162 331 1216 Si
352 1168 442 1217 autem
464 1160 557 1232 aliqua
587 1159 746 1218 deliberatio
770 1178 819 1218 eor
850 1170 926 1218 tuum
956 1164 1153 1236 penetraverit,
1181 1162 1248 1218 nihil

72 1261 105 1300 en
127 1245 176 1312 eis,
198 1261 267 1317 quae
289 1244 372 1317 petis,
402 1242 568 1317 impetrabis.
609 1243 675 1299 Nam
704 1247 751 1318 qui
780 1246 814 1300 de
836 1244 891 1301 beo
923 1245 1070 1313 deliberat,
1100 1245 1200 1319 duplici
1223 1255 1249 1301 et

72 1325 137 1381 ficto
160 1328 248 1382 animo
271 1335 320 1392 est,
344 1334 371 1382 et
393 1326 460 1381 nibil
481 1333 600 1399 unquam
617 1343 648 1382 ex
664 1328 712 1396 eis,
736 1343 805 1400 quae
825 1328 902 1402 petit,
918 1327 1053 1401 impetrat
1095 1328 1145 1396 uui
1158 1336 1246 1386 autem

73 1407 127 1464 lide
149 1409 229 1482 plena
257 1417 283 1466 et
311 1410 417 1484 integra
449 1409 539 1464 onmia
560 1416 657 1481 petunt
679 1408 796 1465 fidentes
818 1410 844 1463 in
865 1408 930 1475 neo,
951 1417 1157 1482 consequentur
1179 1427 1247 1484 quae

72 1500 177 1565 rogant,
199 1492 262 1566 quia
286 1509 340 1547 non
363 1494 390 1546 in
413 1491 601 1558 haesitatione,
624 1506 714 1562 neque
729 1488 822 1546 lictum
843 1491 992 1563 cogitantes
1007 1499 1112 1565 petunt
1155 1492 1247 1548 Omnis

72 1575 142 1630 enim
164 1573 244 1631 hctus
267 1575 317 1629 nisi
339 1573 534 1646 poenitentiam
557 1572 638 1626 huius
661 1571 751 1627 delicti
773 1571 816 1627 sui
831 1571 926 1644 egerit,
949 1570 1059 1628 difficile
1075 1572 1171 1648 salvus·
1188 1574 1248 1630 erit.

71 1655 171 1713 llunda
193 1657 275 1727 igitur
298 1656 411 1709 animam
433 1661 504 1709 tuam
528 1653 638 1709 abhoc
661 1652 760 1711 delicto
788 1663 816 1710 et
836 1654 918 1710 indue
946 1652 1043 1723 iidem,
1072 1671 1141 1728 quae
1170 1655 1248 1713 fortis

72 1748 123 1807 est,
146 1746 174 1795 et
196 1737 278 1792 erede
308 1736 397 1791 omnia
424 1736 560 1793 desideria
590 1744 635 1794 tua
665 1744 691 1792 te
714 1754 729 1792 a
750 1736 806 1793 lieo
828 1737 1042 1808 impetraturum.
1085 1736 1117 1793 Et
1139 1739 1248 1812 quando

72 1820 163 1893 aliqua
184 1819 281 1892 petitio
303 1827 348 1874 tua
371 1835 386 1874 a
407 1818 520 1875 Domino
544 1819 591 1875 tihi
613 1819 717 1878 tardius
739 1827 907 1894 praestatur,
936 1819 991 1876 noli
1022 1819 1144 1893 fatigari,
1174 1821 1249 1896 quod

73 1903 107 1958 ad
130 1892 236 1957 boram⁸
259 1919 312 1958 non
337 1909 502 1958 consecutus
523 1902 578 1969 sis;
599 1900 714 1960 lorsitan
742 1904 814 1960 euim
837 1911 883 1958 aut
910 1911 1025 1976 propter
1045 1903 1247 1976 temptationem

73 1984 199 2057 aliquam,
223 1984 407 2058 autaliquem
429 2001 552 2041 errorem
574 1992 659 2054 tuum,
682 1978 775 2060 quem⁴
797 1987 855 2059 ipse
878 1985 1003 2059 ignoras,
1025 1985 1130 2041 tardius
1152 2003 1248 2045 conse·

72 2068 165 2140 queris
187 2067 261 2142 quod
292 2069 373 2142 petis.
418 2068 456 2123 Tu
480 2076 570 2125 autem
591 2068 649 2125 noli
672 2067 865 2135 intermittere,
888 2084 943 2142 qino
972 2069 1061 2124 minus
1088 2085 1249 2141 perseveres

72 2158 166 2222 petere
189 2150 293 2206 animae
315 2157 377 2205 tuae
400 2150 573 2217 desiderium,
596 2159 624 2207 et
645 2151 803 2225 impetrabis
828 2150 909 2216 illud,
939 2165 1000 2204 nam
1023 2151 1046 2204 si
1071 2149 1248 2209 haesitaveris

72 2233 98 2287 in
121 2233 266 2305 petitione,
297 2232 330 2287 de
358 2240 383 2288 te
412 2224 557 2304 queraris,5
586 2249 641 2287 non
664 2232 696 2288 de
720 2251 773 2300 eo,
795 2233 840 2304 qui
864 2232 928 2287 dare
957 2232 1105 2286 consuevit.
1148 2234 1247 2290 lterum

44 2313 54 2328 ’“
72 2315 110 2369 ait
130 2314 211 2369 mihi:
240 2314 294 2369 hoc
316 2322 470 2385 peccatum,
500 2312 637 2386 duplicem
666 2315 754 2369 animo
776 2331 853 2377 esse,
886 2311 982 2367 malum
1013 2320 1054 2367 est
1083 2321 1110 2369 et
1130 2315 1249 2383 stultum,

73 2405 100 2453 et
121 2396 221 2452 multos
244 2413 259 2449 a
282 2394 335 2451 [ide
365 2395 494 2450 radicitus
523 2394 627 2462 euellit,
656 2411 818 2466 quamquam
847 2400 874 2448 et
897 2391 993 2448 fideles
1022 2401 1049 2448 et
1070 2393 1157 2450 fortes
1179 2397 1249 2464 sint3

74 2474 146 2552 quia'
161 2478 228 2533 baec
251 2476 394 2533 haesitatio
418 2475 472 2531 tilia
495 2468 611 2532 diaboli⁶
633 2482 689 2544 est,
713 2484 740 2531 et
767 2475 842 2530 valde
864 2490 894 2530 se
917 2475 1043 2545 nequiter
1071 2483 1127 2546 agit
1153 2475 1179 2530 iu
1203 2476 1248 2533 liei

73 2577 178 2617 servos.
202 2559 368 2633 Contempne
390 2575 456 2632 ergo
481 2558 532 2627 illa,
554 2567 580 2614 et
600 2558 726 2633 superior
748 2549 810 2612 illis'
834 2565 903 2620 esto,
926 2564 953 2611 et
973 2556 999 2610 in
1022 2557 1094 2611 omni
1117 2564 1179 2612 actu
1203 2567 1248 2615 tuo

157 2664 355 2744 *Καθάρισον
373 2656 427 2729 οὖν
443 2664 497 2746 τὴν
510 2668 636 2749 καρδίαν
644 2685 699 2729 σου
714 2644 772 2727 άπδ
785 2663 1000 2744 τῆςδιψοχίάς·
1022 2662 1141 2725 ἔνδυσαι
1148 2661 1181 2764 δὲ
1193 2660 1250 2765 τὴν
1274 2721 1277 2727 ,

73 2754 180 2826 πίστιν,
202 2749 248 2814 ὅτι
270 2748 371 2831 ἰσχυρά
392 2750 464 2826 ἐστι,
489 2752 539 2812 καὶ
557 2752 673 2813 πίστευε
694 2754 734 2833 τῷ
759 2751 838 2832 Θεῷ,
857 2745 904 2810 δτι
929 2744 1026 2810 πάντα
1052 2742 1088 2808 τὰ
1108 2747 1250 2826 alsqparor

74 2855 135 2911 σου,
157 2832 176 2896 ά
198 2837 274 2920 αἰτῇ,
295 2831 386 2920 λήψῃ.
430 2834 489 2895 Καὶ
510 2831 561 2896 ἐάν
582 2829 774 2914 αἰτησάμενός
793 2855 862 2893 ποτε
880 2827 959 2913 παρά
986 2835 1040 2894 τοῦ
1071 2831 1175 2909 κυρίου
1204 2831 1249 2892 αἶ’-
1355 2900 1362 2910 .

75 2914 149 2997 τημά
170 2943 206 2994 τι,
228 2918 278 2980 καὶ
300 2914 353 2996 [μὴ
373 2913 545 3003 ἀπολήψῃ,
567 2913 606 2998 μὴ
629 2914 816 3021 διψνχνῐσεις,
838 2912 884 2977 ὅτι
904 2911 1003 2995 τάχιον
1023 2909 1078 2975 οὐκ
1099 2911 1249 3014 άλαβεςτδ

75 3003 181 3079 αἴτημα
202 3008 254 3081 τῆς
274 3008 373 3080 ψυχῆς
394 3020 461 3062 σου·
484 2998 600 3074 πάντως
617 2996 673 3082 γάρ
695 3001 745 3060 διά
764 2994 925 3077 πειρασμόν
944 3021 1009 3060 τινα
1027 2991 1048 3074 ἢ
1068 2997 1250 3076 παραπτωμά

74 3108 111 3159 τι,
133 3081 150 3146 δ
172 3080 208 3146 σά
228 3082 357 3166 ἀγνοεῖς,
380 3080 436 3146 οὐκ
455 3083 561 3164 ἔλαβες.
604 3080 651 3146 Σὺ
671 3072 726 3144 οὖν
747 3078 786 3160 μὴ
809 3083 943 3158 διολίπης
964 3075 1119 3159 εδμόμονος
1143 3075 1176 3141 τδ
1207 3079 1250 3141 οδ-

74 3191 149 3246 τημο
169 3174 222 3246 τῆς
242 3173 341 3246 ψυχῆς
362 3186 426 3240 σου,
448 3166 503 3240 ἕως
525 3159 561 3228 οὗ
583 3162 724 3251 ἀπολήψῃ
746 3160 827 3227 αὐτό.
866 3141 941 3226 Ἐάν
961 3162 994 3225 δὲ
1017 3160 1180 3246 lacendum
1199 3161 1251 3225 trel

76 3250 242 3355 διψοχήσμς
266 3246 453 3327 αἰτούμενος,
481 3246 585 3312 ἑαυτὸν
613 3251 711 3324 αἰτιῶ,
740 3247 789 3311 ost
816 3243 856 3348 μὴ
884 3246 935 3311 τὸν
962 3242 1081 3310 διδόντα
1101 3264 1157 3308 σοι.
1182 3291 1188 3306 .
1212 3291 1250 3308 ..

77 3332 169 3395 Βλέπε
191 3357 246 3396 ουν
264 3329 317 3412 τὴν
339 3333 480 3410 διψοχίαν
500 3329 623 3412 ταύτην·
654 3328 769 3410 πονηρά
786 3355 842 3412 γάρ
870 3329 930 3394 ἔστι
948 3331 998 3393 sal
1027 3324 1180 3402 άσύνετος,
1203 3329 1251 3390 acl

77 3412 201 3489 πολλοὺς
223 3416 332 3495 ἕκριζοῖ
347 3411 406 3476 άπὸ
428 3420 481 3493 τῆς
500 3416 631 3495 πίστεως,
655 3416 705 3476 καί
725 3416 833 3495 μελίαν
845 3410 966 3485 πιστοὺς
983 3414 1033 3475 καὶ
1046 3407 1190 3490 ἰσχυρούς.
1213 3457 1219 3471 .
1244 3458 1250 3473 .

160 3528 422 3633 ’[Κοιταφράννμσον
446 3522 501 3591 οὖν
523 3527 614 3609 αὐτῆς
635 3529 667 3592 ἕν
687 3530 773 3592 παντὶ
793 3527 953 3611 πράγματι,
982 3527 1177 3610 ἐνδυσάμενος
1198 3527 1252 3612 τὴν

77 3614 175 3674 πίστιν
193 3610 246 3692 τὴν
274 3614 393 3693 ἰσχυραν
420 3613 469 3675 καὶ
496 3609 638 3692 δυνατήν·
666 3609 688 3692 ἦ
716 3608 770 3695 γάρ
797 3613 894 3685 πίστις
920 3607 1016 3673 πάντα
1044 3613 1251 3696 ἐπαγγέλλεται,

78 3691 173 3757 πάντα
193 3702 308 3757 aelewi·
328 3694 350 3776 ἡ
372 3695 404 3758 δὲ
423 3698 554 3776 διψνχίν,
575 3692 616 3797 μὴ
638 3690 887 3758 κατοπιστεάουοοι
906 3690 1022 3775 ἑαυτὴν,
1043 3694 1160 3782 πάντων
1181 3693 1252 3759 ιἰπο-

79 3774 210 3858 censivae
233 3777 323 3860 ἔργον
344 3775 443 3858 αὐτῆς,
463 3771 505 3842 ὧν
525 3798 655 3861 πράσσει.
678 3825 685 3839 .
707 3826 715 3842 .
738 3824 745 3838 .

134 4012 176 4072 lb)
195 4013 226 4062 cd
246 4026 422 4076 seruorpcum
441 4016 515 4063 seruis
531 4013 582 4063 lat.
607 4013 658 4062 Lo·
737 4010 764 4073 4)
782 4025 852 4074 quom
866 4008 917 4059 Pal.

79 4095 134 4130 cum
152 4079 233 4128 laudat
250 4079 361 4128 Athenas.
386 4079 503 4130 debeor.
521 4080 572 4130 Nic.
590 4079 648 4141 Syn.
735 4101 763 4163 5)
782 4100 842 4149 Nam
863 4103 884 4150 „-
901 4102 1058 4151 pwpapm,
1075 4103 1100 4149 a„
1117 4104 1253 4164 „aaronem

82 4161 105 4196 n.
123 4148 146 4196 t·
171 4147 198 4195 t·
212 4146 233 4223 ‚¹·
252 4160 276 4209 u·
296 4147 353 4196 ²¹¹·
684 4169 712 4217 ae
732 4174 753 4216 o
772 4169 878 4232 quoae
897 4167 956 4228 eu,
974 4168 1014 4231 qu
1033 4167 1120 4216 aenae
1136 4180 1184 4217 ια.
1204 4170 1251 4219 eoo

134 4212 177 4275 l'll
194 4228 247 4262 etus
265 4213 316 4261 Vnt.
685 4250 709 4298 p.
728 4236 756 4283 de
772 4249 808 4283 eo.

132 4325 161 4387 2)
180 4328 304 4388 copuoscis
322 4325 374 4374 Pel.
732 4325 761 4388 dl
781 4325 876 4374 diaholo
895 4325 945 4376 Pal.

135 4390 165 4456 3)
183 4394 215 4441 ιδ
232 4394 291 4443 hore
309 4390 359 4439 Pal.
736 4392 763 4456 l)
780 4393 826 4440 itta
842 4394 894 4444 Pal.

992 4473 1047 4523 30·
