2886 4882
360 227 484 287 lClithl
505 227 668 287 crissoto
692 229 734 284 hii
756 227 921 287 nouenos,
948 228 991 288 Vl.
1012 227 1067 289 vti.
1251 228 1305 293 l'il

401 429 441 485 Vl.
482 429 570 489 Morte
590 447 653 488 meo
673 447 770 488 ocrem
789 432 875 487 uitem
896 448 1041 504 assequor.

213 547 286 604 Nihil
313 547 379 604 mihi
407 546 560 621 proderunt
588 548 696 604 termini
726 546 833 615 mundi,
865 564 955 621 neque
986 548 1065 604 huius
1103 551 1188 607 seculi
1214 567 1307 626 regua.

130 632 256 688 Praestat
276 631 351 699 mihi,
373 632 400 686 in
414 630 593 687 lesuChristo
615 633 693 699 mori,
717 647 796 704 quam
819 628 919 686 linibus
941 640 1029 687 terrae
1051 633 1195 706 imperare.
1228 635 1307 704 ‚Quid

130 716 205 771 enim
225 715 340 789 prodest
361 714 477 780 homiui,
507 715 529 769 si
551 715 705 770 universum
727 714 856 769 mundum
878 714 1007 783 lucretur,
1031 715 1134 773 animae
1155 734 1221 774 vero
1243 735 1308 776 suae

131 799 325 854 detrimentum
347 793 497 872 patiaturi‘
526 796 601 852 illum
625 813 738 870 quaero,
762 798 806 870 qxxi
829 797 983 870 pronubis
1006 807 1129 855 mortuus
1152 807 1213 868 est3
1235 800 1309 858 ilium

130 881 202 950 volo,
224 882 271 955 qui
292 888 407 955 propter
429 896 480 936 nos
503 882 661 939 resurrexit.
695 880 751 935 lloc
771 881 834 936 mihi
857 881 960 937 lucrum
984 881 1129 955 impendet.
1172 883 1309 957 ignoscite

131 964 208 1032 mihi,
232 962 345 1020 iratres!
376 962 415 1019 lie
436 980 478 1019 me
499 964 589 1019 vivere
605 963 773 1038 impedietis3
794 980 828 1020 ne
850 964 937 1020 velitis
958 981 1001 1021 me
1024 966 1109 1032 mori3
1131 967 1232 1022 mellei
1246 982 1308 1024 esse

132 1048 287 1121 cupientem
311 1046 413 1103 mundo
435 1064 469 1101 ne
491 1045 613 1102 tradatis.
657 1046 742 1102 Sinite
764 1064 806 1102 me
829 1064 926 1120 purum
956 1047 1045 1104 lumen
1075 1051 1232 1123 percipere3
1262 1049 1309 1107 uhi

132 1131 198 1186 illuc
219 1131 363 1197 advenero,
384 1130 466 1185 homo
488 1128 536 1184 [tei
559 1146 616 1185 ero.
651 1129 796 1186 Concedite
818 1131 883 1187 milii
906 1132 1067 1188 imitatorem
1089 1149 1150 1188 esse
1172 1133 1309 1206 passionis

133 1214 181 1269 liei
203 1214 267 1270 mei.
295 1213 323 1268 Si
346 1214 406 1286 quis
428 1211 500 1268 illum
523 1213 550 1267 in
573 1212 665 1285 seipso
688 1213 778 1280 hahet,
802 1213 931 1287 intelligat
953 1214 1018 1288 quid
1040 1215 1127 1278 velim,
1150 1225 1177 1271 et
1200 1216 1310 1272 commi·

131 1303 260 1353 serentur
279 1297 341 1364 mei,
360 1297 451 1352 sciens
474 1311 544 1368 qnae
566 1311 609 1352 me
632 1304 780 1352 coarctent

292 1494 347 1555 Vll.
390 1496 463 1556 lieri
487 1497 622 1562 desidero,
645 1513 711 1554 nom
732 1514 811 1554 einer
832 1513 909 1553 meos
929 1497 1081 1572 crucifixos
1103 1505 1149 1556 eet.

216 1632 349 1706 Princeps
370 1631 451 1686 huius
473 1630 559 1687 seculi
581 1648 677 1705 rapere
699 1648 742 1688 me
762 1630 834 1699 vuit,
862 1647 1003 1704 meamque
1026 1647 1090 1704 erga
1112 1631 1194 1688 ileum
1217 1631 1309 1690 volun·
1330 1625 1334 1632 ’

133 1724 217 1772 tatem
239 1729 425 1787 eorrumpere.
466 1713 551 1769 Nemo
575 1731 642 1788 ergo
665 1724 791 1782 vestrum,
815 1715 861 1788 qui
884 1714 994 1781 adestis,
1018 1714 1090 1770 illum
1110 1714 1231 1783 adiuvet3
1254 1716 1308 1774 mei

132 1799 235 1873 potius,
258 1797 286 1854 id
308 1806 351 1854 est
371 1797 427 1865 liei,
448 1796 612 1853 efficiamini.
654 1798 712 1854 lion
735 1797 878 1871 loquimini
901 1796 988 1854 lesum
1010 1797 1155 1868 Christum,
1176 1800 1307 1858 urendum

132 1882 369 1954 concupiscentes.
413 1879 511 1935 invidie
545 1880 571 1935 in
595 1881 671 1937 vohis
699 1898 733 1937 ne
762 1880 873 1936 habitet
916 1880 1027 1954 Neque,
1056 1883 1079 1937 si
1102 1899 1153 1955 ego
1176 1880 1309 1956 praeseus

133 1981 181 2020 vos
206 1981 321 2033 orarem,
344 1964 463 2020 credatis
480 1962 562 2030 mihi3
585 1964 738 2038 hispotius.
761 1981 831 2037 quae
845 1962 921 2020 vohis
936 1964 1037 2032 scribo,
1061 1966 1183 2021 credatis.
1212 1967 1309 2023 Vivens

135 2047 208 2104 enim
229 2047 320 2103 scribo
342 2047 429 2115 vobis,
450 2048 519 2122 mori
544 2047 711 2104 desiderans.
751 2050 833 2102 Amor
854 2063 931 2103 meus
955 2047 1100 2104 crucifixus
1123 2056 1173 2117 est,
1195 2066 1246 2104 nec
1267 2057 1310 2106 est

135 2132 162 2187 iu
185 2146 229 2186 me
252 2131 323 2204 ignis
350 2130 477 2186 materiae
500 2145 608 2198 amens3
636 2131 685 2187 sed
715 2134 806 2186 vivens
835 2139 863 2184 et
890 2131 1005 2203 loquens
1034 2148 1102 2204 aqua
1133 2133 1158 2187 in
1187 2149 1229 2188 me
1257 2140 1308 2196 est,

135 2213 199 2270 mihi
222 2213 337 2270 interius
360 2213 469 2269 diceus:
491 2213 551 2268 veni
575 2214 608 2270 ad
631 2213 747 2271 Patrem.
790 2213 848 2268 Non
872 2213 995 2270 delector
1016 2214 1143 2269 alimento
1173 2214 1307 2287 corrupti·

134 2296 191 2365 hili,
213 2312 304 2370 neque
325 2295 506 2371 voluptatibus
529 2295 609 2353 huius
631 2296 732 2354 mundi.
759 2297 859 2352 Panem
881 2296 927 2351 [tei
948 2295 1018 2364 volo,
1040 2312 1137 2369 panem
1152 2296 1308 2362 coelestem,

135 2396 234 2454 penem
255 2379 333 2449 vitae,
355 2380 464 2452 quiesi
486 2396 551 2435 caro
574 2380 635 2436 lesu
654 2380 767 2446 Christi,
789 2376 838 2433 lilii
860 2377 924 2444 liei,
949 2379 996 2450 qui
1017 2379 1164 2450 posteriori
1184 2386 1308 2451 tempore

136 2463 293 2520 exsemine
314 2462 443 2519 liavidet
464 2461 598 2518 hhrsixam
620 2463 708 2518 iactus
730 2468 786 2533 est;
816 2467 841 2514 et
865 2467 958 2532 potum
980 2461 1028 2516 liei
1050 2459 1127 2527 volo,
1151 2461 1308 2532 sanguinem

136 2547 231 2622 ipsius,
254 2546 300 2619 qui
323 2554 366 2602 est
387 2546 505 2602 charitas
528 2542 744 2620 incorruptibilis
766 2552 794 2600 et
813 2543 866 2598 vita
887 2542 1024 2617 perennis.

137 2924 260 2976 smithius.
282 2923 426 2976 Posticulum
439 2923 617 2975 tuentnretiam
630 2921 707 2974 Codd.
741 2923 804 2973 hunc
828 2921 908 2973 locum
936 2921 1074 2987 conscripta
1094 2918 1210 2985 (Coburgi
1235 2920 1311 2987 iste)

136 2992 360 3043 hissirecens.
376 2992 544 3056 interpolatae.
741 2999 765 3041 et
793 3005 846 3041 cum
876 3005 905 3040 eo
935 2990 1085 3054 Spreugems
1111 2988 1243 3054 (Theseus.
1268 2990 1310 3041 liei

188 3061 215 3123 4)
233 3061 350 3110 Exhibeut
366 3060 430 3110 huuc
447 3061 527 3110 locum
546 3061 599 3123 Syr.
615 3059 644 3119 l.‚
663 3073 707 3108 nec
741 3059 836 3109 Patrist.
862 3059 887 3116 l.
910 3056 985 3118 470.)
1014 3058 1128 3120 lgnstium
1164 3057 1194 3105 ed
1222 3056 1310 3106 Christi

137 3144 187 3179 uon
216 3128 374 3191 irsgmeutum
397 3129 450 3191 Syr.
473 3128 582 3192 Dionysii
599 3128 706 3191 hreope-
740 3126 812 3176 verbe
841 3126 866 3175 in
892 3125 932 3175 Er.
961 3126 1042 3174 iosun.
1060 3126 1088 3185 i,
1105 3125 1145 3175 38.
1176 3123 1311 3188 respexisse

138 3198 200 3260 gilae
219 3196 249 3245 de
268 3196 355 3245 divinis
372 3195 509 3244 nominihus
527 3195 579 3244 lib.
599 3195 637 3243 ill.
656 3195 706 3244 cl.
740 3202 831 3256 putant.
867 3191 1004 3253 intelligunt
1024 3200 1102 3241 eutem
1120 3187 1312 3259 temptatoris

137 3263 297 3328 sp.Cureton.
323 3263 445 3313 Laudatur
456 3278 552 3327 quoque
565 3260 595 3310 ab
603 3261 706 3324 Origene
742 3262 771 3310 de
791 3261 881 3325 Spiritu
900 3261 989 3308 Sancto
1008 3260 1140 3320 monitore,
1160 3259 1199 3323 qui
1218 3259 1309 3322 lgusiio

136 3331 162 3382 iu
181 3331 248 3381 Cant
267 3330 419 3380 Canticorum
437 3330 534 3392 Prolog.
565 3329 632 3378 Tum.
650 3329 705 3378 iiiii.
740 3336 849 3378 mortem·
860 3326 975 3390 martyrio
993 3325 1141 3377 subeundum
1160 3326 1309 3379 revolaverit.

74 3419 77 3423 ·
139 3399 165 3449 P.
183 3399 201 3449 Ι.
220 3413 244 3462 p.
261 3397 320 3460 302,
338 3398 376 3448 ed.
394 3396 568 3447 hommatzsch.
791 3397 817 3456 i)
837 3397 905 3444 iinuc
927 3394 1006 3443 locum
1019 3393 1120 3444 Grubius
1138 3402 1162 3444 ct
1175 3395 1310 3446 Woeherus

189 3466 216 3528 5)
232 3466 267 3515 its
291 3465 364 3516 hahet
387 3465 463 3513 codex
481 3461 634 3513 colbertinus
653 3477 706 3512 cnm
741 3463 770 3511 de
804 3464 960 3512 Secrnmeuto
987 3461 1151 3512 Eucharistiae
1178 3462 1311 3526 explicsut;

137 3534 257 3596 symeone
269 3533 429 3596 iletaplxruste
450 3538 474 3580 et
489 3530 593 3580 lieneeis
606 3530 708 3591 graecis.
741 3529 770 3579 de
788 3530 864 3593 ipsius
882 3529 926 3578 liei
946 3528 1059 3578 fruitione
1076 3529 1100 3578 in
1118 3529 1197 3590 coelo,
1216 3529 1311 3582 seutle

135 3601 298 3664 interpolstor
332 3599 426 3649 exhibet
461 3599 564 3666 φιλοῦν
594 3614 634 3656 τι,
668 3597 706 3646 cui
741 3604 837 3647 aeterne
855 3596 956 3646 visionis
967 3595 1010 3645 liei
1026 3595 1182 3655 heatitudine,
1200 3596 1311 3649 Ueserius

136 3668 269 3732 respondet
286 3675 353 3716 retus
372 3665 537 3728 interpretatio
555 3664 641 3715 latina:
658 3679 706 3713 non
740 3672 764 3714 et
788 3664 928 3714 lislloixius.
963 3663 1010 3713 lec.
1045 3663 1093 3713 Cir.
1120 3665 1203 3715 ioanu.
1221 3666 1249 3726 6,
1267 3665 1308 3716 ³2

137 3743 173 3784 est
189 3737 216 3783 in
238 3750 273 3783 sne
298 3735 361 3796 ipnie
385 3748 466 3782 emens
491 3733 597 3796 eliquans
621 3748 706 3796 equom
740 3733 780 3782 45.
793 3732 833 3781 51.
869 3732 944 3795 Syrus
957 3729 1025 3792 legit:
1046 3725 1131 3798 ἄρτον
1143 3733 1214 3784 Θεοῦ
1227 3731 1309 3796 etto,

137 3803 237 3866 (Aquom
265 3808 344 3851 sutem
369 3799 474 3864 pertinet
504 3800 534 3848 ad
562 3799 705 3862 sequentia).
739 3794 771 3855 ὃς
788 3795 867 3851 ἔστιν
884 3795 954 3866 σὰρξ
973 3801 1109 3864 Χριστοῦ,
1126 3800 1173 3849 κα)
1191 3797 1223 3851 sd
1240 3791 1310 3879 αζιια

137 3870 179 3920 llis
204 3869 306 3919 ducibus
324 3868 471 3925 Peereonus‚
490 3866 605 3916 Smitliius
626 3872 649 3914 et
668 3866 705 3914 la·
740 3863 833 3916 αὐτοῦ.
869 3860 957 3935 Πόμα
975 3866 1063 3928 θέλω,
1085 3862 1197 3917 diores
1214 3861 1310 3932 ἀγαπη

139 3936 260 3986 eohsonm
285 3936 412 3997 legendum
438 3949 491 3984 esse
514 3934 630 3984 suadent:
656 3949 707 4000 ιμ-
740 3925 895 4000 e’itpduproc.
929 3933 987 3982 Aliis
1010 3933 1082 3995 igitur
1102 3935 1176 3998 Syrus
1200 3948 1255 3982 usus
1274 3941 1311 3983 est

137 4004 232 4055 λοῦνῐι
248 4021 284 4047 =
302 3999 417 4071 ἐρῶντι,
441 4004 466 4050 in
489 4016 524 4050 nse
547 4008 639 4050 emente
658 4015 705 4050 sion
738 4000 813 4076 siguis
835 4000 1050 4064 interpunctionis,
1084 4016 1129 4051 uec
1155 4015 1203 4050 non
1230 4000 1311 4050 omisit

137 4077 172 4121 est
190 4072 267 4134 ipsis,
294 4071 336 4119 sed
363 4084 426 4133 oque
443 4075 488 4117 etc.
524 4069 599 4132 Syrus
622 4066 704 4116 vertit:
740 4061 825 4132 ἀρτων
843 4064 987 4132 οὐράνιον,
1005 4062 1090 4133 ἄρτον
1108 4068 1189 4133 ζωῆς,
1220 4074 1244 4116 et
1261 4069 1311 4121 τοῦ

137 4154 178 4188 sec
195 4146 230 4188 est
249 4140 276 4187 s'n
293 4153 329 4187 me
348 4137 411 4199 ipsis
430 4139 455 4184 in
473 4137 520 4184 uiio
540 4150 631 4196 enmre,·
656 4148 704 4198 quo
740 4134 801 4185 niori
817 4162 851 4170 —
865 4129 997 4204 Ἀβραάμ.
1026 4135 1053 4184 il.

136 4207 176 4266 iit,
199 4214 226 4255 ut
247 4205 382 4255 Curetonus
409 4203 444 4265 (p.
469 4202 509 4253 99.
535 4218 558 4251 n.
577 4203 629 4265 34.)
652 4216 705 4251 eum
790 4202 816 4262 8)
837 4205 909 4255 Θεοῦ
926 4219 973 4252 uon
993 4200 1132 4265 agnoscitur
1149 4201 1178 4248 uh
1195 4200 1310 4267 luter-poi.

156 4269 564 4406 0lt⁰titi⁰ititltit⁵⁰t”“¹·
577 4267 605 4318 Η·
623 4269 704 4331 ”⁰¹⁸⁰
738 4269 984 4400 n‘..¹.c..⁸e⁰.¹.i
1001 4268 1190 4402 thenis.
1212 4270 1311 4389 itt*

186 4407 214 4469 6)
236 4407 410 4456 Frommaunus
446 4404 471 4453 iu
501 4402 644 4454 i'rolusioue
674 4403 704 4453 sd
738 4404 806 4455 sione
825 4411 870 4454 vet.
888 4402 928 4452 ist
948 4408 971 4451 et
990 4402 1043 4466 Syr.
