2886 4882
181 244 242 309 seo
330 242 468 303 murita
488 242 626 303 resnou.
670 243 767 301 nram
788 244 820 301 u.
862 245 1006 303 nimir.
1028 245 1071 303 u.
1092 245 1146 302 vu.
1164 242 1206 317 (n)

181 427 242 467 erim
264 425 378 482 operam
400 416 428 466 et
448 409 614 482 optimorum
641 407 764 465 ciborum
786 416 815 466 et
836 409 1012 478 ebrietatum,
1043 420 1069 467 et
1090 406 1266 485 appetentia¹⁰
1287 413 1355 468 mul·

180 501 380 551 munierum
402 491 559 560 alienarum,
581 501 609 550 et
629 492 757 566 superbia
780 501 808 548 et
828 492 999 566 multiloquia
1021 504 1048 550 et
1069 494 1198 557 ambitio,
1222 504 1250 551 ct
1272 512 1354 567 quae·

181 591 288 648 cunque
310 575 344 630 iis
367 575 464 631 similia
485 583 557 630 sunt.
600 573 674 631 llaec
696 591 762 648 ergo
785 592 846 631 cum
870 577 896 631 in
919 592 967 632 cer
988 584 1064 633 tuum
1095 577 1283 642 ascenderint,
1316 579 1354 632 in-

181 656 271 733 tellige
305 656 419 715 Genium
442 657 592 730 iniquitatis
611 665 698 713 tecum
721 650 812 713 esse.¹¹
851 659 891 713 'lu
914 675 980 733 crgo
1004 677 1064 715 curn
1089 661 1248 733 cognoveris
1269 676 1354 733 opera

181 740 262 810 illius,
284 742 383 798 recede
405 740 438 797 ab
460 730 538 794 illis¹²
558 738 695 806 omnibus,
717 748 744 796 et
765 740 832 797 nihil
854 739 891 796 illi
908 743 1008 809 crede3
1031 743 1094 816 quia
1108 743 1174 798 mala
1194 751 1257 798 sunt
1270 758 1354 816 opera

181 823 260 893 illius,
283 832 311 881 et
331 840 386 880 non
409 822 572 880 conveniunt
593 837 672 877 servo
696 822 751 878 Dei.
796 822 885 879 llabes
908 841 975 897 crgo
1006 833 1184 898 ntrorunrquc
1207 826 1354 881 tlcnionrm

182 898 297 983 opera¹³
337 906 458 978 intellige
480 921 562 972 nunc,
584 912 612 960 et
634 905 716 961 crede
739 898 847 962 Genio¹⁴
868 907 1019 978 aequitatis,
1043 909 1104 980 quia
1127 909 1249 964 (lontrina
1283 907 1353 963 illius

182 990 253 1048 bana
276 998 325 1047 est
361 989 434 1045 licet
455 979 548 1044 enim¹⁶
571 987 606 1043 sit
628 987 801 1044 felicissimus
823 988 922 1056 homo,
944 998 972 1045 et
994 992 1121 1064 cogitatio
1144 992 1254 1047 alterius
1278 991 1355 1046 Genii

182 1074 312 1130 ascendat
332 1073 358 1127 in
382 1088 430 1127 cor
452 1069 540 1139 illius,
573 1077 682 1176 oportet
709 1070 783 1126 illum
811 1071 897 1128 virum
928 1082 974 1128 ant
994 1074 1136 1129 mulierem
1159 1090 1283 1148 peccare.
1326 1073 1356 1127 Si

182 1163 270 1212 autem
293 1154 372 1211 etiarn
394 1145 587 1227 nequissimus¹
621 1152 662 1208 vir
677 1152 760 1209 luerit
771 1160 816 1210 aut
828 1153 933 1221 mulier,
956 1164 981 1210 et
996 1157 1168 1212 ascenderint
1181 1159 1208 1212 iu
1222 1172 1269 1212 cor
1285 1156 1357 1212 illius

183 1254 267 1311 opera
288 1236 364 1292 Genii
386 1237 544 1309 aequitatis,
573 1251 688 1290 neccsse
711 1244 753 1291 est
781 1236 855 1290 illum
877 1243 923 1291 aut
944 1237 1015 1293 illam
1046 1238 1146 1311 aliquid
1169 1239 1234 1295 boni
1257 1240 1359 1295 iacere.

183 1318 263 1376 Vides
287 1336 361 1392 crgo,
384 1311 481 1392 quod¹¹
503 1319 603 1375 bonum
627 1325 676 1385 est,
698 1318 810 1375 Genium
833 1317 975 1391 aequitatis
998 1321 1085 1392 sequi.
1119 1321 1147 1375 Si
1171 1338 1237 1394 ergo
1261 1314 1358 1377 illaur¹⁸

183 1410 294 1461 secutus
316 1401 411 1470 lucris,
431 1410 458 1459 et
480 1399 629 1458 credideris
653 1401 784 1473 operibus
805 1401 891 1469 illius,
920 1403 991 1458 vives
1013 1402 1085 1472 beo,
1116 1405 1210 1475 etqui
1234 1404 1361 1460 credide·

184 1485 238 1549 rint
259 1483 389 1560 operibus
412 1484 492 1554 illius,
515 1485 603 1542 vivent
625 1481 698 1539 Deo.‘

614 1657 840 1724 MANDATUM
860 1657 923 1722 Vll.

407 1818 449 1873 De
471 1817 530 1872 Deo
552 1818 670 1874 timenda
692 1824 716 1873 et
738 1817 880 1873 Daemones
900 1833 957 1872 non
978 1818 1131 1872 metuendo.

267 1928 307 2002 (i)
324 1924 462 2000 *,Time,‘¹
485 1931 588 2004 inquit,
618 1930 779 2000 Dominum,
802 1941 829 1987 et
850 1932 975 1988 mandata
997 1932 1056 1987 eius
1079 1931 1196 1988 custodi.
1242 1930 1359 1986 Servans

184 2016 256 2074 euim
277 2023 423 2089 praecepta
446 2014 501 2082 Dei,
523 2013 578 2070 eris
601 2023 697 2087 potens
720 2015 746 2071 in
768 2015 841 2070 omni
862 2023 933 2083 actu,
957 2023 985 2071 et
1006 2030 1085 2070 omne
1107 2015 1246 2087 negotium
1269 2006 1360 2069 tuum²

184 2098 237 2157 erit
265 2095 485 2170 incomparabile.
526 2095 637 2153 'limans
665 2097 737 2153 euim
769 2096 928 2163 Dominum,
956 2098 1045 2154 omnia
1077 2096 1148 2152 bana
1178 2089 1360 2170 operaberis.⁸

185 2180 235 2238 llic
256 2190 298 2237 est
320 2180 408 2247 umor,
430 2172 496 2253 quo⁴
517 2179 612 2236 timere
635 2188 752 2254 oportet,
775 2179 1086 2254 utsalvusessepossis.
1115 2179 1255 2235 Diabolum
1269 2187 1359 2235 autern

186 2280 220 2320 ne
241 2265 351 2334 timeam
372 2264 468 2319 timens
491 2263 562 2320 enim
575 2263 725 2331 bominum,
748 2262 932 2320 dominaberis
955 2253 1057 2332 illius3⁶
1080 2263 1141 2335 quia
1164 2262 1248 2317 virtus
1266 2262 1292 2316 in
1309 2261 1355 2318 illo

185 2345 257 2404 nulla
279 2355 329 2403 est.
373 2345 402 2401 ln
433 2363 486 2419 quo
509 2352 598 2403 autem
620 2347 704 2402 virtus
727 2362 782 2402 non
807 2355 862 2414 est,
892 2347 914 2401 is
944 2364 979 2403 ue
1002 2345 1136 2402 timendus
1160 2345 1269 2417 quidem
1292 2336 1358 2401 est.⁶

186 2429 216 2485 ln
238 2446 293 2503 quo
316 2421 392 2485 νεεο7
413 2429 497 2485 virtus
526 2427 647 2502 gloriosa
668 2438 725 2498 est,
757 2430 781 2485 is
809 2429 889 2485 etiam
912 2430 1048 2486 timendus
1069 2437 1119 2484 est
1163 2428 1253 2482 Omnis
1287 2427 1359 2483 enim

185 2512 312 2569 virtutem
335 2510 438 2568 habens
461 2513 540 2568 etiam
563 2512 699 2569 timendus
725 2505 796 2583 est3⁸
819 2529 881 2568 nam
909 2513 954 2585 qui
977 2514 1102 2569 virtutem
1125 2526 1180 2565 non
1203 2509 1291 2577 habet,
1324 2509 1358 2563 ab

186 2595 310 2652 omnibus
334 2596 542 2668 contempnitur.
586 2594 660 2652 Time
682 2594 761 2669 plane
784 2595 855 2650 iacta
872 2595 981 2663 diaboli,
1004 2595 1131 2669 quoniam
1148 2592 1263 2666 maligna
1278 2599 1358 2660 sunt;

186 2686 309 2735 metuens
332 2680 402 2734 enim
424 2676 565 2734 Dominum
587 2677 715 2746 timebis,
736 2685 765 2734 et
786 2694 870 2752 opera
891 2677 991 2735 diaboli
1013 2694 1068 2734 non
1091 2677 1185 2740 iacies,
1208 2675 1257 2731 sed
1277 2674 1358 2730 absti-

186 2759 264 2816 nebis
287 2768 313 2815 te
333 2759 366 2814 ab
388 2760 437 2815 eis.
480 2759 583 2833 Duplex
603 2761 675 2816 enim
696 2761 778 2817 timor
800 2769 850 2816 est
892 2760 921 2816 Si
950 2761 1021 2818 enim
1049 2759 1148 2816 malum
1177 2757 1285 2831 operari
1313 2774 1358 2812 vo·

187 2864 343 2946 ίπιθνμίαε
370 2863 502 2946 πράξεων
531 2871 654 2941 πολλῶν,
676 2866 725 2929 καὶ
745 2868 912 2930 πολυτέλεια
933 2863 1095 2948 ἐδεσμάτων
1121 2864 1359 2945 coinquinatae

186 2955 307 3025 πολλῶν,
326 2950 377 3013 ναί
398 2951 539 3014 ποικίλων
550 2955 676 3033 τροφῶν,
698 2949 748 3013 καί
769 2947 805 3014 οὐ
817 2948 951 3028 dederas,
973 2951 1023 3015 καί
1035 2949 1358 3031 ίπνθνμίαιρνναιπῶν,

186 3031 236 3098 καί
255 3035 424 3111 πλεονεξίαι,
444 3029 631 3116 ὑπερηφανία
651 3057 681 3096 τε
701 3032 751 3095 καί
770 3031 930 3109 ἀλαζονεία,
950 3036 1000 3097 παλ
1018 3032 1074 3098 ὅσα
1087 3029 1199 3106 τούτοις
1209 3027 1359 3135 παραπλή-

188 3135 245 3179 arci.
291 3122 388 3179 Ταῦτα
409 3107 464 3180 οὖν
484 3115 555 3181 ὅταν
575 3116 623 3179 ἐπί
634 3113 688 3197 τὴν
699 3117 826 3198 καρδίαν
838 3123 892 3180 σοῦ
907 3115 1010 3205 ἀναβῇ,
1034 3120 1157 3264 {inmane
1180 3112 1225 3178 ὅτι
1240 3120 1361 3215 αγγρλος

187 3204 240 3278 τῆς
259 3201 402 3280 πονηρίας
421 3199 499 3263 ἐστὶν
528 3199 560 3262 ἒν
581 3200 635 3262 σοί.
678 3196 725 3261 Σὺ
747 3190 802 3262 οὖν
822 3198 958 3284 ἐπιγνοὺς
978 3198 1013 3264 τὰ
1047 3226 1102 3285 ργα
1123 3195 1223 3281 αὐτοῦ,
1245 3195 1361 3260 ἆποστα

186 3276 240 3439 ἔξυς’
259 3278 435 3449 gewis?
456 3280 546 3364 antiis
568 3278 648 3368 crispi
659 3284 781 3346 nicaeae.
800 3279 899 3366 ”Dipsas
913 3278 967 3348 οὖν
980 3283 1151 3366 ἀμφοτέρων
1162 3287 1220 3345 τῶν
1233 3278 1361 3366 ἀγγέλων

190 3553 397 3565 -υ--α

243 3666 285 3730 tc)
305 3668 427 3717 ebrietates
452 3668 596 3718 desideriam
612 3681 636 3730 p.
654 3667 754 3716 ebriete-
789 3671 844 3732 qaia
863 3669 960 3715 nuntias
980 3667 1114 3730 iniqnitatis
1133 3671 1167 3712 est
1187 3670 1259 3713 tecam
1278 3663 1328 3712 vin

189 3743 246 3793 tam,
255 3742 277 3785 et
291 3737 423 3798 appetentia
432 3733 482 3781 liat.
501 3735 635 3785 librarium
650 3734 755 3784 duxerim
841 3734 883 3792 tet
903 3734 940 3782 liis
952 3734 1012 3793 vat,
1024 3733 1054 3781 in
1068 3732 1154 3782 eodem
1161 3732 1243 3781 credas
1252 3746 1276 3795 p.
1285 3732 1359 3791 crede,

189 3803 296 3854 scribere
328 3801 432 3850 noluisse
469 3803 608 3862 ebrietatie;
642 3803 755 3865 frequens
788 3801 891 3864 posthac
909 3803 982 3850 semin
1001 3816 1024 3864 p.
1045 3816 1117 3850 sema.

190 3871 299 3920 enimest
314 3868 379 3917 litte
396 3866 468 3915 ctiin
484 3869 526 3918 lle.
539 3870 588 3919 Vnt.
603 3869 755 3932 permutatio.
843 3866 885 3929 1³)
909 3870 1018 3917 scanciam
1059 3882 1154 3929 operam
1181 3881 1205 3930 p.
1237 3865 1361 3913 (leniorem

190 3938 254 3988 ldem
280 3936 440 3986 ambitioiitas
458 3947 482 3995 p.
501 3939 597 3985 ambitio
626 3944 649 3985 et
675 3937 712 3985 dis
730 3951 755 3999 p.
789 3949 859 3999 opera
876 3933 926 3983 Vat

190 4007 230 4055 iii.
249 4003 332 4054 versio
352 4000 448 4052 Codicis
466 4001 516 4050 Pal.
539 4003 627 4051 Deinde
645 4019 696 4053 cam
714 4003 754 4051 de·
844 4000 886 4063 ll)
904 4004 989 4051 mancio
1009 4001 1058 4050 vat

190 4073 329 4121 sideraaeris
349 4078 414 4119 actus
437 4069 523 4117 maltos
549 4076 570 4116 et
589 4072 656 4130 cpias
682 4071 754 4119 laen·
844 4067 886 4130 15)
904 4071 966 4117 enim
984 4083 1031 4118 orn.
1048 4068 1109 4128 Vnt,
1128 4067 1168 4116 ubi
1188 4068 1259 4115 baias
1277 4066 1360 4114 nuncii

190 4141 274 4197 riores,
294 4144 316 4186 et
335 4139 459 4187 ebrietates
478 4141 501 4182 et
520 4136 613 4184 dilitias
631 4137 755 4185 molturam
791 4152 814 4200 p.
825 4138 925 4187 alterins
939 4137 1013 4197 Genii,
1031 4133 1104 4198 paulo
1125 4142 1182 4199 post
1198 4135 1268 4184 carde
1281 4146 1360 4195 paor.

190 4210 212 4254 et
235 4208 354 4254 enriarrim
384 4205 546 4266 voluptatum:
576 4208 596 4249 et
624 4203 756 4264 cupidinem
844 4203 885 4266 tc)
904 4205 1069 4269 iniquissimae
1094 4202 1152 4265 (sic)
1178 4200 1270 4263 absque
1290 4201 1362 4247 etiam

188 4271 310 4321 maliciam
329 4279 352 4320 et
374 4272 499 4321 avaritiam
518 4284 572 4332 sqq.
598 4268 698 4330 propius
725 4269 755 4316 ed
790 4271 854 4332 vit,
879 4270 969 4321 ibidem
993 4271 1125 4319 ascenderit
1153 4270 1177 4316 in
1202 4269 1268 4317 corde
1292 4268 1360 4316 illias

303 4339 403 4388 accedit.
791 4352 862 4402 opera
879 4341 959 4388 nuncii
977 4338 1122 4401 iniquitatis.

69 4334 285 4596 η
302 4404 328 4450 in
345 4406 414 4455 corde
432 4413 471 4456 tae
488 4404 637 4456 meendmint
649 4401 756 4463 inteilipe
843 4404 885 4468 ll)
903 4406 961 4468 pain
978 4404 1039 4464 lat,
1058 4409 1083 4452 et
1099 4399 1365 4467 omniumomniuni.
