2886 4882
358 222 482 287 tbttt'ltt
503 225 668 286 bristout
690 226 732 286 Ab
757 227 974 288 tusculanus
1004 230 1026 290 l.
1219 229 1278 293 tab

305 390 359 450 Eb’.
400 391 531 452 Solutant
551 412 602 454 vos
623 394 738 470 Ephesii
760 405 785 454 el
806 405 914 456 ceterae
937 399 1077 458 ecclesiae.

188 505 312 564 &butant
329 523 380 566 ros
399 509 512 584 Ephesii
533 528 548 569 e
570 511 699 587 Smyrna,
729 514 802 570 uude
824 513 893 570 hacc
914 513 1005 570 scribo
1029 515 1115 585 vohis
1136 519 1184 592 qui
1200 533 1278 594 prae·

101 598 199 647 sentes
220 591 320 648 adsunt
341 593 368 649 in
391 592 437 650 ilci
467 594 596 668 gloriam,
627 605 658 652 ut
680 603 707 651 et
731 612 793 665 vos,
824 597 935 671 quinne
963 614 1017 654 una
1045 615 1106 656 cum
1127 600 1278 678 Polycarpo

101 674 239 748 episeopo
259 672 471 752 Smyrnaeorum
493 679 520 734 in
544 679 669 736 omnihus
691 687 858 737 recrearunt
900 679 932 736 Et
954 688 1061 738 ceterae
1089 683 1221 741 ecclesiae
1249 686 1278 743 iu

101 757 237 814 honorem
255 752 315 815 lesu
328 759 427 816 Christi
448 777 497 817 vos
514 761 637 820 salutant
663 761 763 832 Valete,
785 763 841 821 lieo
854 762 931 832 uuiti,
954 763 1080 837 spiritum
1101 766 1274 839 possidentes
1317 814 1322 825 .

103 840 323 914 inseparabilem,
346 844 392 917 qui
414 851 457 901 est
477 844 553 902 lesus
577 845 712 904 Christus.

188 984 269 1048 *tu
310 991 434 1051 Salutant
454 1011 502 1051 ros
524 995 635 1071 Ephesii
658 1012 689 1053 ex
710 995 835 1071 Smyrna,
856 995 928 1054 unde
950 1005 976 1055 ct
998 997 1091 1054 scribo
1112 995 1204 1066 vohis,
1228 999 1276 1058 uhi

103 1083 266 1150 praesentes
286 1076 385 1133 adsunt
405 1078 439 1134 ad
461 1077 576 1153 gloriam
590 1080 645 1148 bei,
668 1081 739 1137 siout
761 1086 865 1147 etms,
887 1080 933 1154 qui
954 1097 1006 1155 per
1027 1081 1117 1138 omnia
1138 1097 1182 1138 mc
1203 1080 1277 1140 rein·

104 1158 234 1216 oillarunt
261 1176 316 1217 nna
346 1176 406 1216 cum
436 1160 588 1236 Polycarpo
611 1162 817 1239 Smymeusium
839 1162 982 1238 Episcopo.
1025 1165 1136 1222 Ceterae
1168 1181 1277 1240 quoqne

102 1240 243 1301 Ecclesiae
265 1243 294 1299 in
316 1244 423 1302 honora
443 1245 506 1303 lesu
527 1245 629 1303 Christi
650 1263 699 1303 vos
721 1245 846 1302 salutant
888 1245 979 1304 valete
1000 1247 1028 1304 iu
1050 1247 1198 1304 concordia
1220 1247 1276 1319 llei,

103 1324 268 1384 indivulsum
287 1325 462 1402 possidentes
485 1328 626 1403 spiritum,
648 1330 695 1404 qui
717 1335 761 1386 est
781 1328 858 1385 lesus
881 1329 1013 1387 Christus.

557 1565 822 1575 ----—--—-

476 1757 532 1806 Ab
567 1755 915 1807 rettulimus.

186 1896 318 1973 ignatius,
349 1899 395 1972 qui
423 1907 451 1955 ct
479 1897 677 1974 Theophorus,
704 1898 819 1956 dilectae
842 1916 856 1956 a
878 1900 948 1969 Deo,
977 1907 1053 1975 patre
1080 1900 1142 1959 lesu
1171 1902 1279 1974 Christi,

228 1979 361 2039 ecclcsiae
383 1989 504 2050 sanctae,
524 1998 593 2056 quae
616 1990 658 2040 cst
675 1981 809 2040 Trallibus
823 1983 911 2053 Asiae,
932 1983 1033 2041 electae
1056 1992 1084 2041 et
1100 1984 1154 2043 lieo
1170 1985 1277 2060 dignae,

227 2081 322 2139 pacem
349 2064 459 2122 habenti
488 2066 516 2122 iu
548 2082 629 2123 carue
656 2074 685 2122 et
711 2068 841 2142 sauguine
870 2072 898 2124 et
927 2068 1055 2140 passione
1077 2066 1139 2126 lesu
1168 2068 1278 2140 Christi,

229 2149 288 2222 spei
308 2156 432 2217 nostrae,
461 2148 569 2223 quando
593 2164 767 2223 resurgemus
797 2151 831 2207 ad
857 2166 936 2219 eum3
966 2168 1045 2224 quam
1074 2159 1101 2207 et
1130 2151 1219 2210 saluto
1249 2153 1277 2210 in

229 2231 414 2306 plenitudiue,
457 2233 484 2288 iu
506 2232 658 2308 apostolico
695 2233 868 2303 charactere,
905 2233 1004 2307 cuique
1038 2232 1182 2308 plurimam
1213 2242 1278 2311 opto

229 2314 353 2374 salutem.

416 2457 657 2510 ‘tunitius
684 2456 967 2510 TlthLthlS.

189 2557 350 2705 syppatins,
373 2569 420 2643 qui
446 2576 475 2626 et
496 2567 687 2643 Pheophcrus,
709 2567 824 2660 dilectae
845 2566 900 2660 ileo
921 2566 994 2623 Patri
1016 2563 1078 2623 lesu
1100 2563 1207 2660 Christo
1229 2566 1278 2624 Ec·
1346 2526 1354 2539 .

216 2665 329 2810 ἓξὲξ
347 2650 901 2809 EEEEEEE’iuqliaaerneeSteEEEEgrlliueAspzer¹
913 2649 1075 2809 pea¹EscilEtEerErt
1091 2650 1152 2792 1232
1168 2650 1277 2804 gqqqpp:

229 2819 289 2893 spei
310 2825 436 2889 nostrae,
458 2828 486 2876 ct
506 2819 737 2876 resurrectionem
759 2819 787 2874 in
808 2819 912 2893 ipsum,
944 2834 1023 2892 quam
1052 2818 1079 2874 in
1111 2817 1278 2892 plenitudine

230 2900 390 2976 Apostolico
411 2919 487 2962 more
510 2903 614 2972 saluto,
637 2909 666 2958 et
687 2901 832 2976 plurimum
854 2900 960 2960 salvere
983 2908 1058 2976 opto.

332 3063 351 3132 l.
396 3078 473 3136 ans
494 3085 586 3135 cestra
603 3094 656 3152 per
677 3077 823 3149 Polybium
844 3078 912 3135 mihi
932 3077 1059 3134 innotuit.

188 3195 350 3251 Constantcr
363 3193 526 3268 inculpatam
545 3203 573 3251 et
585 3193 796 3268 inseparabilem
811 3194 839 3249 in
851 3193 1012 3250 sustinentia
1027 3198 1144 3248 mentem
1163 3189 1277 3265 cognovi

104 3296 153 3336 vos
167 3277 278 3347 hahere,
301 3293 356 3334 non
378 3295 430 3334 usu
447 3274 547 3346 solum,
568 3278 617 3334 sed
639 3277 739 3347 iudolc,
762 3275 988 3351 quemadmodum
1009 3275 1037 3331 id
1048 3274 1115 3330 mihi
1132 3275 1280 3348 episcopus

104 3369 196 3420 vester
213 3359 342 3436 Polybius
363 3360 498 3428 indicavit,
521 3361 568 3434 qui
590 3358 720 3434 Smyrnae
743 3359 829 3416 adluit
847 3376 897 3434 per
915 3358 1080 3416 voluntatem
1100 3356 1146 3413 bei
1169 3364 1196 3413 ct
1217 3356 1279 3416 lesu

105 3445 218 3511 Christi,
240 3443 342 3519 quique
354 3443 420 3500 mihi
432 3444 523 3500 vincto
539 3443 567 3499 io
585 3441 647 3501 lesu
668 3441 776 3500 Christo
790 3443 826 3499 ita
840 3441 1043 3516 congratulatus
1056 3448 1106 3508 est,
1128 3447 1158 3497 ut
1172 3455 1281 3499 omnem

187 3585 237 3651 *1.
278 3591 445 3667 inculpatam
467 3601 494 3651 ct
515 3609 569 3649 uon
592 3591 682 3649 fictam
708 3600 824 3650 mentem
847 3584 1023 3666 inpatientia
1043 3605 1093 3647 vos
1112 3591 1214 3649 hahere
1236 3607 1281 3651 co·

105 3678 202 3752 gnavi,
222 3677 305 3750 idque
330 3692 384 3733 nou
407 3693 468 3745 usu,
490 3675 540 3733 sed
562 3684 673 3733 naturae
696 3675 847 3744 beneficio,
870 3673 1097 3749 quemadmodum
1121 3674 1284 3749 significarit

105 3760 173 3817 mihi
195 3758 323 3832 Polybius
344 3759 496 3834 Episcopus
516 3767 620 3827 vester,
644 3759 691 3833 qui
714 3758 846 3834 Smyrnae
867 3757 953 3815 adluit
974 3773 1025 3831 per
1047 3757 1212 3815 voluntatem
1234 3757 1280 3814 bei

106 3852 135 3901 et
155 3843 217 3900 lesu
239 3842 353 3910 Christi,
383 3841 506 3915 mihique
532 3843 623 3900 vincto
653 3843 680 3900 in
703 3843 765 3900 lesu
788 3841 897 3899 Christo
929 3841 966 3898 ita
999 3840 1202 3917 congratulatus
1230 3845 1281 3907 est,

106 4069 169 4120 sinui
199 4067 302 4118 versioni
328 4068 424 4118 italicae
449 4066 496 4118 acl
524 4069 621 4121 inserit:
656 4071 678 4120 la
713 4068 750 4118 uis
769 4083 852 4117 eorum
879 4067 998 4118 exercitiis
1024 4066 1135 4117 ethonis
1153 4063 1282 4129 operibus3

106 4137 178 4202 quslc
197 4135 221 4185 io
239 4135 318 4186 seluto
338 4136 447 4187 eziandio
474 4136 537 4187 uella
558 4138 679 4201 pienerra,
713 4136 756 4185 sed
781 4135 851 4185 ctiam
875 4150 902 4185 ea
930 4135 1032 4185 naturali
1063 4148 1145 4184 eorum
1169 4130 1283 4183 bonitate.

104 4203 197 4256 enell'
216 4204 353 4268 apostolico
373 4211 499 4253 carattere.
713 4204 747 4253 lta
770 4204 832 4254 cuim
851 4203 993 4267 accipienda
1020 4203 1079 4250 hoec
1097 4198 1179 4261 ignatii
1203 4197 1283 4261 umba,

157 4272 185 4335 l)
203 4269 251 4321 Cir.
269 4286 343 4336 supra
362 4272 406 4334 Ep.
425 4271 529 4334 adEph.
549 4288 569 4321 c.
590 4272 613 4322 3.
713 4279 736 4320 at
754 4287 784 4322 uc
808 4271 829 4319 si
859 4270 998 4334 scripsisset
1023 4265 1056 4319 ori
1084 4264 1156 4318 κατὰ
1179 4267 1285 4336 χρῆσιν

163 4338 190 4402 8)
210 4337 386 4389 Trallianorum
401 4338 508 4389 bdcmet
521 4339 679 4390 constentiam
712 4288 811 4407 μὲνον,
831 4335 902 4389 ἀλλὰ
922 4328 1113 4404 κατὰφύσιν,
1132 4334 1205 4402 idque
1224 4333 1284 4386 sads

106 4423 160 4459 non
176 4420 251 4472 posse
264 4413 356 4458 tantum
379 4406 494 4471 cognosci
514 4421 542 4458 ex
560 4406 680 4473 quotidia-
714 4407 771 4458 trito
789 4403 904 4472 loquendi
921 4417 1016 4467 genere.
