2886 4882
183 244 244 306 416
413 246 548 306 lllllllldll
569 244 707 305 PASTOR.
743 245 840 304 LlBEll
860 247 879 302 Ι.
920 242 1007 303 VISIO
1030 243 1061 301 ll.
1082 239 1125 315 (Α)

186 413 240 471 Sed
262 414 417 487 impropera
446 413 528 469 verba
556 413 626 471 baec
654 412 716 469 filiis
749 415 802 470 tuis
832 412 959 469 omnibus
986 421 1014 468 et
1042 411 1150 484 coniugi
1182 418 1257 478 tuae,
1287 425 1355 481 quae

185 496 275 554 lutum
298 505 340 552 est
359 513 439 552 soror
461 488 528 552 tua.⁶
570 495 604 553 lit
631 498 690 571 ipsa
718 498 790 555 enim
814 506 968 570 compescat
991 495 1106 568 linguam
1138 511 1231 563 suam,
1255 493 1280 547 in
1304 509 1356 565 qua

184 581 352 653 malignatur,
404 571 469 634 Sed'
504 579 602 637 auditis
638 579 729 637 verbis
758 581 800 637 bis
834 580 984 636 continebit
1019 596 1062 646 se,
1098 586 1125 633 et
1155 567 1353 650 consequetur⁸

184 661 407 719 misericordiam.
450 662 596 720 Erudietur
618 665 697 731 enim,
712 673 855 738 postquam
871 662 1098 737 improperaveris
1131 660 1167 717 illi
1182 661 1251 716 bace
1265 659 1356 726 verba,

186 762 255 819 quae
277 744 411 801 mandavit
439 746 482 801 ille
512 739 693 815 dominator,⁹
726 756 755 803 ut
783 746 831 802 tibi
861 746 1021 803 revelentur.
1064 744 1138 801 'lunc
1161 734 1357 800 reinitteutur¹⁰

184 827 236 884 illis
257 835 377 902 peccata,
400 822 490 902 quae¹¹
512 830 669 904 iampridem
691 838 881 904 peccaverunt,
904 837 932 886 et
953 828 1078 884 omnibus
1095 828 1204 894 sanctis,
1228 827 1273 900 qui
1294 842 1355 899 pcc·

185 920 314 968 caverunt
335 928 422 985 usque
446 912 471 967 in
495 913 657 971 hodiernum
680 914 759 982 diem,
783 915 805 969 si
826 931 857 970 ex
881 921 937 969 toto
961 911 1045 968 corde
1068 929 1118 967 suo
1137 911 1243 984 egerint
1264 909 1356 982 poeni·

184 995 304 1063 tentiam,
326 1003 354 1051 et
375 987 558 1053 abstulerint¹²
581 1014 596 1053 a
617 997 748 1053 cordibus
777 997 835 1053 suis
857 996 1047 1053 dubitationes.
1089 995 1186 1050 luravit
1215 993 1286 1049 enirn
1310 991 1355 1046 do·

185 1078 303 1135 minator
323 1078 368 1134 ille
391 1096 441 1152 per
471 1080 582 1153 gloriam
604 1098 679 1138 suam
710 1097 795 1154 snper
816 1080 919 1137 electos
942 1095 1023 1146 suos,
1044 1078 1187 1153 praefinita
1216 1077 1267 1133 ista
1290 1067 1356 1131 die¹⁸

184 1162 339 1217 etiamnunc
360 1162 383 1216 si
405 1164 559 1234 peccaverit
580 1164 684 1236 aliquis,
706 1182 759 1220 uon
783 1163 936 1220 habiturum
959 1163 1032 1217 illurn
1046 1162 1169 1219 salutern.
1213 1159 1355 1215 locuiten·

184 1243 236 1301 tiae
259 1245 331 1299 enim
353 1244 486 1302 iustorum
510 1245 613 1302 babent
635 1246 711 1304 fines.
755 1239 881 1321 lmpleti¹⁴
904 1253 968 1302 sunt
989 1245 1046 1302 dics
1068 1245 1249 1318 poenitentiae
1272 1242 1355 1298 omni·

183 1325 235 1384 bus
258 1326 373 1394 sanctis;
394 1328 521 1401 gentibus
543 1337 631 1386 autem
653 1331 820 1404 poenitentia
842 1346 929 1402 usque
951 1330 976 1384 in
996 1329 1143 1384 novissimo
1158 1319 1234 1384 die.¹⁶
1277 1324 1355 1381 Dices

186 1425 252 1484 crgo
276 1412 314 1466 eis
344 1411 390 1484 qui
422 1422 552 1487 praesunt
573 1413 720 1482 ccclesiae,
745 1422 774 1470 ut
802 1414 918 1486 dirigant
939 1412 995 1468 vias
1028 1404 1116 1467 suas¹⁶
1144 1412 1171 1466 in
1194 1410 1306 1478 iustitia,
1327 1416 1356 1463 ut

186 1494 319 1568 recipiant
340 1494 368 1549 in
390 1494 470 1568 pleno
492 1498 733 1570 repromissionem
755 1514 815 1554 cum
835 1496 918 1553 nrulta
938 1494 1035 1569 gloria.
1076 1486 1258 1550 Permanete¹'
1281 1509 1355 1564 ergo,

185 1577 231 1650 qui
254 1576 403 1651 operamini
426 1580 561 1649 iustitiam,
584 1581 671 1637 etsie
693 1581 782 1649 facite,
804 1588 835 1636 ut
856 1579 891 1636 sit
912 1579 1040 1634 transitus
1062 1586 1153 1634 vester
1174 1595 1234 1633 eum
1257 1574 1357 1633 sanctis

184 1660 298 1734 angelis.
342 1660 445 1719 Felices
465 1680 522 1732 vos,
545 1664 702 1737 quicunque
723 1664 863 1721 sustinetis
882 1678 1039 1736 pressuram
1053 1661 1287 1734 supervenientem
1303 1674 1356 1713 ma·

185 1759 274 1816 gnam,
295 1745 495 1818 etquicunque
515 1762 569 1801 non
584 1748 723 1821 negaverit
736 1749 815 1803 vitain
831 1763 915 1802 suani.
958 1745 1057 1801 luravit
1079 1745 1149 1800 enirn
1164 1744 1291 1800 Dominus
1307 1759 1358 1815 per

185 1824 281 1881 Filium
310 1844 403 1883 suum:
433 1829 479 1900 qui
501 1829 674 1902 denegaverit
693 1830 789 1885 l'ilium
810 1837 837 1885 et
858 1847 907 1897 se,
931 1829 1099 1901 spondentes
1122 1844 1151 1883 se
1174 1828 1253 1884 vitain
1276 1825 1356 1892 illius,

188 1914 216 1964 et
237 1908 289 1982 ipsi
311 1910 468 1982 derogaturi
491 1919 555 1968 sunt
573 1910 648 1968 illurn
672 1913 698 1967 in
721 1911 929 1968 advenientibus
951 1903 1080 1968 dicbus¹⁸
1123 1902 1167 1967 n¹⁹
1198 1919 1285 1967 autem
1309 1908 1357 1980 qui

186 1983 352 2064 nunquam'⁰
367 1992 565 2066 denegaverint,
583 1993 618 2050 ob
633 1995 741 2052 nimiam
752 1995 968 2052 misericordiam
978 1996 1114 2069 propitius
1130 1993 1216 2051 laetus
1229 2001 1270 2051 est
1281 1987 1356 2048 illis.‘

270 2185 309 2262 (a)
324 2190 366 2248 lll.
388 2192 438 2262 ,Tu
452 2203 549 2264 autern,
564 2193 671 2265 llerma,
688 2197 743 2253 noli
758 2196 913 2253 meminisse
926 2189 1094 2253 iniuriarum¹
1108 2195 1224 2253 liliorum
1238 2204 1354 2262 tuorum,

190 2275 240 2332 sed
263 2293 313 2332 nec
335 2293 458 2333 sororem
482 2286 554 2335 tuam
583 2280 720 2354 negligas3
751 2280 801 2336 scd
823 2296 903 2349 cura,
933 2290 963 2335 ut
986 2270 1178 2337 emendentur¹
1200 2296 1215 2335 a
1234 2281 1356 2354 pristinis

188 2360 317 2433 peccatis.
360 2355 538 2418 Erudicntur⁸
559 2363 630 2420 enim
652 2365 774 2419 doctrina
797 2364 862 2430 ista,
891 2364 965 2418 situ
989 2363 1039 2418 iam
1069 2379 1123 2418 non
1146 2362 1231 2419 lucris
1251 2379 1356 2418 memor

189 2434 313 2498 iniuriae⁴
335 2443 453 2499 illorum.
496 2444 625 2503 llemoria
646 2446 717 2503 enim
746 2438 918 2504 iniuriarum⁶
947 2454 1062 2502 mortem
1086 2453 1228 2519 operatur,
1257 2446 1355 2501 oblivio

187 2540 252 2581 vero
275 2543 366 2582 earum
389 2527 466 2584 vitain
488 2537 633 2586 aeternam.
676 2530 714 2586 'lu
743 2520 860 2597 autem,⁶
889 2528 1002 2597 llernra,
1029 2546 1140 2602 magnas
1168 2528 1354 2585 tribulationes

186 2608 325 2666 seculares
346 2611 499 2667 sustinuisti
520 2621 634 2687 propter
653 2613 898 2687 praevaricationes
921 2612 1018 2668 domus
1040 2620 1115 2676 tuac,
1139 2613 1263 2684 quoniam
1285 2612 1353 2680 illas,

187 2697 216 2746 ut
238 2693 270 2747 ad
293 2700 320 2748 tc
342 2692 407 2747 nibil
429 2695 608 2767 pertinentes,
629 2688 791 2769 neglexisti?
815 2703 842 2749 ct
863 2695 890 2751 in
907 2694 1138 2768 negotiationibus
1153 2697 1206 2749 tuis
1230 2695 1354 2767 malignis

148 2808 153 2817 ·
186 2773 332 2847 implicitus
354 2791 394 2831 es.
437 2775 491 2832 Sed
514 2776 579 2834 illud
602 2785 626 2833 tc
649 2778 750 2835 salvum
774 2778 870 2847 faciet,
901 2777 974 2850 quod
997 2794 1051 2833 uon
1074 2777 1236 2833 discesseris
1259 2793 1273 2831 a
1298 2776 1353 2831 beo

187 2953 394 2962 ..ιι-...Ψ

216 3070 265 3133 ’6)
283 3072 387 3121 lltrrarrte
410 3072 489 3135 primo
510 3071 658 3122 Christianae
677 3071 754 3134 pieta·
790 3088 843 3120 csse
861 3072 961 3121 videtur.
995 3071 1078 3134 Neque
1095 3077 1174 3118 autern
1200 3069 1229 3117 de
1252 3070 1292 3118 illo
1317 3071 1355 3120 die

189 3137 220 3188 tis
228 3138 323 3197 ardore,
343 3139 461 3200 coniugati
471 3139 580 3201 subinde,
592 3155 618 3188 cx
628 3154 754 3196 eoirsensn,
791 3139 951 3201 cogitaverim,
969 3153 1015 3201 que
1033 3138 1134 3187 llermas
1145 3136 1268 3187 oraculum
1286 3155 1354 3188 acee-

189 3206 252 3254 thori
272 3206 421 3255 commerciis
435 3206 594 3260 abstinebunt.
614 3215 635 3255 et
654 3222 714 3256 uxer
732 3207 755 3255 in
790 3208 832 3270 pit,
851 3207 894 3255 secl
913 3207 943 3255 de
962 3222 997 3266 ea,
1017 3219 1087 3269 quam
1102 3205 1216 3254 [lominus
1235 3207 1356 3268 sapienter

190 3286 299 3321 sororem
321 3273 399 3320 cessit.
426 3273 502 3322 Onon.
525 3273 574 3322 Clr.
593 3273 693 3323 Tertull.
714 3274 755 3322 lib.
790 3275 835 3322 sibi
852 3274 968 3337 praeibit,
988 3273 1124 3323 horninibus
1142 3281 1206 3322 certe
1224 3275 1336 3334 ignotam.

191 3339 209 3388 Ι.
227 3338 257 3385 acl
278 3353 345 3387 uxor.
364 3356 383 3388 c.
403 3339 425 3389 6.
444 3340 496 3389 vid.
515 3356 566 3404 cap.
587 3356 637 3406 seq.
658 3349 681 3391 et
698 3341 756 3390 Sim.
843 3343 884 3403 ΙΙΙ
902 3342 987 3405 repleti
1003 3341 1054 3390 llut.

189 3405 213 3466 9,
234 3406 272 3455 tt.
302 3404 412 3456 Clemens
429 3407 492 3457 illex.
514 3410 602 3458 Strom.
622 3409 664 3472 ΙΙΙ,
693 3426 713 3458 c.
733 3410 755 3459 li.
843 3408 885 3470 15)
902 3417 924 3458 et
944 3410 1052 3470 pentibus
1074 3416 1150 3457 ealon
1170 3411 1294 3472 penitentie
1313 3424 1354 3455 es-

190 3472 227 3531 vl,
246 3489 265 3521 c.
287 3474 325 3524 Ιῖ.
441 3533 443 3538 .
792 3492 835 3540 qne
858 3478 882 3524 in
900 3478 1029 3525 norissima
1047 3477 1085 3524 die
1104 3476 1155 3524 Vct.

239 3540 266 3601 ΙΙ
285 3541 318 3590 lta
337 3540 371 3600 G,
391 3542 455 3599 Vnt,
478 3541 638 3601 Gallicciolli,
664 3551 685 3592 et
704 3544 756 3592 Cot.
844 3543 885 3603 16)
906 3559 962 3591 anus
983 3556 1028 3591 om.
1046 3543 1096 3591 Vat.

190 3624 211 3657 c.
230 3605 286 3655 Feb.
306 3609 340 3657 St.
376 3610 459 3658 llaiori
483 3611 552 3671 signo
580 3611 673 3660 distinxi
701 3619 756 3673 post
844 3610 885 3673 ΙΙ)
904 3609 973 3658 Prius
990 3615 1138 3672 permanente
1156 3609 1206 3658 l'nt.

188 3675 332 3737 malignetur
349 3691 369 3724 c.
388 3676 439 3725 vai.
458 3677 507 3725 l‘ul.
845 3676 887 3731 18}
905 3675 939 3724 ltn
957 3677 1003 3724 iam
1023 3675 1098 3726 edidit
1117 3677 1175 3726 Fab.
1197 3678 1246 3735 St,
1274 3675 1356 3724 nescio

240 3742 269 3799 ov
289 3743 380 3791 dolebit
399 3743 449 3792 l'at.
790 3761 819 3793 on
839 3742 915 3792 Codd.
934 3743 1076 3792 auctoritate
1094 3744 1168 3794 nisus.
1192 3743 1355 3793 Coniectando

238 3809 266 3873 ll)
285 3811 451 3874 improbar-eris
480 3813 520 3860 lvee
548 3814 617 3862 serbe
642 3814 680 3861 illi
712 3828 755 3877 que
789 3811 870 3875 potius
888 3810 920 3857 itu
940 3810 1056 3860 confictus
1074 3812 1132 3860 mibi
1151 3828 1204 3861 esse
1216 3812 1309 3859 videtur
1319 3817 1356 3856 to-

190 3878 308 3927 mandarit
329 3878 367 3926 illi
384 3880 515 3928 dominator
532 3878 581 3927 llat.
789 3887 827 3928 tus
845 3879 921 3928 loeus.
954 3879 983 3927 dt
999 3879 1019 3927 si
1039 3879 1176 3929 coniectura
1193 3891 1292 3926 necesse
1310 3881 1353 3930 est,

243 3946 284 4009 lb)
302 3947 435 3994 emittentur
453 3945 503 3994 Vnt.
789 3945 959 4009 proposuerim
972 3947 1042 4006 banc,
1060 3960 1122 4009 qrrrc
1135 3945 1165 3993 ed
1178 3945 1233 3994 uss.
1242 3939 1355 4004 proprius

243 4013 285 4075 ll)
303 4012 409 4077 guillel,
428 4013 467 4062 ubi
487 4012 537 4061 des.
560 4027 625 4062 voce.
644 4020 666 4061 et
679 4016 755 4062 oanni·
791 4013 899 4063 aceedit:
921 4013 1010 4063 iurarit
1030 4015 1091 4061 enirn
1104 4011 1217 4060 dominiis
1226 4021 1271 4070 per
1280 4006 1354 4065 filiunt

190 4082 234 4130 liis
254 4082 352 4137 sanetis,
375 4081 416 4142 qni
431 4086 593 4143 peccauerunt.
792 4095 875 4131 senen:
895 4082 935 4143 qui
952 4078 1115 4140 denegonerr'nt
1132 4076 1295 4137 sternisque,
1314 4071 1353 4134 dt·

243 4148 285 4211 12)
303 4147 448 4196 abstulerunt
466 4147 516 4196 Vnt.
792 4148 905 4212 spondent
921 4147 992 4194 ritem
1009 4157 1085 4201 recen,
1106 4141 1162 4205 guin
1182 4153 1234 4187 euin
1251 4139 1354 4214 denepc-

242 4214 284 4276 13)
303 4215 366 4278 qnod
387 4216 408 4262 si
435 4229 503 4278 super
520 4218 609 4264 statute
628 4215 666 4263 die
683 4215 756 4263 edlinc
793 4216 839 4263 teri
863 4219 917 4262 seint
934 4213 1005 4261 etiem
1028 4210 1054 4258 ie
1072 4207 1248 4255 aduenientibus
1265 4205 1355 4281 diebus

187 4288 308 4344 pesculum
324 4284 397 4342 suerit
415 4282 464 4330 l’al.
488 4282 683 4344 interpunctione
701 4289 757 4343 post
791 4280 817 4329 ln
838 4278 914 4328 Codd.
933 4276 1034 4326 Carmel.
1052 4272 1121 4322 llodl.
1145 4271 1227 4321 bamb.
1246 4272 1295 4321 l'ut.
1315 4287 1355 4335 qur

190 4347 229 4396 die
247 4363 268 4395 c.
279 4348 329 4396 llet.
349 4348 442 4398 sublate
461 4348 522 4397 alius
541 4348 648 4397 nuscitur
664 4362 758 4396 sensns.
792 4346 937 4409 denegaverit
953 4345 1027 4404 filleina
1046 4354 1117 4405 reque
1134 4340 1303 4404 despondentes
1321 4342 1357 4386 ci·

190 4411 306 4462 lemnon
325 4413 354 4464 de
373 4412 759 4478 dieiudlciilocusaccipieudus
792 4418 839 4463 tcnr
857 4425 923 4461 rm
946 4411 988 4474 qni
1011 4423 1072 4459 ncne
1096 4407 1233 4472 dementini
1256 4413 1309 4458 sent
1332 4408 1357 4453 in

189 4584 257 4595 .-..
