2886 4882
138 224 198 286 620
575 219 710 279 6666ss
728 219 868 280 168606.

136 380 315 456 κενοδοξίαις
340 384 398 442 τῶν
417 377 516 443 έθνῶν
525 377 740 483 ίδιψύχησαν,
767 372 807 460 μὴ
834 377 995 454 ίλπίζοντες
1021 381 1168 486 σωθῆναι
1199 373 1303 442 διῦι
1271 404 1321 453 τας

136 490 195 547 πρα
176 462 252 540 ἄξεις
274 469 331 527 τῶν
353 464 480 527 ἐθνῶν·’
502 455 583 527 οῦτοι
611 462 682 542 μετὰ
703 468 762 525 τῶν
782 463 881 526 ἐθνῶν
900 462 1110 565 ἐλογίσθησαν
1143 461 1306 568 Ἕτεροι
1291 464 1320 527 6

137 549 166 624 έξ
195 545 291 610 αύτῶν
321 543 501 627 έδιψύχησαν
538 542 578 627 μὴ
610 547 768 622 ἐλπίζοντες
799 552 936 626 σωθῆναι
965 541 1015 610 δια
1049 543 1104 621 τὰς
1132 544 1306 628 πράξεις’
1289 572 1319 621 ας

136 633 225 734 έπραξ
226 650 278 693 αν
303 629 393 735 ἕτεροι
421 629 451 693 δέ
481 628 663 730 ἒδιψύχησαν
694 630 745 693 καί
770 631 912 733 σχίσματα
943 629 1022 694 έν
1007 637 1127 704 εαντοῖς
1166 630 1316 711 ἐποίησαν.

140 711 261 788 Τούτοις
289 705 343 776 ούν
371 720 432 787 τοῖς
459 711 641 817 διψυχησασι
668 709 717 775 διὰ
748 708 799 787 τὰς
827 710 944 794 πράξεις
969 709 1066 777 αύτῶν
1103 712 1255 793 μετάνοια
1281 715 1318 778 ἔτι

134 792 371 877 301666’6
398 794 534 902 μετύνοιμ
561 793 659 859 αὐτῶν
685 790 784 876 ταχινὴ
816 793 927 875 ὀφείλει
947 792 1079 873 είναι,”
1064 794 1160 877 666
1183 800 1316 861 κατοικία

135 880 233 944 αὐτῶν
253 880 459 982 γένη[ται]8
432 903 473 953 εις
493 875 545 943 τὸν
544 876 690 983 πύργον
710 884 768 941 τῶν
788 877 876 941 δέ
840 905 881 962 μη
900 878 1141 960 μετανοούντων,
1164 877 1236 944 ἀλλ’
1260 882 1315 945 ἒπε-

135 962 280 1099 μενόντων
301 969 363 1036 ταῖς
382 959 553 1042 ἡδοναῖς,
536 988 552 1026 ο
576 971 706 1035 θανατος
727 960 819 1045 ἐγγύς.

218 1139 246 1194 Χ.
291 1127 390 1190 Οίδέ
416 1123 469 1201 τὰς
499 1126 628 1233 ῥάβδους
657 1119 863 1198 έπεδεδωκύτες
882 1122 1001 1209 χλαρύς,
1021 1122 1097 1190 αύτα
1120 1124 1212 1191 δὲ
1176 1153 1217 1190 τα
1240 1126 1313 1208 ῦκρα

133 1208 207 1315 ξηρὰ
223 1209 273 1272 καί
293 1206 412 1290 σχισμδς
433 1211 542 1291 έχοντα,
564 1204 645 1274 οῦτοι
665 1210 787 1274 πάντοτε
807 1205 918 1310 ύγαθοί
938 1210 988 1274 καί
1006 1209 1103 1273 πιστοί
1126 1210 1179 1273 καί
1200 1213 1313 1287 ἔνδοξοι

132 1291 260 1379 παρὰ
232 1299 272 1355 τῶ
298 1298 361 1379 θεῷ
367 1292 528 1401 ἐγένοντο,
557 1293 703 1375 ἐλάχιστον
725 1291 756 1355 δέ
778 1289 976 1397 [έξτῆμαρτονι
1002 1288 1054 1356 διδ
1073 1300 1186 1376 μικρᾶς
1208 1295 1312 1358 ἐντεθυ-

133 1379 201 1458 μίας
222 1355 271 1440 κύλ
291 1373 379 1459 μικρὰ
402 1374 467 1441 κατ’
492 1376 622 1483 ἆλλὴλρον
642 1379 767 1458 λέγοντες
789 1371 853 1438 ἄλλ’
877 1372 1052 1451 ύκούσαντές
1066 1400 1126 1456 μου
1141 1383 1204 1441 τῶν
1221 1377 1311 1483 6666

132 1487 189 1567 τριν
209 1458 241 1524 τὸ
262 1468 394 1526 πλεῖστον
415 1461 501 1542 μέρος
509 1460 591 1609 ὁταχύ
608 1459 791 1542 μετενόησαν,
812 1458 862 1520 καί
883 1456 1033 1542 έγένετοη
1052 1463 1191 1523 κατοικία
1214 1458 1311 1524 αύτῦν

133 1547 174 1620 εἰς
194 1542 246 1610 τὸν
266 1544 391 1630 πύργον·
414 1545 541 1621 τινέςδί
562 1543 709 1623 έξαύτῶν
729 1542 760 1606 ίδ
745 1540 923 1646 διψύχησον·
944 1542 1020 1618 τινές
1039 1542 1071 1606 δέ
1091 1541 1310 1626 διψυχησαντες

133 1632 316 1709 διχοστασίαν
343 1631 457 1709 μείζονα
480 1630 635 1711 ἐποίησαν
657 1629 688 1692 έν
718 1626 832 1699 τούτοις
851 1616 907 1688 οὖν
926 1627 1017 1690 ἔνεστι
1039 1629 1197 1732 μετανοίας
1217 1629 1308 1706 ἐλπίς,

133 1710 177 1857 66
194 1710 464 1900 666966666
482 1708 950 1899 65666¹²⁶6²66235
969 1706 1307 1902 663631326

133 1874 267 1976 ἐχούσας,
296 1879 379 1939 ουτοί
407 1879 478 1940 εἰσιν
504 1879 535 1940 οί
553 1876 756 1949 πιστεύσαντες
781 1872 889 1955 μόνον,
911 1902 947 1940 τα
935 1874 999 1940 δέ
1019 1877 1088 1979 ἔργα
1100 1883 1162 1981 τῆς
1182 1875 1307 1982 ῦιυμίας

131 1929 325 2060 ἐργαζόμενοι,
347 1956 484 2064 οῦδίττοτε
506 1957 610 2023 δὲῦπδ
632 1985 685 2024 του
671 1965 775 2023 θεοῦ
788 1957 959 2064 ῦπέστησαν,
981 1955 1079 2024 καί
1050 1983 1083 2024 το
1098 1957 1195 2065 ὄνομα
1211 1958 1307 2064 ηδίας

132 2038 303 2120 ἐβάστασαν,
326 2042 375 2103 καλ
397 2044 438 2116 είς
458 2041 527 2118 τοῦς
548 2045 650 2117 οίκους
670 2039 769 2106 αὐτῶν
764 2040 843 2147 ἡδί
843 2068 883 2117 ως
903 2040 992 2107 ύπεδέ
992 2047 1076 2120 ξαντο
1093 2040 1165 2118 τοῦς
1180 2042 1306 2119 δούλους

132 2131 184 2188 τοῦ
205 2130 288 2187 θεοῦ.
327 2122 518 2201 Ἀκούσαντες
537 2119 592 2191 οὖν
603 2125 721 2232 ταύτην
740 2123 794 2207 τὴν
815 2124 968 2230 μετάνοιαν
994 2123 1171 2203 οἰδεστῦκτως
1191 2127 1304 2234 μετενύ·

132 2229 205 2288 ησαν
224 2209 274 2271 καί
295 2206 469 2314 έργύζονται
478 2217 576 2275 πᾶσαν
597 2206 701 2311 ἇρετὴν
722 2210 772 2272 καί
782 2206 987 2315 δικαιοσυνην
1006 2208 1081 2286 τινίς
1102 2209 1141 2273 δέ
1156 2209 1245 2289 λζ’
1207 2219 1304 2276 αυτῶν

131 2292 182 2355 καί
209 2295 373 2395 φοβοῦνται
397 2291 587 2404 γινοίσγοντες
615 2291 667 2369 τὰς
693 2290 811 2397 πράξεις
837 2289 935 2358 αύτῶν
963 2289 998 2368 ῦς
1018 2294 1164 2376 ἔπραξαν·
1193 2293 1303 2360 τούτων

132 2366 188 2440 ούν
207 2372 324 2439 πάντων
345 2374 365 2458 6
384 2381 517 2442 κατοικία
538 2374 628 2454 είς
599 2402 651 2441 τον
671 2373 782 2460 πύργον
803 2376 888 2439 ἔσται.

214 2550 256 2610 xl.
300 2543 358 2606 Καί
393 2541 462 2624 μετὰ
489 2539 521 2607 τδ
552 2542 715 2606 συντελέσαι
739 2539 830 2605 αὐτὸν
862 2538 914 2615 τδς
942 2538 1085 2616 έπιλύσεις
1110 2547 1218 2606 πασῶν
1246 2548 1304 2607 τῶν

130 2625 168 2704 66
160 2620 249 2705 ’βδων
258 2627 343 2729 λέγει
363 2650 413 2706 μοι
393 2567 547 2731 μῗίπαγε,
569 2651 619 2689 και
638 2632 728 2688 πασιν
739 2624 837 2708 λέγε
822 2650 871 2688 ινα
886 2622 1081 2728 μετανοήσωσι
1096 2626 1146 2689 καί
1158 2623 1303 2728 ζήσωνται

130 2714 171 2792 τῷ
191 2704 281 2808 θεῶ,
309 2707 354 2772 ὅτι
382 2707 401 2772 6
429 2710 529 2790 κύριος
556 2709 669 2814 ἔπεμψέ
697 2732 731 2788 με
765 2709 987 2814 σπλαγχνισθεὶς
1014 2714 1086 2771 πᾶσι
1113 2711 1221 2813 δοῦναι
1240 2705 1305 2816 666

129 2772 298 2891 μετύνούαν,
326 2793 430 2897 καίπερ
456 2799 544 2855 τινῶν
570 2789 610 2872 μὴ
640 2789 732 2854 ὄντων
759 2789 848 2868 ἀξίαν
868 2789 917 2855 διὰ
943 2789 977 2855 τῦ
998 2792 1067 2875 ἔργα
1095 2788 1210 2855 αύτῶν
1232 2790 1305 2856 ῦλλύι

130 2870 373 3063 6666
344 2870 1304 3065 622231’0‘066‘3662666⁷‘²326622‘“6”

130 3060 229 3115 σαντες
257 3036 331 3103 αῦτῶ
361 3041 579 3124 μετανοήσουσι.
631 3043 782 3120 Πείθομαι
807 3038 862 3125 γὰρ
892 3040 937 3105 ὅτι
967 3036 1008 3116 είς
1037 3037 1214 3117 ἕκαστος
1182 3067 1220 3104 τα
1241 3043 1302 3106 ίδια

130 3123 198 3204 ἔργα
215 3120 362 3225 ἐπιγνούς
390 3125 440 3186 καί
466 3124 613 3203 φοβηθείς
643 3121 694 3185 τὸν
716 3121 790 3228 θεὸγ
812 3122 992 3228 μετανοήσει.
1030 3125 1304 3230 Ἀποκριθείςι
1251 3151 1304 3232 μοι

130 3203 224 3305 λέγει’
223 3203 313 3279 Όσοι,
335 3207 436 3284 φησίν,
457 3207 487 3282 έξ
508 3204 579 3285 ὅλης
598 3207 720 3286 καρδίας
747 3204 845 3271 αῦτῶν
865 3210 1079 3289 καθαρίσουσιν
1099 3206 1223 3284 έαυτοῦς
1244 3234 1303 3272 οπο

129 3293 187 3348 τῶν
208 3290 357 3387 πονηριῶν
386 3285 483 3351 αὐτῶν
508 3295 566 3351 τῶν
586 3287 801 3371 προειρημένων
825 3291 876 3353 καὶ
901 3291 1001 3371 μηκέτι
1028 3290 1118 3372 μηδέν
1146 3299 1303 3373 προσθῶσι

128 3376 191 3444 ταῖς
212 3364 420 3472 ύμαρτίαις’
384 3377 491 3476 αρτῶν,
514 3370 659 3474 ληψονται
680 3373 759 3436 ίασιν
779 3370 858 3455 παρὰ
878 3381 930 3437 τοῦ
951 3376 1055 3475 κυρίου
1076 3381 1135 3439 τῶν
1153 3375 1304 3479 προτέραν

128 3450 285 3539 ἇμαρτιῶν,
307 3449 415 3517 ίαν
379 3480 419 3536 μη
441 3425 642 3557 διύηχήσωσιν
662 3454 709 3519 ἒπί
724 3463 787 3531 ταῖς
808 3456 936 3532 έντολαῖς
955 3456 1079 3533 ταύταις,
1101 3457 1151 3521 καί
1167 3456 1304 3539 ζησονται

130 3542 170 3598 τῶ
191 3545 263 3623 θεῷ.
307 3534 354 3601 Σῦ
375 3538 406 3603 66
422 3537 551 3644 πορεύου
572 3538 604 3602 έν
624 3545 687 3613 ταῖς
709 3538 837 3615 έντολαις
848 3565 915 3621 μου
938 3540 987 3603 καί
1006 3546 1086 3644 ζῆθι
1133 3540 1234 3604 Ταῦτά
1254 3566 1304 3647 μοι

128 3600 223 3694 δείξας
234 3601 300 3682 καί
326 3621 452 3704 λαλήσας
478 3621 574 3689 πάντα
605 3620 680 3706 λέγει
708 3645 758 3701 μοι
799 3620 842 3686 Τῦ
871 3621 904 3686 δέ
929 3621 1016 3686 λοιπά
1046 3644 1093 3687 σοι
1122 3626 1206 3701 δείξω
1236 3622 1299 3706 μετ’

132 3699 231 3786 ὀλίγον
250 3698 366 3786 δεύεαι

212 3883 230 3939 1.
275 3871 373 3938 Μετδιι
394 3873 427 3940 τὸ
447 3875 561 3961 γράψαι
581 3904 616 3962 με
637 3877 688 3954 τὰς
711 3873 826 3951 ἐντολὰς
839 3875 1068 3962 καίπαραβολδς
1087 3902 1140 3943 του
1126 3879 1300 3960 ποιμένος,

128 3963 180 4021 τοῦ
202 3955 322 4042 ἀγγέλου
353 3964 406 4041 τῆς
427 3966 593 4041 μετανοίας,
620 3955 697 4045 ἦλθε
722 3957 797 4045 πρός
824 3984 859 4041 με
879 3963 927 4024 καί
956 3962 1031 4045 λέγει
1058 3986 1107 4042 μοι
1142 3961 1225 4027 Θέλω
1254 3984 1301 4026 σοι

129 4141 337 4154 ———

179 4257 205 4320 2)
223 4259 255 4308 ita
273 4258 332 4310 haec
346 4266 459 4324 corrupte
473 4259 496 4309 in
509 4258 563 4309 cod.
576 4259 695 4324 leguntur.
782 4264 839 4329 Cap.
852 4265 878 4314 X
915 4263 940 4328 1)
958 4258 1154 4334 [ἐξὴ]μαρτον.·
1172 4262 1205 4313 ita
1216 4278 1300 4327 apogr.

180 4357 207 4421 3)
222 4373 292 4409 -ται
308 4360 402 4426 syllaba
419 4360 488 4413 deest
503 4360 528 4411 iu
546 4373 629 4426 apogr.
781 4364 879 4413 SimXX.
890 4363 1301 4427 netnotamadinitiumsmvffl.

29 4424 196 4560 R
