2886 4882
248 229 541 291 neumnensium
584 233 681 292 claun
702 235 744 293 lll.
788 232 921 293 Sturum.
943 236 1009 299 tlte
1031 233 1075 310 (B)
1185 239 1245 300 517

72 415 175 456 onmes.
205 398 253 467 Qui
277 416 338 455 cum
361 400 506 467 venisseut,
529 408 556 457 et
576 400 643 456 lucis
665 401 723 458 suis
739 401 887 469 stetissent,
910 402 947 456 ait
963 400 1028 458 illis:
1049 405 1151 479 virgam
1166 424 1243 464 suam

71 482 258 555 unusquisque
281 482 416 550 extrahat,
439 483 552 539 etmihi
574 482 686 541 adierat.
730 483 812 539 Primi
835 499 902 556 ergo
926 479 1041 554 [erant]
1075 489 1121 560 qui
1153 489 1243 546 aridas

68 566 157 637 virgas
179 572 330 638 putresque
353 563 529 620 tradiderunt.
572 564 700 621 liliussit
720 582 770 622 eos
801 581 928 620 seorsum
950 574 1031 622 stare.
1074 567 1113 625 llli
1136 571 1242 642 iterum,

69 647 115 719 qui
138 647 228 703 aridas
250 647 339 720 uirgas
370 655 398 702 et
419 663 472 703 uon
495 656 588 720 putres
621 646 791 714 habuerunt,
821 647 903 720 aliqui
933 665 965 704 ex
993 642 1102 705 iisdem*
1133 652 1241 722 virides,

68 729 149 802 aliqui
173 729 263 785 aridas
286 738 435 802 putresque
455 729 528 784 velut
549 746 563 784 a
586 731 656 786 tinen
681 738 765 786 tactas
780 730 959 786 tradiderunt
1002 731 1101 788 Omnes
1123 736 1241 808 separati

68 819 139 879 suut,
163 819 190 867 et
211 811 310 885 singuli
339 812 373 868 ad
402 811 454 866 sihi
482 812 599 867 similem
628 813 711 885 positi
741 819 812 869 suut
855 811 956 868 Deinde
986 812 1046 882 alii,
1076 817 1122 888 qui
1151 818 1240 891 virgas

68 893 227 950 semiaridas
243 896 434 967 scissurasque
458 893 589 950 habentes
613 895 756 963 tenebant,
777 894 853 951 multi
876 912 908 951 ex
929 894 982 951 illis
1003 896 1104 953 virides
1123 898 1240 955 tradide-

68 985 131 1032 runt
151 977 211 1032 sine
234 977 380 1046 scissuris;
408 975 516 1049 quidam
545 993 611 1033 vero
642 978 742 1034 virides
773 978 971 1051 pampinesque
1002 977 1132 1036 habentes
1163 988 1190 1037 et
1211 982 1239 1037 in

64 1051 212 1132 parmpinis⁸
234 1058 350 1115 fructum
373 1060 445 1114 sicut
465 1059 501 1114 illi
527 1059 689 1128 hahuerunt,
711 1060 756 1133 qui
780 1060 806 1115 in
828 1066 930 1116 turrem
951 1060 1077 1116 abierunt
1098 1063 1239 1132 coronati;

66 1149 94 1199 et
115 1159 147 1196 ex
170 1142 211 1197 his
234 1141 316 1197 iussit
336 1141 369 1197 ad
392 1141 443 1196 sibi
467 1141 581 1197 similem
605 1143 679 1215 puni.
723 1142 885 1199 Obtulerunt
907 1158 1017 1215 quoque
1040 1150 1066 1198 et
1088 1143 1124 1200 illi
1147 1145 1237 1220 virgas

65 1241 145 1288 suas,
168 1224 213 1294 qui
236 1232 330 1296 putres
361 1232 388 1279 et
407 1225 497 1279 aridas
519 1223 691 1290 haliuerunt3
724 1223 769 1280 alii
789 1224 878 1280 aridas
912 1241 962 1280 nec
989 1233 1099 1299 putres;
1129 1227 1238 1300 quidam

65 1305 225 1362 semiaridas
246 1306 436 1378 scissurasque
458 1304 598 1374 habentes,
621 1307 692 1362 sicut
712 1314 740 1362 et
761 1313 821 1362 ante
845 1306 1021 1363 obtulerunt:
1044 1315 1073 1363 et
1090 1325 1137 1364 eos
1160 1310 1240 1368 iussit

64 1387 98 1442 ad
121 1389 173 1444 sibi
195 1388 297 1444 similes
320 1389 383 1461 poni
406 1397 557 1463 separatos.

152 1533 191 1605 (a)
213 1536 241 1589 V.
285 1537 324 1592 llli
345 1539 440 1603 etiam,
464 1537 510 1609 qui
532 1535 632 1591 virides
662 1536 850 1610 scissurasque
874 1536 1005 1592 habentes
1036 1537 1125 1610 virgas
1154 1539 1238 1596 habu·

66 1627 156 1682 erunt,
179 1619 208 1675 hi
229 1636 324 1676 omnes
347 1620 447 1676 virides
468 1617 649 1685 tradiderunt,
673 1625 699 1673 et
722 1618 748 1673 in
771 1620 876 1691 agmine
899 1612 960 1676 suo¹
989 1619 1057 1675 iussi
1088 1627 1238 1692 steteruut3

66 1701 249 1774 gaudiumque
272 1718 303 1757 ex
325 1702 363 1757 eis
386 1701 507 1757 habitum
529 1708 579 1768 est,
602 1699 677 1772 quod
691 1717 785 1757 omnes
799 1709 892 1757 essent
910 1707 1036 1768 mutatae,
1059 1709 1087 1757 et
1101 1703 1238 1761 scissuras

66 1783 266 1855 deposuissent.
310 1782 357 1851 llli,
379 1784 424 1857 qui
447 1782 571 1839 dimidias
594 1782 711 1850 virides,
734 1782 857 1839 dimidias
878 1784 968 1840 aridas
989 1782 1146 1853 habuerant,
1169 1803 1236 1860 quc·

67 1864 191 1920 rumdam
214 1866 303 1938 virgae
326 1866 448 1921 inventae
471 1872 534 1920 sunt
556 1863 666 1933 virides,
689 1867 868 1940 quorumdam
890 1865 1061 1934 semiaridae,
1083 1866 1238 1939 aliquorum

67 1946 158 2002 aridae
181 1957 349 2022 putresque,
371 1948 484 2004 aliorum
516 1947 616 2004 virides
639 1950 836 2023 pampinosque
858 1949 1006 2006 habentes:
1028 1956 1056 2004 et
1076 1950 1120 2005 isti
1143 1966 1236 2008 omnes

65 2029 140 2085 missi
164 2039 228 2087 sunt
249 2031 440 2104 unusquisque
462 2031 497 2086 ad
527 2047 604 2086 suum
627 2047 731 2103 agmen.
774 2030 812 2087 llli
835 2033 924 2100 etiam,
947 2030 1040 2105 quiin
1063 2032 1146 2106 ringis
1168 2033 1236 2091 duas

63 2102 169 2184 partes²
191 2114 305 2182 virides,
328 2122 356 2170 et
377 2115 482 2170 tertiam
516 2113 619 2169 aridam
641 2112 808 2181 habuerunt,
829 2114 905 2170 multi
933 2130 966 2170 en
995 2112 1038 2168 liis
1065 2115 1238 2172 tradiderunt

62 2194 178 2262 virides3
202 2196 312 2268 quidam
333 2212 397 2251 veru
419 2193 595 2260 semiaridas;
615 2194 658 2250 alii
680 2196 769 2250 aridas
798 2203 964 2268 putresque:
992 2201 1019 2248 et
1041 2194 1068 2249 hi
1091 2212 1186 2253 ornnes
1208 2199 1234 2253 iu

64 2293 114 2331 suu
137 2278 244 2347 agmine
266 2277 456 2348 unusquisqne
487 2281 629 2330 steterunt.
673 2275 723 2331 lllii
754 2291 818 2331 vero
847 2274 1024 2348 porrigebant
1051 2277 1141 2349 virgas
1163 2294 1236 2344 suas,

63 2349 145 2430 quac³
169 2358 237 2413 duas
258 2364 350 2428 partes
372 2356 462 2412 aridas
484 2354 654 2421 habuerunt,
677 2356 783 2412 tertiam
806 2363 894 2411 autern
916 2363 1021 2428 partem
1040 2357 1161 2413 viridem.
1203 2358 1237 2414 ur

62 2438 137 2494 multi
159 2454 192 2495 en
213 2438 256 2493 his
279 2438 450 2493 tradiderunt
471 2436 645 2503 semiaridas3
667 2436 749 2510 aliqui
771 2437 900 2493 aridaset
916 2444 1026 2509 putrem
1050 2437 1133 2509 aliqui
1155 2440 1235 2494 sem'r·

62 2520 152 2577 aridas
180 2528 209 2575 et
237 2521 373 2575 scissuras
403 2519 526 2574 minimas
557 2517 704 2586 hahentes3
734 2518 777 2575 alii
807 2518 907 2574 virides
936 2516 1121 2573 tradiderunt:
1152 2526 1180 2574 et
1208 2520 1234 2575 hi

62 2618 157 2658 omues
185 2609 319 2658 steterunt
346 2603 373 2656 in
402 2617 453 2656 suo
482 2602 597 2674 agmine.
641 2598 744 2657 Deinde
774 2600 827 2668 illi,
854 2599 901 2672 qui
928 2600 1017 2672 virgas
1048 2616 1111 2655 suas
1133 2601 1234 2658 virides

62 2683 212 2751 habebant,
242 2692 268 2740 et
289 2684 427 2740 minimum
450 2684 555 2740 aridum
576 2692 604 2739 et
624 2684 760 2739 scissuras
781 2681 927 2738 habentes:
957 2698 989 2737 er
1009 2681 1053 2737 his
1074 2681 1157 2755 aliqui
1173 2684 1234 2739 viri·

62 2766 110 2822 des
133 2767 282 2832 dedemut;
306 2767 414 2839 quidam
436 2774 525 2822 autem
550 2782 582 2822 en
603 2767 643 2822 eis
664 2766 766 2822 virides
797 2765 997 2838 pampinosque
1026 2763 1157 2822 habentes
1186 2765 1233 2822 ub·

62 2848 196 2918 tulerunt;
218 2859 261 2916 et,
290 2857 320 2904 ut
348 2849 415 2905 iussi
445 2856 522 2916 sunt,
551 2849 642 2904 ierunt
667 2850 857 2922 unusquisque
888 2848 914 2902 in
944 2863 1022 2902 suum
1054 2863 1158 2920 agmen.
1200 2848 1231 2904 lli

60 2940 158 2998 autem,
180 2933 273 3009 quiin
296 2932 378 3004 virgis
401 2932 458 2987 suis
480 2931 619 2987 minimum
641 2926 758 2999 viride:
779 2930 914 3003 reliquum
936 2928 1040 2985 aridum
1072 2929 1233 3000 habuemnt,

65 3013 162 3070 hurum
182 3017 272 3088 virgae
295 3014 390 3070 maiori
419 3030 452 3070 er
480 3021 556 3086 parte
586 3015 708 3070 inventae
737 3020 802 3069 sunt
828 3011 929 3069 virides
957 3027 1103 3086 ramusque
1131 3012 1234 3071 habere

64 3102 91 3150 et
112 3096 138 3150 in
162 3097 272 3153 ramulis
294 3096 418 3154 fructum.
461 3095 493 3150 Et
515 3104 685 3152 caeterorum
701 3097 790 3168 virgae
805 3103 876 3151 tntae
898 3095 996 3151 virides
1011 3095 1133 3151 inventae
1155 3103 1234 3151 sunt:

14 3197 21 3210 ·
64 3176 98 3232 de
131 3178 230 3250 quibus
260 3186 352 3251 pastor
385 3179 428 3234 ille
456 3195 582 3251 magnum
612 3178 738 3251 gaudium
767 3178 906 3250 percepit,
935 3177 1008 3250 quud
1036 3176 1105 3234 tales
1133 3177 1233 3234 inventi

64 3267 173 3327 esseut;
195 3268 222 3315 et
244 3261 287 3316 isti
310 3261 375 3316 iussi
400 3261 490 3317 ierunt
511 3262 699 3333 unusquisque
722 3261 755 3316 ad
779 3277 858 3317 suum
881 3275 985 3333 agmen.

148 3404 186 3477 (n)
209 3406 250 3467 Vl.
295 3410 414 3482 Cumque
443 3411 563 3465 emnium
584 3410 672 3483 virgas
703 3410 921 3475 considerasset,
943 3409 981 3462 ait
1008 3408 1088 3464 milri:
1116 3407 1232 3463 dixeram

65 3490 120 3558 tibi,
142 3490 268 3546 arborem
292 3493 361 3547 hanc
383 3509 473 3550 amare
497 3495 585 3549 vitam
629 3490 716 3558 Vides,
740 3493 838 3565 inquit,
858 3492 920 3563 quia
942 3488 1018 3544 multi
1040 3488 1147 3560 egerint
1168 3503 1231 3560 pue·

113 3719 139 3777 9)
158 3720 286 3767 munerum
297 3720 357 3780 Van,
375 3734 401 3768 ex
420 3735 468 3783 quo
487 3718 563 3768 adieci
573 3735 629 3782 pur·
714 3717 772 3781 Cap.
790 3716 828 3764 Vl.
864 3711 889 3775 1)
907 3711 956 3760 Cir.
973 3725 1046 3776 snpra
1067 3727 1088 3762 c.
1106 3711 1129 3761 2.

64 3796 109 3836 tem
126 3787 219 3834 invente
237 3787 288 3834 Pal.
715 3784 744 3848 2)
762 3783 871 3846 queniam
888 3779 938 3827 Vel.

115 3853 157 3915 10)
175 3853 247 3902 lleest
264 3867 353 3916 qunque
370 3852 393 3900 in
410 3851 474 3911 Vnt,
494 3852 549 3902 dein
567 3855 629 3902 enim

62 3936 86 3984 p.
107 3927 190 3969 nutem.
714 3916 740 3980 2)
758 3915 847 3964 lisdem
865 3913 915 3965 Pal.

112 3988 155 4051 11)
172 3987 202 4035 lli
221 3989 291 4049 igitur
314 3987 484 4037 constituerunt
508 4002 585 4038 omnes
605 3988 629 4033 iu
714 3983 742 4044 3)
758 3985 880 4045 pampinea
901 3981 960 4042 rar„
979 3978 1065 4031 deiude
1084 3979 1110 4025 in
1127 3981 1196 4024 turre.
1218 4044 1221 4052 Ι

63 4070 106 4104 ⁸¹⁴⁰
114 4055 342 4186 11211181111111111111111
349 4053 462 4171 mam
474 4119 627 4170 stridentes
713 4048 964 4180 18))111111111Ρ.ΙἿ
974 4044 1129 4111 posmodum
1137 4048 1231 4095 Μαι..

116 4188 156 4250 13)
173 4138 261 4239 11ωὲονε
278 4189 328 4238 Vnt.
712 4183 727 4233 ³
759 4185 799 4248 qui
816 4183 866 4232 Pal.
1065 4240 1071 4253 .
1185 4241 1190 4253 ι
1222 4242 1228 4254 .

116 4253 158 4313 11)
177 4256 213 4304 Es
231 4258 268 4305 lis
286 4259 357 4319 uirgis
369 4256 471 4318 percepit
486 4252 629 4302 vehementer
716 4251 860 4313 lietaldum
884 4247 946 4306 Pal,
969 4243 1011 4295 ubl
1033 4242 1120 4292 demde
1143 4256 1230 4306 scripsi

62 4324 98 4371 liic
115 4330 196 4384 paster
212 4322 263 4371 Vnt
663 4332 683 4364 c.
702 4318 765 4379 vulg.
785 4317 839 4367 lect.
857 4315 942 4365 meiere·
968 4326 999 4360 ee
1022 4316 1090 4374 perte
1114 4324 1138 4374 p.
1155 4311 1231 4359 maier

116 4386 158 4452 15)
178 4390 202 4436 in
220 4402 263 4438 aare
283 4389 378 4452 agmine
395 4387 445 4437 Vat
661 4399 727 4446 gera.
