2886 4882
363 256 558 320 κιοννιυυκ
581 261 687 337 (ιντο.)
710 263 738 325 s,
758 262 891 326 ιοαινιι.
918 260 962 328 ιιι.
1190 262 1245 333 λιι

75 415 127 498 τήν
147 415 296 498 εὐσέβειαν
318 419 408 499 ἴσμεν,
430 417 475 483 ότι
485 419 555 501 μετά
566 418 620 502 τήν
634 421 772 484 ἐντεῦθεν
783 419 825 486 ἀπ
921 423 952 488 ’ν
963 424 1137 505 ἀναστάντες
1151 426 1249 495 ἀίδιον

75 498 150 582 ζωήν
176 501 278 582 ἕξομεν
302 501 333 564 ἐν
357 508 473 589 Χριστῷ
502 502 640 585 ἀνελλιπῆ
661 505 710 568 καλ
728 503 892 589 ἀδιάδοχον,
914 533 951 582 ις
966 505 1077 592 ἀπέδρα
1092 509 1184 595 δδῦνη
1197 516 1248 579 καί

75 582 153 666 λῦπη
175 585 224 647 καί
249 584 413 668 στεναγμός.
461 586 603 668 Τραϊανός
624 584 716 651 εἶπεν·
738 589 794 672 ἐγιῦ
814 588 976 666 καταλύσας
996 589 1079 672 ῦμιῦν
1099 593 1152 676 τήν
1172 600 1248 679 αἶρε·

74 688 120 732 σιν
149 666 258 744 διδάξω
279 666 356 749 ῦμῦς
377 680 538 752 σωφρονεῖν
559 673 608 734 καὶ
629 670 669 752 μή
691 670 882 754 διαμάχεσθαι
902 683 964 750 τοῖς
978 671 1125 756 Ῥωμαίων
1142 676 1247 764 δόγμα-

74 773 129 815 σιν.
169 746 308 834 Ἰγνάτιος
330 749 423 816 εἶπεν·
445 755 495 817 καὶ
515 758 557 828 τίς
577 753 708 831 δῦναται,
727 759 864 836 βασιλεῦ,
884 765 960 822 θεοῦ
982 758 1143 842 οἰκοδομήν
1163 789 1248 826 κατα-

73 842 174 912 λῦσαι;
195 831 251 898 κάν
272 833 325 920 γάρ
347 836 511 924 ἐπιχειρήσῃ
533 863 591 918 τις,
615 835 701 902 οῦδέν
722 838 801 927 αῦτρῖ
820 843 908 905 πλέον
927 838 1061 946 ῦπάρηει,
1083 842 1105 924 ή
1126 841 1158 906 τό
1180 855 1248 910 θεο-

73 917 166 1000 μάχον
178 915 266 982 εἶναι·
289 916 376 1003 όγόρ
400 919 623 1003 Χριστιανισμός
644 919 679 985 οῦ
700 921 791 1003 μόνον
811 923 847 988 οῦ
866 932 1096 1007 καταλυθησεται
1116 924 1175 990 ῦπδ
1191 936 1249 993 τῶν

74 999 252 1086 ἀνθρώπων,
275 1001 339 1065 ἀλλ’
371 1002 509 1085 ὁσημέραι
529 1002 651 1085 δυνόμει
686 1011 813 1089 Χριστοῦ
833 1010 875 1082 εἰς
904 1005 1025 1090 αῦξησιν
1046 1008 1179 1073 ἐπιδώσει
1198 1012 1248 1075 καί

73 1087 198 1171 μέγεθος
219 1084 292 1149 κατά
321 1084 356 1149 τά
384 1085 484 1150 αιἰτά·ι
513 1089 563 1150 καί
594 1085 731 1163 ὧααῦτως
760 1092 833 1171 ἔχων
859 1090 1013 1172 προκοπήν
1041 1092 1246 1176 λαμπρότητος,

74 1167 150 1276 δηιοῦ
165 1169 215 1234 καί
229 1168 410 1251 σεμνότητος,
433 1170 587 1251 έκλάμψεδ
601 1174 798 1256 μαρμαρυγάς.
827 1175 1025 1256 πλησθήσεται
1043 1174 1097 1260 γάρ
1112 1177 1248 1258 σύμπασα

77 1280 96 1335 η
118 1260 157 1337 γῆ
178 1260 231 1316 τοῦ
252 1261 359 1359 γνῶναι
381 1253 434 1316 τόν
461 1253 579 1338 κόριον,
603 1253 643 1330 τός
663 1255 743 1338 ῦδωρ
763 1255 839 1321 πολὺ
860 1257 1065 1337 κατακαλύψαι
1085 1258 1248 1334 θαλάσσας·

75 1335 110 1401 οῦ
121 1343 217 1412 καλῶς
228 1362 293 1421 γαρ,
314 1341 442 1418 βασιλεῦ,
464 1339 576 1421 αἵρεσιν
597 1337 752 1413 ἀποκαλεῖς
771 1338 822 1403 τόν
840 1340 1082 1424 Χριστιανισμόν·
1103 1341 1177 1407 πολὺ
1194 1342 1247 1428 γάρ

76 1423 185 1503 αἵρεσις
205 1423 433 1503 Χριστιανισμοῦ
454 1420 636 1502 κεχώρισται·
664 1421 888 1504 Χριστιανισμός
908 1422 963 1510 γάρ
984 1432 1037 1489 τοῦ
1055 1422 1151 1501 ὄντος*
1172 1432 1249 1490 θεοῦ

77 1506 231 1588 ἐπίγνωσίς
251 1505 344 1581 ἐστιν,
367 1507 416 1568 καὶ
437 1513 489 1567 τοῦ
512 1512 688 1589 μονογενοῦς
708 1506 776 1568 υἱοῦ
800 1504 899 1584 αὐτοῦ,
922 1508 972 1570 καὶ
992 1514 1044 1588 τῆς
1064 1507 1137 1571 κατά
1155 1508 1248 1591 σάρκα

76 1588 229 1668 ἐπιδημίας
252 1584 361 1662 αὐτοῦ,
384 1587 433 1651 καί
457 1589 610 1662 Μωϋσέως
631 1589 834 1669 συνεπομένων
861 1590 911 1654 καί
939 1597 998 1654 τῶν
1023 1597 1077 1670 τῆς
1104 1595 1249 1669 πολιτείας

75 1677 226 1752 ταλαῖντῆ
248 1668 435 1749 ἀδιαψεύστω
455 1673 626 1753 θρησκεία*
647 1675 711 1735 τίνα
734 1670 765 1735 δέ
785 1669 870 1754 ήμῶν
891 1674 980 1757 ἐγνως
1000 1671 1100 1737 στάσιν
1127 1677 1177 1739 καί
1197 1676 1248 1740 πό-

75 1762 161 1836 λεμον
180 1735 305 1861 ἀγαπᾶν,
327 1751 392 1836 οῦγί
413 1736 445 1817 δέ
466 1736 720 1835 ῦποτασδομένους
740 1753 887 1838 ἀρχουσιν,
909 1751 954 1832 οές
969 1754 1126 1832 ἀκίνδυνος
1141 1755 1163 1839 ή
1178 1756 1249 1824 ἀπσ-

75 1836 164 1923 ταγής
186 1841 393 1919 ομονοοῦνταςὅ
416 1841 566 1921 εἰρηνικῶς
588 1840 620 1902 ἐν
640 1848 701 1914 τοῖς
717 1837 867 1919 φυλόκοις,
890 1836 1094 1915 ἀποτείνοντας
1105 1848 1177 1906 πᾶσι
1197 1841 1249 1919 τάς

77 1919 211 2001 όφειλάς·
231 1930 292 1997 τοῖς
312 1920 363 1986 τόν
386 1920 488 2004 φόρον,
510 1921 561 1986 τόν
582 1920 683 2005 φόρον,
705 1931 767 1998 τοῖς
787 1921 839 1987 τόν
859 1921 965 2008 φόβον,
987 1922 1040 1988 τόν
1055 1921 1165 2009 φόβον,
1187 1935 1249 2002 τοῖς

76 2003 106 2069 τδ
128 2006 215 2082 τέλος,
235 2003 267 2069 τό
288 2006 377 2082 τέλος,
399 2015 460 2081 τοῖς
480 2004 534 2087 τὴν
554 2002 648 2088 τιμήν,
669 2003 723 2087 τήν
736 2005 832 2089 τιμὴν,
852 2007 1031 2083 σπεύδοντας
1043 2009 1143 2090 μηδενί
1159 2006 1250 2090 μηδέν

77 2086 220 2168 όφείλειν,
242 2086 263 2170 ή
284 2087 316 2151 τό
344 2088 460 2173 ἀγαπᾶν
480 2087 637 2171 ἀλλήλους·
659 2089 856 2174 δεδιδάγμεθα
884 2090 942 2198 γάρ
962 2087 1041 2173 παρὰ
1071 2099 1123 2155 τοῦ
1145 2093 1249 2175 κυρίου

76 2169 159 2253 ήμῶν
176 2170 274 2253 Ἰησοῦ
309 2177 450 2253 Χριστοῦ,
469 2171 509 2252 μή
531 2172 621 2253 μόνον
641 2171 694 2236 τόν
722 2178 845 2255 πλησίον
878 2179 1007 2257 αγαπάν,
1031 2172 1101 2237 ἀλλά
1123 2176 1172 2237 καί
1197 2174 1248 2240 τδν

79 2254 198 2361 ἐγθρδν“
226 2253 371 2330 εὐποιεῖν,
403 2254 453 2317 καὶ
473 2253 630 2337 εὐεργετεῖν
657 2253 726 2330 τοῦς
756 2263 911 2335 μισοῦντας
931 2254 1024 2338 ήμᾶς,
1041 2257 1091 2319 καὶ
1113 2254 1270 2338 εὔχεσθαι

48 2389 53 2399 .
79 2339 150 2422 νιτέρ
171 2346 229 2402 νῦν
250 2336 464 2417 ἐπηρεαζόντων
482 2334 561 2417 ήμῦς
589 2337 638 2400 καί
658 2335 838 2401 διωκόντων·
865 2339 893 2399 τί
921 2339 953 2401 δέ
981 2357 1027 2401 σοι
1054 2339 1249 2421 προσέκρουσε

79 2420 111 2486 τό
133 2426 362 2505 Χριστιανισμοῦ
383 2419 533 2503 κήρυγμα,
558 2417 657 2496 ἐξόταυ
677 2417 800 2503 ἤρξατο,
822 2416 898 2484 elai·
926 2412 983 2502 ἀρα
1002 2417 1041 2500 μή
1063 2446 1090 2483 τι
1111 2420 1249 2502 νεώτερον

82 2507 261 2588 συμβέβηκεν
282 2504 329 2566 ἐπί
350 2501 403 2584 τήν
422 2503 569 2583 Ῥωμαίων
588 2500 693 2585 ἀρχήνς
716 2499 780 2583 οδχλ
799 2502 832 2566 δέ
852 2503 903 2564 καὶ
921 2501 942 2584 ή
963 2504 1122 2608 πολυαρηία
1144 2505 1184 2578 εἰς
1198 2528 1249 2586 μο-

81 2593 200 2672 ναρχίαν
220 2587 377 2668 μετέπεσεν,
400 2588 448 2650 καί
470 2584 641 2670 Αῦγουστος
660 2582 678 2648 ό
699 2583 750 2661 σός
771 2585 925 2669 πρόγονος,
946 2583 995 2664 ἐφ’
1020 2578 1056 2648 οῦ
1076 2611 1092 2648 ο
1113 2583 1250 2693 ήμέτερος

83 2671 177 2754 σωτήρ
195 2672 298 2752 ἐτέχθη
320 2671 352 2733 ἐκ
372 2671 526 2752 παρθένου
554 2670 605 2733 καί
634 2666 743 2752 ἐγένετο
773 2665 913 2751 όπροόην
933 2666 1005 2743 θεὸς
1025 2667 1109 2753 λόγος
1138 2667 1180 2733 ἀν
1201 2692 1249 2734 αν-

81 2766 201 2838 θρωιιος
215 2754 254 2817 δι’
271 2753 358 2835 ήμῦς,
372 2754 471 2834 μόνοςτ
493 2751 555 2834 οόχλ
578 2755 671 2817 αίῦνα
691 2752 761 2816 όλον
773 2754 957 2832 ἐβασίλευσεν
971 2749 1149 2833 πεντήκοντα
1169 2752 1249 2830 ὅλοις

82 2840 224 2913 ἐνιαυτοῖς
243 2840 291 2901 καὶ
321 2835 390 2901 έπτά
410 2834 485 2920 πρός
514 2844 602 2919 μησεν
632 2833 745 2913 ἀλλοις,
766 2833 911 2917 κρατήσας
941 2842 994 2917 τῆς
1021 2843 1079 2899 τῶν
1104 2833 1250 2919 Ῥωμαίων

82 2921 171 3005 ἀρχῆς
192 2921 242 2986 καί
262 2920 444 3003 μοναρχήσας
466 2917 505 2995 ιός
526 2918 622 2996 οὐδεὶς
642 2921 737 3001 έτερος
757 2926 815 2983 τῶν
835 2917 892 3002 πρό
906 2916 1013 2997 αῦτοῦς
1031 2917 1067 2983 οῦ
1080 2927 1139 2983 πᾶν
1155 2925 1252 2999 φῦλον

82 3005 160 3093 αὐτῷ
181 3002 325 3089 όπετάγης
347 3002 436 3085 καλή
458 3002 597 3086 πρότερον
619 3001 718 3082 ἀμιξία
731 3009 790 3066 ταῖν
805 3004 885 3067 ἐθῶν
899 3003 949 3066 καί
963 3000 995 3065 τδ
1016 2999 1090 3085 πρός
1111 3002 1252 3150 ἀλλήλους

82 3098 165 3171 μῖσος
186 3086 309 3167 διελόθη
331 3088 362 3149 έκ
383 3096 435 3170 τῆς
455 3094 507 3150 τοῦ
520 3094 648 3169 σωτῆρος
659 3083 743 3167 ήμῶν
755 3086 918 3167 ἐπιδημίας.
947 3082 969 3165 ή
982 3084 1140 3168 σύγκλητος
1155 3106 1249 3151 επεν·

83 3175 138 3250 ναλ,
159 3178 249 3235 ταῦτα
270 3170 362 3244 οῦτως
384 3173 452 3252 ἔχει,
473 3168 513 3244 τός
534 3166 632 3245 εἶπας,
649 3166 778 3253 Ἰγνάτιε.
813 3167 883 3233 ἀλλά
911 3173 997 3231 τοῦτο
1026 3166 1251 3314 ἀγανακτοῦμεν,

83 3254 127 3319 δτι
147 3252 201 3336 τήν
220 3256 286 3336 περὶ
307 3250 375 3328 τοῦς
396 3251 487 3327 θεοὺς
499 3255 660 3334 θρησκείαν
672 3253 832 3315 κατέλυσεν.
870 3248 1009 3334 Ἰγνάτιος
1022 3271 1114 3315 επεν·
1138 3244 1162 3316 ἀ
1182 3259 1250 3335 λαμ-

82 3336 141 3420 πρά
161 3340 305 3421 γερουσία,
328 3335 423 3418 ὥσπερ
444 3334 480 3398 τά
492 3333 655 3418 ἀλογιῦτερα
665 3342 723 3397 τῶν
740 3336 839 3398 ἐθνῶν
858 3334 1041 3410 καθυπέταξε
1056 3341 1091 3422 τῇ
1104 3331 1252 3416 Ῥωμαίων

85 3419 167 3509 ἀρχῇ,
187 3419 227 3501 ἣν
248 3422 278 3483 οἱ
302 3415 435 3502 ήμέτεροι
459 3415 539 3502 λόγοι
568 3416 690 3499 σιδήραν
710 3413 822 3499 ρἀδον
842 3415 1054 3493 ἀποκαλοῦσιν,
1083 3415 1176 3493 οῦτως
1203 3416 1253 3484 καλ

81 3503 116 3567 τά
145 3501 260 3584 πονηρά
287 3499 345 3565 ἀπό
376 3510 434 3566 τῶν
462 3497 629 3581 ἀνθριόπων
657 3497 774 3580 ἐξήλασε
799 3498 964 3581 πνεόματα,
993 3499 1045 3563 ἐνα
1076 3501 1127 3562 καὶ
1161 3499 1252 3582 μόνον

83 3589 267 3670 καταγγείλας
287 3582 338 3648 τόν
358 3586 406 3648 ἐπί
425 3582 541 3647 πόντων
560 3580 643 3646 θεόν.
672 3583 723 3645 καί
744 3580 780 3646 οῦ
802 3590 888 3646 τοῦτο
930 3579 1020 3655 όνον,
1035 3578 1105 3644 ἀλλά
1130 3586 1179 3647 καῖ
1200 3588 1254 3667 τῆς

83 3676 187 3753 πικρᾶς
207 3666 304 3732 αὐτῶν
319 3671 451 3742 δουλείας
472 3663 639 3748 ἀπήλλαξεν,
662 3665 829 3747 αίμοβόρων
840 3665 890 3728 καί
902 3663 1022 3727 ανιλέων
1033 3660 1125 3728 όντων
1147 3663 1252 3734 αὐτῶν.

84 3749 119 3815 οῦ
139 3759 179 3839 τῷ
200 3750 322 3836 θανάτμ
340 3759 398 3815 τῶν
415 3747 559 3831 φιλτάτων
579 3745 661 3828 όμῦν
682 3748 908 3855 ἐνετρυφήσανς*
931 3743 986 3810 οῦκ
1006 3746 1158 3827 ἐμφυλίοις
1172 3748 1253 3812 πολέ·

86 3858 149 3914 μοις
169 3832 245 3916 ῦμῦς
266 3836 412 3916 έμίαινον;
443 3831 498 3897 οῦκ
519 3830 691 3913 ἀσχημονεῖν
713 3829 789 3912 ἀμᾶς
808 3828 970 3914 ηνάγκαζον
990 3828 1118 3913 γυμνοὺς
1138 3828 1253 3912 θεατρί-

89 3924 189 3993 ζσντες,
210 3918 259 3981 καλ
277 3917 329 3992 τάς
350 3925 489 4001 γυναῖκας
509 3913 591 3996 ὑμῶν
611 3911 723 3998 γυμνός
744 3911 784 3989 ῦς
802 3914 833 3976 έν
846 3914 1022 3998 αἰχμαλωσίᾳ
1035 3910 1253 3995 πομπεῦοντες,’

139 4088 164 4147 ί)
182 4089 255 4136 Forte
273 4087 318 4147 1ος.
337 4081 428 4135 αὐτοῦ.
735 4078 765 4143 5)
780 4080 965 4150 ὁμονοοῦντες
979 4080 1030 4129 vat.

138 4154 167 4213 ἀ)
184 4148 366 4221 ‘'mmm“
384 4151 433 4200 νη
738 4162 766 4225 6)
785 4165 843 4215 ταῖν
860 4156 972 4230 ἐχθροῖν
989 4161 1037 4210 Vnt.

138 4219 167 4282 3)
187 4222 235 4270 τοῦ
252 4215 333 4274 ὄντος
353 4210 442 4272 ὅντως
461 4216 509 4264 Vni.
738 4246 766 4308 ,η
808 4242 875 4298 ὄνον
892 4245 941 4294 val.

139 4286 166 4349 4)
185 4285 231 4335 καλ
247 4283 381 4354 μωυσέως
402 4280 583 4361 σοιέτνομέγω
610 4279 657 4328 καῖ
743 4330 757 4377 8
784 4264 806 4378 έὲ
830 4348 832 4352 ¹
919 4327 952 4374 ,σ
1006 4324 1048 4371 W

93 4354 139 4416 τῆς
163 4356 220 4402 τῶν
243 4352 385 4405 πολιτείας
408 4349 502 4397 καίων
523 4363 555 4411 τη
575 4343 657 4395 αδια-
759 4329 769 4390 ί
804 4343 930 4396 ‘mm
953 4340 988 4375 ‘⁰‘
1051 4359 1057 4370 ·

92 4427 201 4484 ψευστα
219 4416 282 4482 (sine
300 4414 411 4480 accentu)
431 4415 560 4482 θρισιιείιι
577 4413 628 4461 Vnt.
742 4412 769 4471 9)
789 4401 987 4463 πομπεύοντας
999 4403 1054 4538 ἔρι’
