2886 4882
130 221 191 285 282
258 223 383 283 mmm
403 222 567 284 nvlsrom
589 227 629 284 λίλ
653 223 991 285 PHILADELPHIENSES.
1020 224 1062 282 lv,
1084 225 1112 280 V.
1134 224 1177 280 vl.

132 389 267 470 Χριστῷ,
292 379 332 455 οἷς
352 379 370 446 ό
393 381 520 466 Χριστὸς
540 392 580 470 τῷ
604 387 717 468 Πατρί·
739 384 787 446 καλ
809 382 902 457 οῦτως
929 380 950 464 ή
978 381 1079 464 ἑνότης
1106 380 1156 446 διὰ
1185 380 1307 446 πόντων

131 465 253 544 σοίζεται.
286 463 439 532 Ἔστωσαν
462 467 493 532 δέ
514 471 564 533 καί
584 471 617 531 αἱ
634 469 740 550 χῆραι11
762 464 802 549 μή
825 467 941 550 ῥεμβολ,
962 464 1002 549 μῆ
1024 469 1156 546 λίχναι,““
1188 464 1227 547 μή
1255 492 1305 530 πε-

130 548 302 634 ριτροχάδις,
325 548 388 615 ἀλλ’
414 550 454 627 οῦς
470 550 586 617 Ἰουδλθ
604 550 807 634 ῆσεμνοτότη,
829 548 868 625 ὥς
886 548 1014 633 ή”Αννα
1035 549 1054 631 ή
1076 549 1306 631 σωφρονεστάτη.

134 642 232 699 Ταῦτα
253 632 305 716 οὐχ
326 632 366 710 οῦς
389 633 547 712 ἀπόστολος
568 633 772 719 διατάσσομαι·
793 639 837 711 τίς
856 634 911 718 γάρ
934 637 991 716 εἰμι
1006 633 1076 717 ἐγοὴ
1098 632 1175 716 ῆτίς
1191 631 1208 698 ό
1225 631 1306 707 οἶκος

130 727 184 784 τοῦ
212 718 323 803 πατρὸς
342 744 416 798 μους
448 722 498 784 ἵνα
526 720 655 802 ἰσότιμον
683 717 831 800 ἐμαυτὸν“’
853 722 972 785 ἐκείνων
993 721 1080 782 ε’ίπω·
1104 716 1168 781 ἀλλ’
1194 715 1234 793 τός
1255 739 1305 782 συ-

131 800 304 888 στρατιοίτης
323 799 420 885 ῦμιῦν,
442 802 639 889 ύποφωνητοῦ
661 803 742 881 τάξιυ
763 805 878 886 ἐπέχων.

215 1014 244 1070 V.
282 1002 421 1085 Ἀδελφοί
440 1031 513 1088 μου,
536 1010 602 1071 λίαν
622 1005 773 1087 ἐκκίγυμαι
800 1002 922 1089 ἀγαπῶν
949 999 1040 1084 ύμῦς,
1070 1002 1119 1063 καλ
1146 997 1306 1085 ύπεραγαλ-

130 1085 250 1172 λόμενος
271 1087 465 1197 ἀσφαλίζομαι
485 1087 572 1173 ύμᾶς·
596 1088 651 1155 οῦκ
672 1087 728 1175 ἐγεὸ
748 1089 797 1166 δέ,
829 1085 901 1152 ἀλλά
923 1086 962 1151 δι’
988 1086 1060 1166 ἐμοῦ
1082 1083 1099 1148 6
1122 1082 1233 1166 Κύριος
1251 1085 1305 1168 Ἰη-

132 1180 218 1250 σοῦς,
241 1178 317 1262 ἐνρι
351 1175 501 1256 δεδεμένος
527 1178 678 1258 φοβοῦμαι
706 1179 829 1254 μᾶλλον·
859 1173 899 1236 ἐτι
920 1169 975 1257 γάρ
999 1172 1056 1252 είμι
1077 1167 1304 1249 ἀναπόρτιστος·

132 1254 195 1321 ἀλλ’
224 1254 246 1338 ή
273 1257 417 1341 προσευχὴ
445 1257 528 1341 ὑμῶν
557 1263 597 1335 είς
623 1255 700 1322 Θεόν
721 1283 755 1339 με
786 1254 960 1339 ἀπαρτίσει,1
989 1255 1039 1316 ἵνα
1061 1252 1092 1316 ἐν
1114 1245 1137 1339 ᾧ
1160 1250 1305 1336 ἐκλήθην’

133 1340 272 1423 ἐπιτύχω,
302 1341 492 1428 προσφυγὼνει
524 1351 563 1431 τῷ
596 1341 749 1429 εὐαγγελίῳ
776 1339 817 1417 τός
849 1341 933 1424 σαρκί
952 1336 1049 1420 Ἰησοῦ
1082 1343 1226 1421 Χριστοῦ,
1256 1338 1308 1401 καὶ

131 1433 192 1502 τοῖς
221 1422 393 1503 ἀποστόλοις
422 1425 462 1503 ὥς
489 1431 684 1514 πρεσβυτερίιμ
713 1426 873 1507 ἐκκλησίας.
925 1424 983 1486 Καὶ
1013 1417 1080 1497 τοῦς
1101 1419 1254 1504 προφήτας
1275 1421 1307 1484 δὲ

132 1507 252 1594 ἀγαπῶ,
274 1507 314 1587 οῦς
337 1510 465 1595 Χριστὸν
487 1515 740 1597 καταγγείλαντας,
763 1507 802 1585 ὥς
829 1515 882 1573 τοῦ
912 1505 1003 1571 αύτοῦ
1030 1503 1193 1588 πνεύματος
1221 1531 1305 1586 μετα-

133 1592 261 1677 σχόντας,
283 1586 320 1659 οῦ
340 1597 389 1659 καί
411 1597 442 1660 οί
460 1593 622 1661 ἀπόστολοι.
667 1592 718 1670 Ὡς
740 1592 796 1679 γὸρ
815 1595 846 1657 οἷ
865 1595 1111 1673 ψευδοπροφῆται
1134 1590 1223 1652 καλοί
1234 1606 1306 1670 ψευ-

133 1675 322 1758 δαπόστολοι,
339 1683 373 1743 ἓν
394 1682 443 1744 καί
464 1678 496 1744 τὸ
519 1678 590 1745 αὐτὸ
612 1680 759 1745 εἵλκυσαν4
780 1674 910 1761 πονηρὸν
931 1677 980 1740 καλ
1002 1672 1149 1756 ἀπατηλὸν
1170 1673 1219 1737 καλ
1241 1681 1305 1738 λαο-

132 1760 241 1826 πλάνον
261 1769 393 1844 πνεῦμα·
415 1763 491 1828 οῦτω
511 1767 560 1828 καὶ
582 1766 613 1829 οί
630 1769 779 1847 προφῆται
808 1763 857 1825 καὶ
878 1762 909 1824 οί
935 1757 1103 1837 ἀπόστολοι,
1129 1760 1163 1821 ἓν
1195 1758 1244 1820 καὶ
1273 1755 1306 1821 τὸ

132 1842 203 1909 αὐτὸ
215 1843 320 1929 ’Ἁγιου
345 1852 484 1928 Πνεῦμα,
513 1845 643 1933 ἀγαθὸν,
673 1847 723 1911 καὶ
747 1841 937 1929 ήγεμονικὸν,
968 1844 1079 1924 ἀληθές
1106 1867 1135 1905 τε
1155 1841 1204 1904 καλ
1227 1843 1307 1904 διδα-

132 1925 270 1993 σκαλικὸν
301 1930 404 2010 ἔλαβον
434 1928 513 2014 παρὸ
536 1935 612 1995 Θεοῦ
640 1934 689 1994 δια
707 1928 803 2012 Ἰησοῦ
827 1930 977 2012 Χριστοῦέ
1020 1922 1077 2001 Ελς
1103 1922 1158 2010 γὰρ
1190 1921 1207 1987 6
1232 1924 1307 2000 Θεὸς

132 2017 257 2088 παλαιοῖς
277 2013 327 2077 καί
345 2020 448 2096 καινῆς
471 2014 633 2098 διαθήκης·
658 2010 699 2089 είς
721 2010 738 2078 ό
758 2015 873 2096 μεσίτης
897 2016 974 2077 Θεοῦ
995 2013 1044 2074 καλ
1066 2005 1241 2094 ἀνθρώπων,
1265 2011 1307 2084 είς

132 2121 161 2160 τε
191 2098 382 2182 δημιουργίαν
409 2125 426 2162 ν
464 2105 521 2164 τῶν
549 2100 599 2163 καὶ
625 2101 792 2180 αἰσθητῶν,
823 2098 872 2162 καλ
892 2096 1033 2178 πρόνοιαν
1061 2092 1230 2178 πρόσφορον
1258 2095 1307 2157 καλ

133 2176 326 2264 κατάλληλον·
357 2177 399 2256 είς
427 2122 463 2245 ὸλ
490 2183 539 2246 καὶ
569 2181 586 2248 6
609 2178 861 2267 Παράκλητος,ό
893 2179 1048 2265 ἐνεργήσας
1067 2179 1098 2242 ἐν
1120 2178 1234 2264 Μωσῆ“
1256 2178 1307 2241 καλ

131 2261 296 2349 προφήταις
316 2267 366 2330 καλ
386 2262 564 2342 ἀποστόλοις.
608 2266 722 2342 Πάντες
742 2257 796 2334 οῦν
817 2267 848 2330 οί
866 2263 943 2350 λόγιοι
964 2266 996 2329 ἐν
1011 2268 1128 2350 Χριστῷ
1140 2259 1304 2341 ἐσώθησαν,

132 2349 297 2426 ἐλπίσαντες
319 2352 360 2426 είς
378 2346 471 2416 αὸτὸν
493 2353 543 2417 καί
564 2349 654 2417 αὐτὸν
676 2349 894 2434 ἀναμείναντες·
916 2351 965 2412 καὶ
987 2347 1026 2412 δι’
1052 2344 1142 2411 αὐτοῦ
1163 2347 1305 2428 σωτηρίας

132 2434 260 2517 ἐτυγον,1
283 2432 364 2512 ὄντες
385 2433 575 2521 ἀξιαγάπητοι
592 2437 641 2501 καὶ
661 2432 892 2516 ἀξιοθαύμαστα
913 2431 1007 2518 ἀγιοι,
1035 2428 1094 2496 ύπὸ
1112 2428 1209 2513 Ἰησοῦ
1234 2433 1304 2512 Χρι-

133 2526 203 2583 στοῦ
223 2521 471 2605 μεμαρτυρημένα
493 2521 524 2585 ἐν
545 2526 584 2608 τῷ
607 2519 760 2609 εὐαγγελίῳ
782 2526 834 2601 τῆς
854 2524 956 2600 κοινῆς
974 2518 1099 2591 ἐλπίδος.

216 2727 254 2784 Vl.
295 2716 368 2784 Ἐόν
389 2747 431 2797 τις
455 2719 530 2785 Θεὸν
552 2718 643 2800 νόμου
663 2721 713 2784 καλ
745 2727 904 2805 προφητῶν
921 2714 1057 2804 κηρόττηι
1088 2716 1155 2793 ἕνα,
1179 2711 1306 2796 Χριστὸν

133 2801 164 2866 δέ
185 2799 321 2884 ἀρνῆται’
343 2802 410 2869 υίὸν
431 2801 505 2869 εἶναι
528 2808 619 2881 Θεοῦ,
640 2805 771 2886 ψεύστης
793 2805 886 2880 ἐστὶν,
909 2799 949 2878 οίς
969 2803 1018 2865 καλ
1040 2798 1057 2865 6
1086 2798 1182 2883 πατήρ
1214 2797 1307 2863 αὐτοῦ

133 2883 151 2948 ὸ
179 2883 328 2966 διάβολος·
358 2888 406 2950 καλ
436 2889 512 2951 ἔστιν
533 2886 550 2951 ό
571 2895 702 2963 τοιοῦτος
722 2895 775 2969 τῆς
796 2885 875 2950 κάτω
893 2892 1049 2968 περιτομῆς
1068 2887 1305 2964 ψευδοιουδαῑος.

129 2966 202 3033 Ἐάν
222 2994 266 3044 τις
287 2967 414 3055 όμολογῆ
436 2969 564 3056 Χριστὸν
580 2969 695 3051 Ἰησοῦν
716 2971 845 3052 Κύρων,
866 2969 989 3053 ἀρνῆται
1011 2968 1042 3032 δέ
1071 2965 1123 3031 τὸν
1148 2965 1225 3032 Θεὸν
1252 2973 1308 3030 τοῦ

131 3053 225 3135 νόμου
245 3055 293 3118 καλ
315 3061 373 3119 τῶν
392 3035 561 3138 ἀροφηταῑυ,
583 3053 638 3118 οῦκ
660 3051 734 3118 είναι
754 3055 844 3202 λέγωυ
865 3053 916 3118 τὸν
928 3052 1058 3137 ούρανοῦ
1078 3053 1128 3115 καὶ
1148 3058 1202 3136 γῆς
1223 3075 1305 3157 ποιη·

133 3136 187 3218 τήν
209 3139 327 3221 Πατέρα
348 3146 400 3204 τοῦ
424 3145 570 3222 Χριστοῦ,
593 3135 610 3202 ό
630 3146 762 3214 τοιοῦτος
798 3145 869 3226 ντῆ
899 3135 1024 3223 ἀληθείᾳ
1044 3133 1095 3217 οάχ
1116 3136 1243 3216 ἕστηκεν,
1266 3159 1307 3209 ως

134 3223 183 3284 καί
212 3219 230 3283 6
260 3219 355 3306 πατήρ
382 3221 473 3287 αῦτοῦ
496 3221 513 3287 6
540 3220 691 3304 διάβολος·
718 3224 768 3286 καί
794 3220 909 3287 ἐστινό
935 3228 1065 3296 τοιοῦτος
1088 3223 1223 3300 Σίμωνος
1252 3225 1305 3282 τοῦ

133 3304 243 3389 μάγου,
265 3303 327 3368 ἀλλ’
351 3305 388 3369 οῦ
408 3314 460 3371 τοῦ
479 3304 577 3392 Ἁγίου
601 3304 774 3387 Πνεύματος
800 3303 943 3390 μαθητής.
982 3302 1056 3368 Ἐάν
1084 3329 1127 3378 τις
1158 3303 1224 3386 λέγη
1253 3302 1306 3378 μὲν

134 3388 185 3451 ἕνα
209 3386 292 3465 Θεὸν,
315 3386 454 3479 όμολογῆΒ
476 3392 507 3454 δέ
527 3392 576 3454 καὶ
599 3388 725 3472 Χριστὸν
738 3389 862 3473 Ἰησοῦν,
884 3388 975 3471 ψιλὸν
998 3387 1030 3451 δέ
1050 3384 1209 3467 ἀνθρωπον
1231 3379 1304 3444 εἶναι

133 3473 245 3558 νομίζῃ4
263 3469 314 3536 τὸν
335 3472 456 3559 Κύριον,
478 3474 542 3578 οῦγλ
567 3472 643 3539 Θεὸν
663 3483 813 3559 μονογενῆ,
836 3476 884 3539 καλ
907 3475 1021 3552 σοφίαν,
1043 3470 1092 3531 καλ
1114 3464 1200 3570 λόγον
1217 3467 1302 3541 Θεοῦ,

134 3553 196 3622 ἀλλ’
228 3556 260 3619 ἐκ
287 3565 385 3640 ψυχῆς
410 3561 460 3624 καλ
487 3581 618 3642 σωματος
646 3556 736 3623 αὐτὸν
766 3556 867 3639 μόνονὅ
891 3553 964 3620 εέναι
984 3551 1113 3638 νομίζῃ,θ
1135 3575 1150 3614 ο
1173 3554 1304 3622 τοιοῦτος

135 3745 343 3757 ..—

187 3866 229 3930 λ’λ)
242 3867 336 3935 χεῖραι
359 3862 386 3921 0,
404 3860 435 3911 οδ
453 3877 519 3912 oram
538 3871 679 3913 correctum.
788 3857 815 3921 6)
835 3857 943 3908 Μωσεῖ
958 3856 984 3907 B.

187 3933 229 3997 18)
247 3934 336 3999 λίχνοι
353 3929 409 3982 OV.
787 3926 815 3992 λ)
833 3925 910 3974 vossii
931 3921 1028 3992 ἔτυχεν
1049 3925 1229 3976 emendandum.

189 4001 231 4068 19)
248 3996 436 4057 zambram,
455 3997 521 4061 qnod
538 3997 602 4046 idem
620 3995 702 4045 είίλοίλ.

789 4063 847 4126 Cap.
865 4060 901 4110 Vl.
941 4060 966 4124 1)
983 4055 1113 4126 κηρύττει
1134 4058 1217 4110 BOV.

187 4140 245 4202 Cup.
265 4136 289 4185 V.
327 4132 352 4197 λ)
369 4127 526 4197 ἀπαρτῆσει
545 4130 600 4179 OV.
788 4132 815 4192 2)
833 4127 961 4195 ἀρνεῖται
980 4128 1032 4177 0V
1051 4126 1104 4177 heic
1124 4135 1147 4177 ει
1165 4127 1233 4175 infra.

185 4206 213 4271 2)
230 4202 346 4266 ἐκλίθην
363 4198 391 4260 0,
409 4193 529 4264 ἐκλήθην
546 4197 570 4246 in
588 4211 662 4259 marg.
788 4200 815 4262 3)
834 4192 1180 4264 λέγει-όμολογεῖί,ρελοο
1196 4194 1267 4244 etiam
1278 4194 1305 4243 Ο.

189 4272 216 4335 3)
235 4265 408 4337 προσφυγιὸς
423 4267 449 4316 B.
788 4268 805 4317 4
834 4265 942 4349 νομίζει
960 4263 980 4312 0
995 4262 1021 4310 F.

186 4338 213 4404 λ)
236 4331 389 4405 εἰλήφεσαν
405 4336 432 4390 B.
789 4336 804 4384 5
833 4345 924 4404 μονον
942 4343 989 4379 om.
1008 4327 1066 4379 ολ.

186 4405 213 4470 5)
234 4400 317 4462 amc
334 4406 448 4480 πνεῦμα
465 4405 520 4457 add.
540 4404 624 4458 Bov.
789 4401 816 4466 6)
833 4397 941 4471 νομίζει
957 4394 1014 4446 OV.
