2886 4882
296 229 422 288 lustru
444 230 606 289 rrlsrotn
625 233 668 288 hb
686 231 858 291 arnustus
886 233 953 293 vul.
975 234 1018 294 lx.
1040 236 1071 294 X.
1199 235 1257 298 129

78 394 250 452 credulitatis
263 405 334 462 sunt,
357 413 409 454 nec
423 398 606 468 incredulitas,
630 416 698 473 quae
716 398 788 457 fidei.
819 402 892 471 Quae
907 418 972 459 vero
993 412 1020 460 et
1032 404 1183 462 secundum
1198 422 1255 463 car·

77 495 139 535 nem
164 480 252 554 agitis,
275 497 307 537 ea
329 481 480 555 spiritualia
502 491 580 552 sunt3
604 484 630 539 in
652 482 713 540 lesu
736 483 845 541 Christo
868 487 939 542 enim
962 489 1050 544 omnia
1072 490 1159 563 agitis.

84 664 297 733 incredulitatis,
320 683 370 723 nec
393 667 579 737 incredulitas,
602 686 671 743 quac
694 677 757 725 sunt
779 668 850 726 fidei.
892 668 964 737 Quae
993 678 1082 726 autem
1111 675 1189 729 etiam
1216 691 1256 731 se·

78 749 199 887 pandum
223 766 331 806 carnem
352 750 454 821 lacitis,
474 769 504 808 ea
526 753 676 828 spiritualia
698 762 777 823 suut;
811 753 899 810 omnia
922 754 992 810 enim
1015 755 1043 810 in
1066 754 1174 813 Christo
1197 757 1260 814 lesu

88 840 177 888 acutis.

159 1066 199 1123 lll.
245 1067 339 1124 Falsis
361 1070 518 1125 doctoribus
540 1087 595 1125 non
613 1071 782 1143 praebuistis
802 1087 895 1136 aures,
916 1088 973 1137 uos,
996 1074 1096 1146 templo
1116 1072 1179 1129 Dei.

164 1218 232 1274 n'ovt
253 1228 350 1286 autem,
374 1218 519 1275 nonnullos
541 1219 595 1275 illic
618 1221 767 1289 transiisse,
790 1219 836 1293 qui
858 1219 958 1278 habent
980 1239 1134 1297 perversam
1158 1223 1256 1281 doctri·

79 1319 158 1370 uam;
187 1318 257 1374 quos
280 1319 335 1358 non
355 1303 519 1376 peruiisistis
542 1304 676 1360 seminare
700 1304 772 1359 inter
791 1321 854 1371 vos,
876 1313 903 1360 et
925 1304 1073 1362 obturastis
1096 1323 1189 1378 aures,
1222 1325 1256 1366 ue

80 1385 242 1458 reciperetis
273 1402 341 1460 quae
378 1385 410 1442 ab
433 1387 500 1459 ipsis
523 1395 586 1442 sunt
608 1386 796 1456 disseminata,
827 1389 922 1461 utqui
945 1388 1048 1463 lapides
1076 1391 1135 1447 sitis
1164 1390 1256 1466 templi

83 1469 179 1538 Patris,
202 1469 355 1543 praeparati
376 1469 403 1525 in
425 1470 473 1525 llei
495 1469 582 1526 Patris
604 1469 772 1539 aedilicium,
793 1469 891 1526 sublati
913 1471 939 1526 in
964 1472 1015 1528 alta
1035 1488 1086 1548 per
1107 1475 1256 1531 machinam

84 1552 146 1608 lesu
170 1552 279 1621 Christi,
301 1570 369 1627 quac
393 1562 434 1609 est
456 1570 529 1621 crux,
553 1552 655 1627 Spiritu
677 1561 771 1610 sancto
794 1570 844 1627 pro
861 1554 926 1610 lune
940 1563 1066 1624 utentes3
1088 1555 1157 1614 fides
1170 1564 1258 1615 autem

83 1644 171 1692 restra
195 1653 242 1692 vos
273 1654 381 1693 sursum
403 1637 501 1704 trahit,
535 1637 653 1693 charitas
682 1654 746 1693 vero
768 1638 809 1692 via
831 1636 970 1693 deducens
998 1639 1031 1694 ad
1053 1639 1144 1695 ileum.
1186 1641 1258 1698 Estis

84 1722 166 1793 igitur
189 1727 217 1775 ct
238 1720 295 1776 viae
318 1721 431 1777 comites
446 1736 550 1788 omues,
573 1719 673 1777 Deileri
690 1730 717 1777 et
733 1720 897 1794 Templileri,
918 1719 1080 1791 Christileri,
1103 1721 1256 1794 Sanctileri,

83 1820 133 1877 per
154 1804 245 1858 omnia
275 1805 361 1859 ornati
388 1805 542 1879 praeceptis
570 1803 631 1860 lesu
654 1804 771 1873 Christi3
800 1813 914 1880 propter
945 1822 1015 1879 quos
1048 1806 1153 1876 exulto,
1184 1807 1258 1881 quod

83 1887 182 1961 dignus
204 1886 312 1943 babitus
334 1888 400 1956 sim,
430 1904 481 1962 per
502 1904 549 1955 ea,
579 1904 646 1961 quae
670 1888 776 1958 scribo,
805 1887 925 1963 colloqui
946 1888 1101 1959 vobiscum,
1130 1899 1158 1947 et
1178 1891 1258 1949 simul

82 1970 219 2110 audeam
248 1972 319 2047 quia,
341 1972 446 2028 ratione
470 1970 582 2028 alterins
603 1972 672 2028 vitae
695 1971 795 2044 habita,
819 1972 886 2029 nihil
909 1972 1018 2049 diligitis
1040 1983 1151 2049 praeter
1171 1975 1258 2033 solnm

122 2071 177 2112 um.

164 2232 243 2295 *lli
285 2238 349 2294 Novi
373 2246 460 2295 autem
490 2237 635 2294 nonnullos
658 2237 746 2295 obiter
768 2240 849 2295 isthic
871 2241 1050 2310 divertentes,
1083 2243 1128 2314 qni
1159 2243 1259 2301 babent

84 2322 236 2380 doctrinam
258 2338 424 2396 perversam.
468 2321 551 2390 Quam
574 2329 604 2378 ut
626 2322 697 2377 inter
717 2338 765 2376 vos
788 2321 981 2390 disseminent,
1003 2340 1173 2396 nequaqnam
1196 2344 1256 2399 per·

82 2406 193 2474 mittite,
217 2405 375 2462 obturantes
399 2422 487 2473 aures,
510 2423 544 2460 ne
567 2403 600 2462 ab
624 2404 691 2477 ipsis
719 2403 892 2460 disseminata
914 2406 1061 2478 recipiant3
1090 2407 1190 2479 quippe
1213 2410 1258 2480 qui

81 2490 153 2544 estis
175 2488 279 2562 lapides
303 2489 394 2562 templi
416 2488 502 2545 Patris
524 2488 678 2561 praeparati
701 2486 734 2541 ad
748 2485 963 2543 aedificationem
979 2487 1025 2542 llei
1040 2486 1136 2554 Patris,
1160 2488 1257 2544 sublati

82 2573 111 2627 in
132 2571 217 2628 altum
239 2590 290 2646 per
310 2573 462 2629 machinam
486 2570 546 2626 lesu
570 2569 677 2636 Christi,
700 2585 769 2641 quae
793 2578 835 2625 est
858 2586 931 2636 crux,
953 2585 1004 2642 pro
1034 2568 1153 2625 laniculo
1182 2578 1258 2626 nten-

81 2664 124 2710 tes
155 2657 253 2730 spiritu
285 2664 390 2712 sancto.
434 2655 514 2711 Fides
537 2661 626 2710 antem
646 2660 735 2708 vestra
759 2659 813 2720 est,
845 2669 913 2727 quae
941 2669 989 2708 vos
1009 2652 1108 2719 clevat;
1138 2653 1256 2710 charitas

82 2747 174 2795 autem
195 2739 236 2795 via
258 2756 366 2796 sursum
389 2738 422 2794 ad
445 2738 527 2793 Deum
559 2736 721 2811 perducens.
766 2735 837 2792 Estis
865 2737 948 2810 igitur
975 2753 1070 2792 omnes
1102 2736 1202 2793 [leilcri
1231 2744 1259 2795 et

82 2821 231 2895 templileri
263 2821 414 2878 Christilcri
448 2829 474 2876 et
502 2820 655 2887 sanctileri,
684 2835 733 2892 per
765 2822 855 2877 omnia
884 2821 970 2875 ornati
1013 2822 1168 2893 praeceptis
1195 2822 1255 2878 lesu

82 2905 194 2961 Christi.
217 2905 249 2960 Et
269 2905 389 2978 gaudeo,
412 2904 485 2976 quod
507 2920 556 2977 per
577 2904 662 2969 haec,
691 2919 760 2975 quae
782 2904 890 2971 scribo,
913 2919 960 2958 vos
984 2902 1082 2975 alloqui
1103 2906 1258 2973 meruerim,

82 2996 110 3042 ct
133 2987 316 3062 congaudere,
341 2987 415 3062 quod
436 2988 463 3042 in
486 2987 589 3060 reliqna
610 2987 662 3042 vita
684 2986 750 3041 nihil
773 2985 883 3062 diligitis
901 2995 1011 3061 practer
1031 2985 1120 3043 solum
1142 2987 1233 3044 lleum.

315 3237 345 3294 ll.
395 3237 479 3294 Orate
496 3254 550 3310 pro
573 3238 647 3302 aliis,
668 3237 728 3293 sitis
748 3237 834 3302 mites,
855 3235 973 3295 humiles
994 3245 1042 3294 etc.

170 3385 224 3445 Sed
245 3396 273 3445 et
293 3405 345 3462 pro
366 3386 425 3443 aliis
448 3385 602 3442 hominibus
624 3383 811 3442 indesinenter
833 3394 916 3443 orate.
944 3386 991 3443 Est
1013 3387 1084 3442 enim
1106 3387 1172 3460 ipsis
1194 3404 1259 3465 spes

84 3471 280 3545 poenitentiae,
302 3480 332 3527 nt
352 3471 435 3526 llenm
467 3469 664 3525 nanciscantur.
708 3469 858 3526 Permittite
880 3470 970 3543 itaque
994 3471 1083 3544 ipsos,
1112 3470 1206 3526 saltem
1229 3487 1260 3528 cr

85 3552 227 3628 operibus,
249 3571 264 3610 a
285 3554 361 3611 vobis
384 3553 495 3610 erudiri.
539 3551 603 3607 Sitis
624 3567 673 3608 vos
696 3553 825 3608 adversus
848 3551 902 3609 iras
932 3570 1027 3610 eorum
1051 3554 1145 3618 mites,
1168 3554 1259 3612 adver·

86 3655 136 3692 sus
160 3638 404 3710 inagniloquentias
427 3654 521 3693 eorum
543 3634 666 3702 humiles,
688 3651 782 3691 eornm
805 3635 955 3692 maledictis
978 3638 1107 3711 opponite
1128 3654 1175 3693 vos
1198 3654 1259 3711 pre·

85 3737 149 3787 ces,
179 3720 309 3777 adversus
337 3737 459 3777 errorem
487 3735 581 3775 corum
609 3734 657 3773 vos
691 3716 761 3772 firmi
789 3728 945 3790 permanete
975 3720 1001 3775 in
1031 3719 1102 3786 lide,
1130 3719 1260 3776 adversus

85 3802 188 3859 elicros
220 3820 311 3860 mores
341 3803 448 3860 illorum
479 3819 527 3859 vos
558 3801 690 3857 mansueti
723 3801 790 3855 sitis.
839 3800 897 3858 Non
929 3804 1004 3876 ipsos
1035 3811 1129 3858 contra
1163 3803 1259 3858 imitari

168 3981 228 4043 *lt
271 3987 303 4044 Et
324 4003 375 4061 pro
397 3986 455 4042 aliis
478 3982 634 4042 hominibus
656 3982 842 4040 indesinenter
864 3984 956 4040 oratis.
985 3984 1032 4040 Est
1052 3984 1123 4040 enim
1146 3982 1172 4036 in
1195 3982 1262 4054 ipsis

87 4087 152 4144 spes
174 4072 372 4145 poenitenliae,
404 4070 476 4141 qiiod
497 4069 579 4124 Deum
601 4067 800 4122 nanciscentur.
844 4067 1024 4134 Permittatis,
1048 4081 1130 4139 rogo,
1153 4064 1208 4131 eis,
1231 4070 1261 4121 ut

86 4154 167 4210 etiam
189 4170 221 4210 er
243 4153 373 4229 operibus
396 4151 521 4225 discipuli
544 4150 627 4206 vestri
650 4149 723 4205 liant.
764 4147 900 4206 Adversus
928 4151 981 4205 iras
1002 4165 1096 4205 corum
1119 4162 1166 4201 vos
1187 4162 1260 4203 man·

87 4237 168 4307 sueti,
192 4237 322 4294 adversus
344 4236 495 4292 iactantiam
512 4249 608 4290 corum
629 4248 677 4288 ros
699 4231 815 4287 humiles
837 4240 933 4289 estote.
966 4232 1065 4287 Contra
1080 4228 1261 4301 blasphemias

87 4319 209 4392 ipsorum
230 4337 279 4376 vos
301 4320 440 4375 orationes
462 4316 607 4390 opponite3
631 4321 724 4370 contra
747 4331 857 4371 errores
880 4316 1000 4387 ipsorum
1030 4328 1078 4367 vos
1101 4309 1211 4367 stabiles
1233 4311 1261 4367 in

88 4399 153 4470 lide,
176 4411 272 4459 contra
294 4401 401 4459 illorum
423 4401 556 4458 feritatem
576 4414 625 4454 vos
646 4398 795 4467 mansueti,
825 4411 997 4470 nequaquam
1017 4410 1066 4451 cos
1088 4399 1183 4451 contra
1204 4392 1262 4450 imi·

157 4493 251 4546 Parnes
269 4508 353 4546 trosr.
1038 4487 1054 4538 9
1241 4506 1366 4624 Ι
