2886 4882
156 224 159 229 ’
242 299 244 304 A
324 228 455 288 tottam!
476 231 642 289 tetstott
664 231 705 288 tu
727 229 936 291 sututttuos.
964 230 996 290 X·
1015 229 1060 290 xt
1220 227 1277 290 195

162 426 192 482 lh
236 427 352 485 Comites
372 446 446 486 meos
468 432 596 488 heoeoolc
616 433 794 506 suscepisti&
817 449 873 487 non
895 433 981 489 deerit
1001 433 1079 491 vohis
1099 449 1211 489 merces.

183 543 324 600 Philonem
346 552 374 600 et
396 545 499 602 llheum
520 548 743 621 Agathopodem,
772 546 818 619 qui
846 563 889 604 me
919 548 1005 604 secuti
1028 557 1092 606 sunt
1113 547 1161 604 llei
1182 563 1271 619 eausa,

100 634 129 680 ut
148 627 289 683 ministros
312 626 412 684 Christi
435 628 482 685 Oei
504 631 701 704 suscipientes,
732 629 802 685 bene
825 628 938 685 lecistis.
983 630 1003 685 li
1027 648 1135 705 quoque
1158 631 1271 688 Oomino

97 709 198 783 gratiam
227 718 311 784 agunt
331 719 445 784 propter
465 728 529 780 vos,
562 713 635 785 quod
667 712 792 768 omnihus
820 712 907 768 modis
937 713 997 770 illos
1027 713 1187 770 reieceritis.
1229 709 1272 770 llil

96 793 195 850 horum
215 793 294 850 vohis
316 794 369 849 erit
390 795 526 851 amissum.
570 795 693 852 Vicissim
716 802 843 851 recreent
862 812 910 852 vos
932 796 1044 870 spiritus
1067 813 1144 853 meus
1166 803 1194 852 et
1215 796 1271 851 vin·

98 875 158 932 cula
179 893 248 946 mea,
271 893 339 950 quae
364 893 417 932 oon
440 878 632 943 contemsistis,
656 894 827 952 quorumque
853 895 901 936 vos
928 896 983 937 non
1005 879 1109 954 puduit.
1151 878 1206 936 Nec
1227 895 1272 936 ve·

97 967 185 1016 strum
207 959 321 1033 pudebit
341 961 489 1034 perfectam
513 960 602 1031 fidem,
627 960 715 1018 losum
738 962 884 1022 Christum.

180 1135 237 1199 'lh
275 1143 432 1213 Philonem,
454 1143 558 1199 lllieum
587 1152 615 1200 et
635 1144 818 1217 dgatltopum,
846 1145 959 1201 comites
988 1161 1065 1201 meos
1094 1145 1128 1201 ad
1157 1143 1270 1203 verbum

102 1224 164 1293 uei,
188 1226 263 1298 qood
284 1227 444 1301 excepistis,
466 1225 534 1282 hene
557 1226 674 1294 lecistis,
697 1236 823 1300 tanquam
853 1227 994 1283 ministros
1015 1228 1113 1284 Christi
1133 1227 1192 1284 Oei:
1223 1228 1270 1302 qui

97 1308 177 1363 etiam
199 1308 298 1381 gratias
320 1309 433 1365 Oomiuo
456 1325 505 1381 pro
528 1308 605 1364 vobis
628 1317 724 1381 agunt,
747 1310 820 1382 quod
848 1309 974 1366 omnibus
1003 1310 1091 1367 modis
1121 1312 1197 1385 ipsos
1229 1327 1270 1367 rs·

97 1389 247 1446 locillnstis.
291 1391 363 1447 Nihil
385 1392 461 1447 vobis
484 1391 517 1447 de
536 1390 668 1447 beneficio
691 1394 781 1465 perit3
810 1409 871 1448 nam
894 1410 945 1465 ego
968 1393 1086 1449 vicissim
1107 1410 1158 1467 pro
1182 1393 1270 1449 anima

97 1481 186 1528 vestre
206 1472 363 1547 impendere
386 1483 495 1547 paratus
517 1491 577 1529 sum
600 1475 723 1548 spiritum
746 1491 836 1532 meum
858 1483 885 1531 et
905 1474 1011 1532 vincula
1033 1491 1101 1543 mea,
1125 1492 1194 1549 quae
1214 1490 1269 1532 non

97 1554 268 1628 despexistis,
284 1572 335 1612 nec
351 1556 386 1612 oh
401 1574 432 1613 ea
454 1556 609 1612 erubuistis.
651 1557 739 1625 Quare
761 1575 812 1615 nee
834 1558 867 1615 de
889 1557 965 1614 vohis
985 1556 1131 1616 erubescet
1145 1575 1270 1616 consum·

97 1646 165 1693 mata
187 1636 255 1695 fides
279 1645 372 1695 nostra
395 1638 470 1695 lesus
493 1639 625 1696 Christus.

211 1826 255 1886 lll.
299 1827 396 1888 utute
418 1828 539 1901 legatum
560 1831 599 1886 od
620 1827 802 1886 Antiochense
823 1831 856 1886 oh
873 1845 973 1903 pacem
993 1829 1154 1886 restitutum.

179 1959 271 2016 Oratio
293 1967 382 2017 vestra
404 1959 582 2034 pervenitad
605 1960 764 2028 ecclesiam,
788 1978 857 2035 quae
880 1970 922 2018 est
943 1961 1100 2018 Antiochiae
1123 1961 1150 2017 in
1172 1958 1267 2035 Syriam

98 2039 168 2096 unde
189 2041 303 2098 vinculis
325 2042 380 2098 lleo
403 2044 515 2099 maxime
538 2042 708 2117 placentibus
738 2044 834 2117 ligatus
858 2039 1030 2115 [abductus],
1053 2061 1147 2100 omnes
1171 2043 1268 2114 saluto,

97 2123 139 2178 illo
162 2125 321 2198 episcopatu
342 2124 418 2198 iungi
438 2142 492 2181 non
515 2126 620 2200 dignus,
642 2134 736 2200 utpote
758 2126 865 2183 illorum
887 2126 1006 2194 infimus,
1028 2125 1173 2200 exquibus
1190 2118 1266 2196 [uei]

97 2205 220 2263 voluntas
240 2223 284 2263 me
306 2208 415 2282 dignata
428 2216 476 2276 est,
499 2226 553 2264 nou
576 2209 647 2264 iusta
660 2211 855 2266 conscientiam
877 2226 973 2278 meam,
988 2210 1038 2265 sed
1058 2226 1091 2265 es
1111 2208 1195 2281 gratia
1210 2208 1266 2276 uei,

97 2305 175 2361 quam
197 2289 347 2363 perfectam
368 2291 434 2346 mihi
457 2292 513 2346 dari
536 2298 616 2365 opto,
645 2301 675 2347 ιιι
705 2309 755 2365 per
782 2293 931 2348 orationem
958 2299 1074 2347 vestram
1097 2290 1180 2346 lleum
1202 2308 1268 2347 coo·

97 2387 203 2444 sequar.
247 2371 280 2426 Ut
301 2388 373 2428 nunc
395 2389 464 2445 opus
486 2381 605 2429 vestrum
627 2372 780 2430 ahsolutum
805 2374 850 2428 liat
870 2390 961 2429 coram
977 2373 1031 2429 Oce
1055 2380 1083 2428 et
1101 2370 1266 2440 hominibus,

97 2453 174 2510 decet
196 2454 230 2509 ad
252 2454 298 2511 uei
320 2455 467 2522 honorem,
498 2464 528 2510 ut
548 2455 663 2511 ecclesia
696 2464 784 2510 vestra
812 2454 894 2527 eligat
913 2471 1021 2510 sacrum
1043 2454 1177 2525 legatum,
1209 2454 1263 2525 qui,

97 2537 211 2592 eumad
233 2536 339 2610 Syriam
361 2554 449 2610 usque
471 2539 582 2605 venerit,
604 2535 807 2610 congratuletur
828 2535 889 2603 illis,
912 2536 984 2609 quod
1007 2550 1102 2609 pacem
1121 2535 1262 2589 consecuti

97 2620 156 2688 sint,
180 2626 208 2674 et
229 2636 305 2675 suam
327 2621 482 2694 receperint
502 2619 724 2693 magnitudinem,
746 2636 777 2674 ae
797 2619 950 2676 restitutum
972 2618 1007 2673 sit
1027 2616 1080 2672 illis
1101 2632 1181 2672 suum
1204 2630 1264 2671 cor·

99 2718 158 2773 pus.
201 2701 286 2775 iligna
308 2702 389 2776 igitur
410 2702 476 2759 mihi
498 2719 544 2759 res
565 2709 608 2759 est
628 2703 698 2770 visa,
729 2709 758 2757 ut
784 2701 901 2774 aliquem
928 2709 1047 2758 vesuum
1073 2698 1182 2754 mittatis
1205 2713 1267 2754 cum

99 2783 221 2857 epistola,
244 2785 290 2858 qui
313 2802 365 2841 una
389 2802 449 2842 enm
472 2785 524 2841 illis
547 2783 682 2859 glorificet
704 2784 936 2859 tranquillitatem,
959 2800 1039 2858 quam
1061 2783 1133 2838 iuxta
1154 2781 1200 2838 llei
1221 2797 1266 2839 vo·

176 2958 243 3022 *ιιι
287 2965 379 3024 Oratio
401 2977 490 3025 vestra
511 2968 633 3041 pervenit
661 2967 695 3022 ad
716 2966 865 3023 Ecclesiam
886 2966 1098 3034 Antiochenam,
1127 2981 1195 3038 quae
1225 2972 1268 3022 cst

98 3047 238 3122 insyria,
268 3050 341 3107 unde
371 3067 423 3125 ego
455 3051 558 3106 tinctus
580 3049 693 3106 vinculis
715 3049 770 3105 lieo
794 3049 958 3123 dignissimis
981 3065 1076 3106 omnes
1099 3047 1201 3104 saluto:
1232 3046 1266 3105 de

98 3130 172 3187 cuius
200 3147 313 3189 numero
343 3133 438 3190 haberi
462 3133 558 3205 dignus
583 3149 638 3188 noo
660 3148 737 3204 sum,
764 3140 857 3205 utpote
880 3132 1043 3187 novissimus
1066 3146 1177 3195 eorum,
1198 3145 1266 3201 quo·

97 3230 156 3270 rum
188 3230 221 3269 ex
241 3215 377 3272 voluntate
400 3216 497 3290 dignus
525 3215 630 3270 habitus
660 3214 715 3280 loi;
745 3230 798 3269 non
821 3230 851 3269 ex
871 3230 930 3269 mea
954 3213 1134 3281 conscientia,
1157 3211 1207 3267 sed
1235 3226 1267 3267 er

97 3295 181 3369 gretia
195 3295 258 3353 ltei:
287 3315 368 3372 quam
391 3298 539 3372 perlectam
561 3297 626 3353 mihi
643 3296 758 3353 concedi
780 3303 853 3369 opto,
875 3302 905 3350 ut
919 3312 969 3369 per
983 3303 1099 3351 vestram
1116 3293 1266 3351 orationem

97 3377 177 3435 Oeam
199 3395 338 3454 assequar.
381 3381 413 3436 Ut
435 3381 518 3454 igitur
539 3378 690 3452 perlectum
713 3380 748 3433 sit
769 3394 838 3452 opus
860 3385 978 3434 vestrum
1000 3384 1028 3433 et
1049 3378 1076 3433 io
1098 3385 1171 3432 terra
1192 3384 1220 3432 et
1239 3375 1265 3430 in

97 3461 187 3532 coelo,
210 3462 292 3519 decet
312 3463 345 3520 ad
368 3462 413 3519 llei
435 3463 576 3530 honorem,
600 3468 630 3516 ut
650 3459 772 3516 Ecclesia
793 3469 881 3517 vestra
903 3459 983 3533 eligat
1003 3458 1121 3532 legatum
1147 3473 1266 3528 saecum,

97 3545 193 3616 quiin
215 3542 320 3619 Syriam
342 3545 482 3619 proiectus
505 3542 654 3618 gratuletur
676 3543 759 3616 ipsis,
780 3542 854 3616 quod
876 3557 970 3616 pacem
991 3540 1131 3597 consecuti
1160 3540 1267 3610 luerint,

98 3634 124 3681 et
144 3643 222 3684 suam
243 3628 401 3702 receperint
428 3626 648 3699 magnitudinem,
668 3633 696 3680 et
716 3625 871 3681 restitutum
894 3625 930 3680 sit
952 3622 1003 3679 illis
1025 3639 1103 3679 suum
1118 3638 1267 3696 corpuscu-

96 3707 159 3765 lum.
203 3709 309 3784 Operae
331 3711 413 3784 igitur
435 3711 551 3785 pretium
572 3707 637 3764 mihi
659 3708 746 3762 visum
770 3706 829 3775 luit,
850 3715 879 3762 ut
899 3704 1015 3778 aliquem
1037 3713 1156 3761 vestrum
1180 3705 1265 3761 mitta·

97 3791 130 3847 tis
158 3808 219 3849 cum
247 3793 377 3866 epistola,
405 3802 436 3849 ot
461 3809 514 3849 una
540 3806 602 3849 eum
630 3788 682 3846 illis
704 3788 787 3846 [teum
816 3787 951 3862 glorificet
979 3788 1014 3845 ob
1037 3786 1265 3861 tranquillitatem,

145 4052 172 4115 6)
189 4052 223 4102 ιιι
242 4051 301 4113 CL,
320 4034 578 4116 ,achaemeniam
603 4046 664 4095 l'os·
698 4060 728 4094 an
746 4043 800 4106 ipsa
819 4043 1003 4094 christianorum
1018 4055 1074 4105 grex
1090 4035 1265 4104 persecutionis

97 4115 154 4178 sius,
171 4118 318 4168 subaudiens
339 4113 418 4179 τινὰ,
438 4116 473 4165 tel
497 4112 558 4168 τινὰ
574 4100 665 4184 stoec-
698 4109 948 4187 procellasdissipota.
989 4175 993 4186 Ι
1043 4172 1048 4184 .
1083 4171 1106 4182 ..

96 4181 240 4248 Ρθῦσθηα·
751 4178 778 4240 8)
796 4191 846 4228 ουν
862 4191 909 4227 om.
927 4177 1024 4224 Vossius
1041 4178 1121 4221 tutatus
1139 4167 1217 4219 Codd.

750 4243 777 4320 ll)
793 4239 936 4357 opereque*
953 4241 970 4290 C
984 4242 1001 4289 L
1018 4236 1134 4299 loterpol.
1157 4242 1202 4283 ret.
1219 4233 1264 4287 tot

145 4317 174 4381 l)
193 4320 297 4378 Quaero,
315 4332 345 4367 ao
363 4315 544 4396 intelligendum
562 4311 594 4360 sit
611 4323 666 4359 cor·
701 4310 774 4387 lingas
790 4324 805 4372 p
828 4376 832 4386 Ι
907 4325 955 4423 p⁸

96 4384 224 4447 puseolum
243 4400 287 4436 seu
306 4384 434 4447 collegium
461 4380 665 4449 presbyterorum,
700 4389 777 4440 prtma
795 4375 852 4426 edtt
869 4374 965 4425 hleelu.
1008 4449 1058 4503 13·

818 4316 870 4358 acet
892 4305 909 4372 ἡ
933 4306 1048 4375 caepere,
1076 4310 1102 4351 ut
1122 4300 1217 4350 loteoio
1239 4301 1264 4351 in
