2886 4882
272 223 398 282 luctatu
421 223 646 281 carseolano
670 222 868 282 naunnstoS.
889 225 921 282 ll.
943 225 986 284 lll.
1006 225 1049 282 tv.
1072 226 1103 284 t.
1211 224 1267 286 tlt

87 398 116 445 et
144 405 198 463 per
227 405 386 447 conservum
411 407 500 448 meum
524 390 661 447 Sotionem
684 391 843 461 diaconum,
875 407 930 464 quo
960 393 1060 448 utinam
1083 392 1173 463 lmar,
1204 396 1267 468 quia

87 471 218 612 scnhlpdip'tns
246 482 290 529 est
318 474 450 548 episcopo
484 484 514 531 ut
534 473 693 549 benignitati
716 475 778 543 Ilei,
808 483 836 531 et
862 473 1034 549 presbyterio
1063 486 1092 533 ut
1121 478 1173 551 legi
1207 477 1267 535 lesu

148 574 202 611 rs.

90 724 258 763 consertum
273 723 362 762 meum
375 705 514 763 Sotionem
532 707 689 775 Diaconum,
712 725 742 764 ox
766 724 820 781 qno
842 709 907 764 mihi
929 707 999 765 bene
1021 710 1064 778 sit,
1088 712 1152 783 quia
1174 710 1266 768 obedit

88 789 229 865 Episcopo
252 798 282 846 ut
305 790 407 863 gratiae
428 789 472 845 llei
494 799 521 846 et
544 789 719 864 Presbyterio
743 799 869 864 tanquam
892 791 942 866 legi
967 793 1027 848 lesu
1050 791 1159 849 Christi.

317 972 362 1033 lll.
406 975 547 1031 Honorate
569 975 718 1032 iuuenilem
740 975 894 1048 episcopum
915 983 1044 1033 oestrum.

175 1107 230 1164 Sed
252 1116 279 1164 et
300 1124 347 1163 vos
369 1108 460 1175 decet,
482 1124 536 1163 non
559 1107 716 1164 familiarius
738 1107 775 1162 uti
799 1114 885 1164 aetate
907 1109 1042 1184 episcopi,
1067 1109 1116 1165 sed
1139 1118 1266 1185 respectu

89 1192 230 1265 potentiae
258 1191 306 1247 llei
335 1192 419 1265 patris
447 1207 553 1247 ornnem
581 1191 713 1265 impertiri
743 1189 779 1245 illi
815 1193 1007 1261 reverentiam,
1040 1193 1265 1265 quemadmodum

89 1275 208 1348 cognovi
232 1282 340 1331 sanctos
365 1276 454 1332 lacere
478 1275 671 1348 presbyteros,
699 1274 745 1346 qui
774 1291 828 1330 non
851 1276 989 1349 excipiunt
1007 1276 1136 1333 adversus
1158 1279 1265 1352 eornspi·

89 1375 171 1414 cuam
193 1357 265 1414 illius
288 1358 470 1416 conditionem
493 1357 650 1426 iuvenilem,
678 1357 727 1413 sed
748 1365 779 1412 ut
801 1358 948 1432 prudentes
978 1361 1004 1415 in
1027 1360 1081 1417 lleo
1105 1361 1129 1417 ei
1151 1360 1266 1429 cedunt3

89 1457 148 1497 non
171 1443 196 1497 ei
218 1449 322 1511 antem,
353 1442 401 1498 sed
425 1443 495 1515 patri
519 1442 580 1497 lesu
602 1440 718 1508 Christi,
747 1442 866 1497 omnium
889 1442 1030 1517 episeopo.
1075 1443 1104 1499 ln
1133 1444 1265 1502 honorent

90 1526 176 1598 igitur
197 1525 279 1594 illius,
302 1526 348 1599 qui
371 1542 432 1581 eum
453 1524 546 1594 voluit,
566 1532 620 1580 'nos
644 1524 724 1581 decet
746 1524 858 1581 obedire
878 1525 937 1582 sine
953 1525 1006 1581 ulla
1023 1526 1179 1600 hypocrisi3
1202 1528 1265 1600 quia

91 1625 149 1665 non
172 1609 258 1665 solum
281 1610 440 1683 episcopum
461 1608 533 1665 hunc
554 1607 687 1665 risibilem
710 1608 770 1680 quis
790 1607 864 1676 fallit,
887 1608 936 1665 sed
954 1609 1115 1665 invisibilem
1137 1610 1265 1684 decipere

90 1701 215 1749 conatur.
257 1691 321 1749 'lale
344 1693 449 1749 lacinus
476 1709 531 1748 non
561 1692 595 1748 ad
622 1708 730 1748 carnem
759 1691 934 1748 referendum
958 1700 1012 1760 est,
1044 1692 1093 1749 sed
1115 1693 1148 1749 ad
1170 1692 1265 1762 lleunt,

90 1777 138 1849 qui
162 1775 320 1833 abscondita
341 1778 491 1850 cognoscit.

174 1919 246 1986 *tlt
291 1927 456 1982 vosautem
481 1924 628 1982 nonahuti
660 1925 739 1981 decet
760 1931 846 1981 aetate
868 1925 1011 2000 Episcopi,
1044 1926 1092 1983 sed
1115 1928 1264 1985 seeundum

91 2011 218 2067 virtutem
239 2011 285 2066 liei
308 2010 394 2066 Patris
417 2026 525 2066 omnem
548 2009 726 2066 reverentiam
748 2009 835 2066 eidem
858 2009 1001 2066 exhibere:
1027 2009 1100 2082 quod
1116 2019 1143 2067 et
1154 2021 1264 2068 sanctos

92 2093 271 2168 Presbyteros
292 2093 382 2150 lacere
405 2094 476 2162 novi,
499 2111 553 2149 non
576 2093 750 2167 excipientes,
774 2092 847 2167 quod
870 2094 1005 2149 recentior
1027 2093 1071 2149 ille
1094 2095 1163 2150 ordo
1177 2095 1267 2152 videa·

92 2184 146 2245 tur,
167 2177 215 2233 sed
235 2185 265 2232 ut
286 2177 435 2251 prudentes
458 2178 484 2231 in
508 2177 563 2232 lleo
583 2176 699 2232 eundem
728 2175 915 2244 admittentes3
944 2177 993 2233 sed
1015 2192 1070 2231 non
1092 2184 1144 2231 tam
1167 2176 1265 2251 ipsum,

92 2277 173 2333 quarn
195 2258 304 2317 Patrem
328 2259 389 2316 lesu
412 2260 511 2315 Christi
534 2261 722 2315 universorum
744 2259 917 2332 Episcopum.
961 2259 1094 2326 Quocirca
1123 2259 1156 2315 ad
1178 2260 1266 2318 bono·

92 2359 150 2399 rem
171 2343 252 2411 illius,
276 2343 323 2416 qui
345 2345 381 2399 ita
403 2343 495 2411 voluit,
520 2343 599 2399 decet
619 2359 670 2397 nos
693 2340 805 2397 obedire
830 2341 888 2396 sine
910 2340 964 2396 ulla
981 2340 1158 2409 simulatione,
1182 2359 1265 2415 quan·

91 2426 238 2499 doquidem
261 2444 315 2483 non
338 2426 470 2483 visibilem
493 2427 565 2481 huno
581 2425 745 2499 Episcopum
769 2423 830 2495 quis
845 2422 919 2490 lallit,
940 2424 990 2480 sed
1012 2420 1172 2478 invisibilem
1194 2424 1265 2480 deci·

90 2510 139 2582 pit.
182 2509 259 2566 llatio
278 2518 367 2567 autem
395 2509 530 2566 eiusmodi
555 2508 592 2563 rei
624 2523 677 2563 non
706 2504 739 2561 ad
760 2521 869 2561 carnem
889 2513 1008 2581 spectat,
1038 2503 1087 2560 sed
1117 2504 1151 2560 ad
1173 2504 1265 2574 Deum,

90 2594 138 2665 qui
160 2593 320 2650 abscondita
342 2594 421 2650 novit.

350 2776 393 2835 lV.
437 2776 512 2834 dlale
533 2775 661 2832 nonnulli
681 2776 741 2831 sine
761 2775 885 2848 episcopo
908 2781 1004 2846 agunt

175 2910 256 2966 Decet
278 2910 367 2983 itaque
400 2926 454 2964 non
477 2909 557 2965 modo
581 2909 671 2965 vocari
694 2907 877 2975 Christianos,
900 2907 949 2962 sed
971 2907 1050 2962 etiam
1072 2922 1150 2974 esse3
1173 2923 1264 2980 quem·

89 2993 235 3049 admodum
265 2992 388 3049 nonnulli
416 2992 574 3066 episcopum
603 2992 737 3065 quidem⁰
761 2992 915 3059 nominant,
946 2989 996 3045 sed
1025 2991 1113 3046 omnia
1140 2993 1200 3047 sine
1230 3005 1263 3045 eo

90 3075 201 3132 laeiunn
245 3076 322 3131 Tales
354 3092 417 3131 vero
445 3091 500 3131 non
529 3070 600 3131 bona
628 3075 796 3131 conscientia
825 3074 891 3129 mibi
915 3073 1031 3147 praediti
1052 3090 1113 3130 esse
1130 3073 1262 3140 sidentur,

90 3160 154 3232 quia
177 3176 232 3215 non
256 3158 370 3216 lirmiler
392 3157 542 3214 secundum
563 3166 739 3233 praeceptum
763 3164 973 3231 congregantur.

171 3320 238 3381 *lu
281 3326 413 3383 Convenit
434 3343 514 3398 ergo,
547 3342 597 3380 nos
621 3325 788 3381 Christianos
809 3340 864 3380 non
894 3331 996 3379 tanturn
1016 3323 1123 3390 vocari,
1156 3322 1206 3378 sed
1236 3330 1265 3380 et

91 3423 163 3465 esse.
205 3407 290 3466 Sicuti
313 3411 385 3467 enim
408 3406 531 3464 nonnulli
553 3408 663 3464 nomine
685 3408 794 3481 quidem
816 3407 945 3481 Episcopi
972 3414 1099 3474 utuntur,
1126 3405 1175 3462 sed
1204 3407 1263 3462 sine

91 3508 124 3549 eo
148 3493 236 3548 omnia
258 3493 368 3550 iaciunt.
391 3492 468 3549 Tales
490 3497 579 3547 autem
601 3490 810 3564 haudquaquam
832 3490 903 3545 hona
925 3490 1091 3546 conscientia
1108 3488 1174 3545 mihi
1188 3504 1264 3562 prae·

92 3575 139 3631 diti
161 3576 301 3645 videntur,
330 3578 470 3650 quianon
499 3574 586 3631 solida
613 3573 740 3631 firmitate
768 3572 917 3630 secundum
947 3581 1122 3646 praeceptum
1152 3588 1265 3646 congre·

91 3667 196 3730 gantur.

113 3840 141 3895 V.
177 3843 292 3900 Talibus
310 3846 454 3917 proposita
476 3849 515 3899 eol
535 3859 618 3907 more,
640 3843 709 3914 quia
730 3840 918 3896 characterem
939 3841 1168 3901 Christianorum,
1190 3825 1245 3910 τὴν

229 3928 354 4015 ἀγάπην,
376 3960 431 3998 non
452 3942 561 4006 habeut,
585 3941 783 4014 cupiditatibus
803 3942 862 3996 ruia
881 3958 938 3997 non
958 3943 1123 3998 moriamur.

174 4074 241 4143 Quia
263 4082 353 4131 autem
375 4089 420 4130 res
442 4071 524 4130 finem
546 4074 655 4141 habent,
678 4074 758 4129 etiam
781 4072 834 4128 duo
857 4072 925 4129 haec
947 4071 1026 4128 simul
1047 4073 1162 4138 instant,
1190 4084 1265 4126 mors

91 4166 118 4212 et
139 4159 206 4227 vita,
234 4166 260 4214 et
288 4157 476 4230 unusquisqne
507 4160 534 4213 in
555 4157 697 4232 proprium
719 4155 809 4212 locum
831 4156 918 4213 iturus
941 4164 991 4212 est.
1033 4151 1265 4223 Quemadmodum

175 4302 232 4361 lv.
266 4305 490 4380 Quandoquidem
514 4308 595 4380 igitur
616 4324 660 4364 res
683 4306 765 4362 finem
787 4306 896 4373 habent,
919 4306 998 4362 etiam
1020 4303 1074 4360 duo
1097 4301 1165 4359 haec
1186 4301 1265 4360 simul

93 4389 243 4458 imminent,
264 4406 338 4449 mors
361 4398 389 4445 et
409 4389 470 4460 vile,
493 4397 522 4447 et
540 4389 729 4464 unusquisque
750 4389 778 4447 in
799 4389 941 4465 proprium
960 4386 1052 4444 locum
1072 4383 1195 4444 abiturus
1213 4394 1266 4446 eat.
1314 4431 1317 4434 -

1173 4510 1354 4608 A
