2886 4882
473 268 666 325 SVVVVLVVUVVO
685 267 730 325 VVV.
752 268 794 324 VV.
818 270 846 337 V,
873 271 897 328 1
1211 266 1272 327 VVV

101 425 233 508 θημενόν
254 427 363 506 μοικαί
376 426 494 507 λέγοντα
519 429 554 487 Τί
568 421 710 506 ορθρινος
721 417 778 487 ωδε
793 421 957 527 ἐλιίλυθαςς
970 423 1048 503 Ὅτι,
1070 431 1156 531 φημί,
1177 425 1269 510 κύριε,

102 514 243 574 στατίωνα
264 511 325 589 έχω.
372 513 416 584 TV,
437 509 537 588 φησίν,
560 508 619 570 ἐστί
638 511 776 583 στατίοινς
796 505 947 612 Νηστεύω,
969 476 1055 587 φημί,
1076 512 1165 592 κύριε
1209 516 1272 592 Νη.

102 593 241 665 στείαδέ,
263 595 344 694 φησί,
366 594 393 653 τί
413 589 549 653 ἐστιν
510 616 594 670 αντη,
614 588 653 671 ἣν
668 589 833 671 vVVVVVVVV5
855 588 905 665 Ὡς
925 588 1051 665 εἰώθειν,
1073 596 1158 698 φημί,
1180 593 1235 675 κύρ
1237 619 1270 673 ιε,

102 676 178 740 ούτω
200 695 335 780 νηστευῳ.
382 672 446 737 Οὐκ
474 677 583 752 οίδατε,
590 677 694 778 φησί
730 674 883 781 νηστεύειν
898 681 938 761 τῷ
959 677 1065 780 κυρίῳ,
1095 673 1164 738 οὐδέ
1185 676 1270 739 ἐστιν’

99 788 119 841 η
111 758 316 840 νηστεία”
279 785 351 834 αντη
372 755 393 838 V
414 755 606 838 ἀνῳφελὴς“
586 784 624 838 ην
639 757 786 838 νηστεύετε
803 756 891 844 αὐτῷ.
917 740 995 820 Διά
1014 740 1050 829 τί,
1073 761 1157 862 φημί,
1179 756 1270 840 κύριε,

101 866 186 906 τουτο
196 844 303 944 λεγεις
326 841 412 948 Λέγω
434 862 490 918 σοι,
511 844 609 943 φησίν,
633 840 678 905 ὅτι
697 839 752 904 οὐκ
773 824 907 905 VVVVv‘'
868 867 942 922 αντη
962 843 1088 922 νηστείιι,
1111 867 1155 943 ην
1161 842 1271 904 δοκειτε

100 924 260 1030 νηστεύειν·
288 923 353 987 ἀλλ’
388 923 444 1008 έγιό
471 945 502 988 σε
523 922 630 999 διδάξω
651 927 678 986 τί
698 925 757 987 έστι
777 928 893 1005 νηστεία
922 923 1007 1006 δεκτὴ
1029 926 1077 988 καὶ
1097 921 1257 1011 πλήρης
1229 930 1271 987 τῶ

101 1013 200 1116 κυρίῳ.
233 1007 351 1081 ’Ἄκουε
369 1011 467 1111 ῳησίν.
511 1005 627 1081 Οθεος
639 1034 675 1072 ου
664 1006 820 1088 βουλεται
832 1033 967 1090 τοιαυτην
978 1011 1113 1090 νηστείαν
1132 988 1269 1110 ματαίαν·

102 1093 178 1156 ούτιι
198 1092 252 1176 γάρ
274 1089 420 1174 νηστεύων
448 1117 488 1177 τῳ
518 1098 581 1193 θεῷ
604 1088 691 1154 οὐδέν
675 1092 816 1178 νέργάση
847 1101 882 1198 τῇ
904 1092 1091 1179 δικαιοσύνη
1112 1089 1271 1173 νήστευσον

102 1178 135 1239 δέ
155 1203 195 1262 τῳ
216 1184 279 1240 θεῶ
301 1177 434 1255 νηστείαν
461 1156 611 1254 τοιαύτην
634 1174 723 1255 μηδέν
753 1177 918 1282 πονηρεύση
941 1178 972 1239 ἐν
987 1184 1029 1282 τῇ
1050 1184 1107 1263 ζωῇ
1129 1196 1198 1258 σου,
1220 1174 1270 1237 καί

102 1242 266 1324 δούλαισιν
285 1267 325 1322 τῶ
354 1261 445 1362 κυρίῳ
465 1259 497 1320 ἐν
517 1264 637 1356 καθαρά
657 1261 778 1364 καρδίῳ·
808 1260 936 1365 τηρησον
963 1258 1015 1334 τάς
1040 1241 1157 1335 ἐυτδλάς
1177 1227 1270 1322 άύτοῶ

101 1343 295 1425 πορευόμενος
305 1326 347 1404 έν
360 1351 420 1416 τοῖς
433 1338 650 1425 προστάγμασιν
663 1339 764 1421 αυτοῦ,
787 1343 835 1404 καί
855 1346 979 1446 μηδεμία
992 1345 1136 1448 ἐπιθυμία
1155 1339 1270 1446 πονηρά

100 1426 295 1531 ἀναβητοιν
263 1427 295 1489 έν
323 1432 359 1510 τῇ
382 1428 491 1529 καρδία
517 1444 588 1486 σου·
617 1425 771 1487 πίστευσον
797 1425 828 1488 δέ
856 1434 896 1511 τῷ
927 1432 1006 1511 θεῶ,
1026 1429 1076 1490 καὶ
1101 1424 1155 1488 ἐάν
1180 1431 1270 1488 ταῦτα

100 1509 206 1598 ἐργάσῃ
228 1510 276 1574 καὶ
295 1488 436 1611 φοβηθῇς
457 1504 547 1613 αὐτδγ
567 1507 616 1569 καί
639 1504 852 1650 έγκρατεύσχ’
836 1533 894 1573 απο
916 1489 1024 1610 πρύτδς
1046 1515 1177 1591 πονηροῦ
1198 1505 1270 1589 πρά-

100 1621 216 1679 γματος,
239 1592 309 1697 ζήσῃ
331 1616 370 1676 τῳ
392 1596 469 1675 θεῳ·
493 1591 652 1651 καὶταῦτα
673 1589 725 1652 έάν
747 1590 862 1676 ἐργάσχ,
881 1589 1007 1674 μεγάλην
1025 1595 1159 1672 νηστείαν
1177 1598 1271 1666 ποιεῖς

101 1680 150 1741 καί
171 1674 319 1759 δεκτην
293 1681 333 1736 τῶ
354 1680 425 1758 θεῶ.

184 1821 356 1890 11.”Ακουε
385 1819 438 1903 τὴν
454 1818 679 1936 VVVVVVVVVV“
659 1848 697 1903 ην
729 1823 819 1904 μέλλω
849 1844 895 1888 σοι
902 1822 1055 1926 λέγειν’
1039 1793 1207 1906 ανήκουσάν
1234 1848 1270 1911 ιη

102 1911 226 2013 νηστείᾳ.
280 1904 350 1988 Είχέ
376 1931 419 1981 τις
447 1903 537 1990 ἀγρδν
538 1905 618 1968 ικαί
649 1904 772 1980 δούλους
800 1905 942 1985 πολλούς,
971 1909 1020 1973 καί
1047 1909 1134 1992 μέρος
1161 1934 1189 1971 τι
1217 1915 1270 1972 τού

102 1990 195 2099 ἀγροῦ
223 1988 380 2071 ἐφύτευσεν
401 1987 570 2068 ἀμπελῶνα,
600 1989 650 2051 καὶ
671 1988 856 2096 ἐκλεξάμενος
884 1990 990 2056 δοῦλόν
1011 2018 1076 2057 τινα
1096 1991 1200 2055 πιστὸν
1220 1991 1269 2056 καί

103 2097 258 2184 ευαρεσταν
287 2076 417 2177 ἐντιμον,
442 2071 730 2174 προσεκαλέσατο’
696 2072 785 2136 αυτδν
812 2076 861 2137 καί
891 2078 965 2182 λέγει
996 2074 1074 2162 αὐτῳ
1113 2072 1248 2156 Λάβε
1218 2101 1271 2139 τον

102 2159 256 2241 ἀμπελῶνα
274 2165 377 2222 τοῦτον
398 2155 434 2260 δγ
455 2155 608 2262 ἐφύτευσα,
630 2157 679 2218 καὶ
699 2154 868 2239 χαράκωσον
888 2158 979 2223 αὐτόν
999 2141 1061 2235 ἕως
1068 2160 1198 2263 ἔρχομαι·
1221 2159 1270 2222 καί

101 2244 161 2325 έτερ
163 2269 196 2306 ον
232 2242 263 2304 δέ
293 2239 331 2322 μὴ
358 2238 482 2342 ποιότης
514 2246 553 2323 τῶ
583 2237 744 2345 ἀμπελῶνι,
774 2242 824 2304 καί
851 2240 959 2324 ταύτηι
1026 2268 1044 2306 υ
1071 2267 1124 2323 νην
1136 2239 1270 2343 ἐντολὴν

101 2270 245 2406 φύδαξον,
274 2325 323 2386 καί
332 2323 507 2427 ἐλεύθερος
533 2301 584 2410 ’έση
604 2321 682 2428 παρ’
707 2293 779 2426 ἐμοί
818 2322 945 2405 Ἐξηλθε
964 2267 1035 2390 VVV
1056 2320 1198 2428 δεσπότης
1216 2331 1270 2389 τοῦ

101 2407 208 2472 δούλου
239 2410 280 2482 εἰς
309 2403 367 2511 τὴν
391 2402 613 2486 ἀποδημίαν’
614 2349 796 2482 Εξελθοντος
823 2407 855 2471 δέ
882 2406 974 2511 αύγοῦ
1004 2410 1104 2488 ἐλαβεν
1124 2432 1140 2472 ο
1132 2405 1269 2483 δοῦλος

101 2519 149 2557 και
141 2487 367 2599 ἐχαράκωσε
339 2515 391 2552 τον
404 2488 566 2570 ἀμπελῶνα,
590 2491 639 2552 καί
660 2489 821 2565 τελέσας
791 2517 845 2572 την
860 2490 1024 2574 χαράκωσιν
1034 2516 1086 2554 του
1072 2489 1269 2572 ἀμπελῶνος

101 2573 208 2639 εἶδε
179 2601 231 2639 τον
255 2573 409 2678 ἀμπελῶνα
435 2576 567 2654 βοτανῶν
594 2570 736 2657 πλήρη”
719 2599 797 2639 οντιι.
836 2573 889 2639 Ἐν
917 2577 1019 2679 VVVVVV'
1038 2567 1092 2640 οὖν
1122 2576 1269 2681 ἐλογίσατο

100 2660 189 2765 λέγων
218 2665 333 2738 Ταοτην
361 2683 414 2738 την
442 2650 560 2741 έντολην
587 2662 639 2720 τού
669 2660 773 2741 κυρίου
794 2659 935 2723 τετέλεκα
964 2641 1070 2738 σκάψω
1091 2599 1193 2721 λοιπδν
1217 2656 1269 2722 τόν

100 2741 256 2849 ἀμπελῶνα
282 2748 401 2818 τοῦτον,
430 2743 481 2804 καί
510 2744 589 2806 ἐσται
610 2737 843 2846 εὐπρεπέστερος
861 2744 1052 2850 ἐσκαμμένρς,
1073 2743 1124 2805 καί
1143 2737 1270 2822 βοτάνας

100 2825 139 2907 μὴ
169 2828 239 2932 ἔχων
270 2823 355 2889 δόσει
382 2823 495 2931 καρπόν
522 2829 656 2900 πλείονα,
686 2826 742 2925 μὴ
756 2824 930 2930 πνιγόμενος
958 2824 1017 2891 ύπδ
1046 2831 1103 2889 τῶν
1128 2828 1268 2906 βοτανῶν.

100 2913 211 3018 Λαβῳν
231 2912 341 2988 ἐσκαψε
368 2906 419 2972 τδι
440 2907 612 2991 ἀμπελῶνα,
634 2909 683 2971 καί
703 2907 797 2984 πάσας
825 2908 876 2985 τάς
902 2909 1028 2992 βοτάνας
1054 2906 1105 2983 τάς
1127 2907 1268 2984 οὐσαςέν

100 3001 145 3100 τῳ
166 2993 312 3100 ἀμπελῶνι
339 2992 471 3068 έξέτιλλε·
502 2995 550 3057 καὶ
581 2989 731 3093 ἐγένετοὸ
759 2990 893 3100 ἀμπελῶγ
915 2996 1023 3070 ἐκεῖνος
1045 2990 1270 3100 εὐπρεπέστατος

99 3059 149 3138 κάλ
170 3075 307 3157 εὐθαλής,
328 3074 368 3155 μὴ
391 3077 462 3178 ἐχῳν
481 3075 608 3158 βοτάνας
627 3074 786 3182 πνιγούσας
806 3074 905 3141 αὐτόν.
949 3074 1037 3142 Μετά
1057 3075 1162 3183 χρόνον
1175 3067 1269 3157 ἦλθεν

101 3184 116 3221 ο
108 3157 296 3259 δεσπότης
301 3165 354 3220 τοῦ
375 3158 483 3222 δούλου
504 3161 554 3224 καί
574 3166 627 3222 τοῦ
648 3157 739 3243 ἀγρου
724 3160 804 3223 καί
813 3162 961 3266 εἰσῆλθεν
975 3164 1016 3236 είς
1035 3159 1087 3225 τδν
1105 3158 1268 3242 ἀμπελῶνα,

99 3243 149 3304 καί
172 3241 242 3304 ίδῶν
269 3237 319 3303 τὸν
330 3238 500 3346 ἀμπελῶνα
526 3245 760 3324 κεχαρακωμένου
791 3242 959 3328 εὐπρεπῶς,
984 3247 1025 3310 ἔτι
1046 3245 1077 3308 δέ
1097 3245 1147 3308 καλ
1121 3244 1269 3350 ἐσκαμ·
1324 3313 1327 3319 ,

99 3325 186 3405 μένον
217 3325 266 3387 καί
297 3317 392 3397 πάσας
418 3323 468 3397 τάς
494 3326 619 3404 βοτάνας
647 3327 840 3407 ἐκτετιλμένος
868 3330 916 3391 καλ
939 3327 1075 3404 εὐθαλεῖς
1102 3325 1192 3401 ούσας
1217 3351 1270 3401 τοῖς

100 3407 258 3514 ἀμπέλους,
289 3403 387 3512 ἐχάρη
395 3409 460 3469 λίαν
481 3407 528 3469 ἐπὶ
557 3416 617 3481 τοῖς
646 3409 751 3514 έργοις
760 3417 811 3473 τοῦ
833 3409 948 3475 δούλου.
992 3407 1269 3526 Προσκαλεσάμενρς

100 3518 154 3555 ουν
180 3517 232 3554 τον
258 3487 325 3554 υίδν
334 3487 444 3635 ἶαύιοῦ
468 3488 520 3553 τδν
543 3487 707 3574 ἀγαπητόν,
735 3491 771 3556 ὃν
799 3490 853 3574 είχε
885 3493 1092 3573 κληρονόμον,’
1122 3492 1171 3555 καί
1199 3488 1269 3565 τούς

99 3579 218 3655 φίλους,
242 3573 294 3649 οὓς
319 3569 374 3653 εἶχε
391 3571 592 3676 συμβούλους,
615 3575 688 3684 λέγει
709 3572 809 3650 αὐτοῖς
835 3575 890 3639 ὅσα
920 3577 1075 3639 ἐνετείλατο
1103 3581 1143 3661 τῷ
1171 3572 1268 3661 δούλῳ

100 3657 202 3743 αὐτῷ,9
224 3661 273 3721 καί
294 3655 350 3721 δ’σα
371 3652 435 3738 εύρε
455 3654 653 3763 γεγονότα
643 3657 781 3722 Κάκεῖνοι
809 3656 1006 3739 συνεχάρησαν
1035 3664 1076 3746 τῶ
1099 3639 1200 3766 δούλῳ
1220 3637 1269 3722 ἐπί

100 3748 138 3844 τη
156 3744 298 3842 μαρτυρίᾳ
316 3732 339 3846 ,V
361 3738 609 3823 έμαρτυρησεν’
576 3748 653 3828 αυτῷ
673 3768 689 3805 ο
682 3739 858 3820 δεσπότης.
903 3742 1012 3806 Καίέ
962 3722 1062 3848 λέγει
1073 3739 1173 3815 αὐτοῖς
1179 3723 1268 3843 Ἐγῶ

32 3867 37 3876 ·
98 3831 138 3928 τῷ
158 3821 252 3909 δούλῳ
273 3823 544 3930 τουτῳέλεῳθερίαν
557 3807 777 3926 ἐπηγγειλάμην,
801 3823 852 3886 έάν
870 3824 993 3908 μουτάγν
1014 3823 1132 3934 ἐντρλην
1144 3822 1268 3911 φυλάξῃ,

96 3905 135 3989 ἣν
156 3887 365 4013 ἐπηγγειλάμην
394 3905 487 3994 αὐτῷ·
515 3907 638 3987 ἐφύλαξε
668 3908 778 3987 δέμον
807 3905 859 4013 τὴν
887 3908 1005 4017 ἐντολὴν
1032 3911 1081 3973 καί
1102 3907 1268 4013 προσέθηκε

98 3997 137 4076 τῷ
158 3988 305 4072 ἀμπελῶνι
330 3990 414 4072 ἔργον
443 3972 545 4072 ιίαλόν,
577 3992 627 4053 καί
653 3990 717 4069 ἐμοί
745 3988 856 4051 λίαν”
836 4010 946 4072 ηρεσεν.
987 3991 1067 4056 ’Λντί
1087 4015 1192 4055 τουτου
1213 4015 1268 4054 ονν

149 4243 241 4292 δίειμί
274 4240 663 4306 1)ειολδίεεονίδείυτνηστεία
748 4237 809 4306 2)‘'
794 4260 828 4294 ογ
846 4242 901 4311 VVxV
921 4239 1105 4314 „Momm
1125 4241 1266 4294 hancwin

149 4327 205 4389 Cap
224 4327 250 4375 V
290 4327 312 4388 l)
331 4323 367 4375 ἀ
349 4322 431 4409 γρδα·
449 4341 484 4374 s1c
502 4324 592 4383 codex
617 4339 665 4374 non
700 4311 755 4360 ⁶⁰11
772 4312 942 4376 σταμίνεσσι

97 4393 133 4458 (ut
154 4401 190 4442 VVV
208 4395 231 4442 in
249 4394 287 4443 εδ.
306 4400 354 4457 με.)
374 4389 482 4459 τίγριος.
751 4396 778 4458 3)
796 4396 831 4445 sic
849 4394 910 4445 ιαιίε
929 4394 984 4446 cod.
1065 4432 1285 4584 Δ
