2886 4882
409 218 440 277 lb
463 218 648 277 emanans
671 222 712 277 att
735 222 807 278 COR.
834 222 888 280 Vll.
910 223 977 283 Vlll.
999 223 1042 282 tt.
1253 226 1310 287 113

128 401 313 442 coronemur.
356 386 412 442 Etsi
433 401 488 441 non
511 403 656 459 possumus
676 405 771 444 omncs
793 391 936 460 coronari,
959 392 1052 448 saltem
1076 409 1160 467 prope
1183 410 1312 452 coronam

128 471 227 524 umus
273 467 354 526 Scire
381 485 429 524 sos
452 467 682 543 oportet,'quod,
710 473 756 544 qui
782 480 918 528 certamen
949 474 1125 549 corruptibile
1156 485 1255 547 certat,
1288 480 1312 535 si

129 553 290 608 inueniatur
313 557 491 625 corrumpens
515 562 542 608 et
562 570 696 627 peccans,
721 555 870 628 flagellatus
893 556 1015 612 aufertur
1045 566 1072 613 et
1101 567 1175 613 extra
1197 561 1311 618 stadium

128 635 291 709 proiicitnr.
335 635 405 704 Quid
427 633 504 690 vobis
526 637 650 691 videturl
680 637 729 705 Qui
750 639 964 712 incorruptionis
988 649 1124 696 certamen
1148 646 1310 716 corruperit,

129 718 195 791 quid
219 719 362 793 patietur?
405 717 442 773 lle
465 719 496 772 iis
519 720 607 787 enim,
630 720 674 792 qni
699 720 814 794 sigillum
838 739 892 778 non
915 723 1094 790 servaverint,
1123 725 1174 779 ait:
1202 729 1310 792 ,vermis

128 818 230 858 eorum
254 819 311 858 non
334 802 473 870 morietur,
496 811 523 857 et
546 804 614 876 ignis
636 819 732 859 eorum
753 821 807 860 non
830 806 1016 880 extinguetur,
1039 814 1067 861 et
1087 815 1168 862 erunt
1190 807 1311 866 invisio·

129 903 192 941 nem
214 887 293 942 omni
314 882 407 943 carni‘

129 1030 196 1090 llll.
246 1035 391 1104 Quamdiu
414 1037 444 1091 ia
464 1037 515 1092 boc
536 1039 639 1092 mundo
659 1053 769 1100 cumas,
792 1039 989 1110 poeniteutiam
1010 1056 1129 1112 agamus
1150 1046 1176 1095 el
1198 1055 1310 1097 caruem

590 1144 695 1191 castam
716 1154 863 1194 cernemus.

217 1249 352 1318 Quamdiu
373 1268 439 1324 ergo
456 1252 481 1306 in
499 1252 580 1306 terris
594 1251 725 1324 degimus,
749 1254 942 1326 poenitentiam
959 1269 1084 1325 agapius,
1107 1252 1190 1310 lutum
1207 1256 1308 1330 quippe

131 1349 229 1389 snmus
253 1334 382 1389 iamenu
405 1334 525 1391 artilicis.
567 1334 798 1402 Quemadmodum
826 1337 896 1392 enim
927 1334 1040 1408 ligulas,
1072 1337 1096 1391 si
1128 1354 1175 1393 vas
1203 1338 1308 1407 lecerit,

132 1415 259 1487 illudque
281 1417 309 1472 in
331 1416 455 1472 omuibus
482 1419 541 1474 eius
570 1417 713 1472 distortum
742 1418 825 1474 luerit
855 1426 901 1474 aut
929 1421 1088 1487 contritum,
1120 1437 1215 1476 rursus
1244 1421 1307 1477 illud

131 1497 263 1571 relingit3
291 1500 334 1554 sin
353 1516 418 1556 vero
440 1499 504 1556 illud
528 1500 553 1554 in
568 1500 713 1566 ,fornacem
739 1503 808 1574 ignis
832 1503 939 1556 mittere
961 1502 1157 1573 praelinirent,
1177 1520 1232 1558 non
1254 1521 1308 1559 am·

132 1581 206 1655 plius
220 1580 246 1637 ei
261 1592 418 1650 succurram
439 1583 480 1658 ita
497 1592 525 1639 et
545 1599 604 1650 nos,
625 1585 752 1656 quamdiu
763 1585 800 1638 in
816 1585 869 1639 lmc
883 1583 984 1639 mundo
999 1600 1101 1650 sumus,
1124 1593 1308 1656 peccatorum,

133 1682 204 1737 quae
227 1665 255 1719 in
278 1683 360 1722 carne
382 1667 525 1737 gessimus,
549 1683 581 1721 er
604 1668 757 1723 totocorde
774 1667 968 1739 poeniteutiam
984 1682 1103 1738 agamus,
1125 1672 1156 1719 ut
1170 1667 1308 1725 allomino

131 1748 278 1815 salvemur,
292 1749 365 1804 'dum
387 1750 551 1821 ponitentiae
565 1757 671 1822 tempus
688 1750 827 1805 habemus.
858 1748 1004 1820 Postquam
1018 1749 1088 1804 enim
1106 1765 1121 1804 e
1138 1749 1238 1805 mundo
1255 1753 1308 1810 eti·

133 1832 231 1899 simus,
244 1848 299 1886 non
316 1825 431 1905 amplius
453 1849 599 1905 possumus
617 1831 652 1886 ibi
669 1830 804 1899 confiteri,
827 1838 871 1885 aut
884 1832 1075 1903 poenitentiam
1089 1847 1179 1904 agere.
1210 1833 1307 1902 Quare,

133 1913 244 1980 iratres,
264 1914 427 1970 votunuten
443 1915 528 1971 Patris
543 1914 675 1969 facientes
690 1923 717 1969 ct
738 1930 845 1969 carmem
862 1921 961 1969 castam
975 1923 1114 1969 servantes
1135 1923 1163 1969 et
1184 1917 1324 1973 mandata.

133 1997 242 2052 domim
263 1998 450 2069 custodientes
479 2013 679 2068 consequemur
699 1997 777 2052 vitam
799 2006 943 2052 aeternam.
987 1996 1056 2052 llicit
1083 1996 1154 2052 enim
1178 1997 1306 2056 {lominus

134 2080 162 2134 iu
184 2079 344 2152 Evangelio:
366 2081 398 2147 ,si
421 2096 530 2153 parvum
554 2095 606 2133 non
630 2080 765 2145 servastis,
789 2081 848 2151 quis
871 2096 996 2152 magnum
1018 2079 1095 2134 vohis
1109 2078 1203 2134 dabitl
1241 2082 1306 2139 llico

134 2163 207 2218 euim
230 2161 322 2218 uobis:
345 2163 392 2235 qui
413 2161 500 2219 tidelis
523 2161 612 2216 estin
635 2161 753 2229 minimo,
776 2171 803 2218 et
826 2163 851 2216 iu
866 2163 961 2217 maiori
975 2161 1063 2217 fidelis
1079 2158 1137 2217 est‘
1166 2160 1223 2218 Hoc
1240 2181 1307 2236 ergo

135 2244 218 2300 dicit:
244 2253 358 2312 ,servate
378 2261 487 2301 carnem
510 2252 618 2310 castam,
641 2251 670 2299 et
691 2244 806 2316 sigillum
831 2244 1036 2312 immaculatum,
1059 2251 1089 2299 ut
1109 2244 1247 2317 recipiatis
1272 2248 1307 2301 vi·

134 2334 354 2384 tannetarium.

212 2465 253 2520 tx.
295 2468 329 2521 In
350 2483 435 2522 carne
455 2465 658 2532 iudicabimur,
682 2481 747 2536 ergo
765 2478 967 2536 praeparemus
987 2479 1037 2517 nos
1058 2463 1088 2515 in
1111 2468 1236 2533 tempore.

216 2583 249 2638 Et
277 2598 355 2638 nemo
387 2589 505 2636 vestrum
535 2581 621 2649 dicat,
654 2579 726 2653 quod
758 2579 824 2634 liaeo
853 2594 917 2633 caro
948 2594 1001 2631 non
1033 2575 1183 2643 iudicatur,
1213 2592 1304 2649 neque

136 2666 262 2738 resurgit
314 2663 472 2735 Agnoscite,
508 2664 533 2718 in
569 2681 624 2736 quo
657 2664 754 2718 servati
786 2662 867 2729 estis,
898 2661 924 2714 in
960 2676 1013 2732 quo
1043 2658 1129 2714 visum
1151 2658 1305 2733 recepistis,

135 2748 188 2803 nisi
212 2748 275 2802 dum
305 2747 331 2800 iu
353 2746 404 2801 hac
437 2762 518 2801 carne
539 2747 632 2802 vivitis.
674 2746 729 2801 Nos
752 2762 818 2818 ergo
840 2745 919 2799 decet
940 2759 1048 2798 carnem
1080 2741 1151 2798 sicut
1175 2744 1304 2817 templum

134 2830 182 2886 llei
205 2828 354 2885 custodire.
396 2829 624 2897 Quemadmodum
647 2829 717 2884 enim
740 2829 765 2883 iu
789 2844 872 2883 earne
894 2826 980 2882 vocati
1002 2825 1084 2890 ostis,
1112 2826 1147 2880 ita
1172 2827 1199 2880 in
1224 2843 1305 2884 carne

133 2912 258 2968 venietis.
301 2911 531 2978 Quemadmodum
555 2911 677 2967 Christus
700 2911 836 2978 llominus,
859 2910 906 2982 qui
928 2926 978 2964 nos
1001 2907 1128 2976 servavit,
1160 2925 1221 2963 eum
1252 2911 1305 2982 pri·

133 3012 209 3050 mum
230 3003 304 3050 esset
328 2994 458 3066 spiritus,
490 3011 553 3049 caro
582 2994 669 3049 lactus
692 3001 747 3061 est,
778 3002 858 3066 atquc
881 2994 920 3047 sic
943 2991 1047 3047 vocavit
1069 3007 1135 3057 nos;
1164 2991 1199 3045 ila
1226 2992 1304 3046 etiam

134 3094 188 3133 nos
213 3078 239 3131 in
260 3077 311 3133 hae
331 3093 411 3132 carne
433 3077 587 3133 mercedem
608 3077 781 3149 recipiemus.
826 3075 969 3148 diligamus
998 3073 1079 3146 igitur
1107 3087 1157 3127 nos
1186 3073 1306 3140 invicem,

134 3169 166 3216 ut
185 3160 320 3215 veniamus
352 3176 446 3215 omnes
476 3160 501 3214 iu
530 3175 643 3233 reguum
665 3159 720 3214 lloi.
764 3159 856 3214 Donec
887 3165 992 3228 tempus
1015 3153 1160 3222 habemus,
1197 3154 1222 3209 in
1252 3171 1306 3228 quo

134 3259 277 3309 sanemur,
309 3243 437 3298 dedamus
467 3259 518 3297 nos
549 3241 657 3297 medico
687 3241 756 3308 lleo,
786 3238 1032 3296 remunerationem
1066 3237 1116 3309 ipsi
1146 3235 1306 3297 tribuentes.

134 3325 240 3392 Quaml
264 3325 459 3382 Poenitentiam
481 3342 513 3381 ex
535 3325 644 3380 sincero
668 3324 760 3380 corde.
803 3323 924 3395 Namque
946 3319 1087 3394 praescius
1115 3318 1234 3375 omnium
1256 3327 1308 3388 est,

135 3561 186 3601 tur:
206 3556 226 3602 si
243 3554 268 3600 ia
280 3554 370 3602 modico
388 3553 468 3613 fidelos
482 3567 529 3599 stou
541 3551 631 3612 fuistis,
644 3549 704 3613 qiud
738 3557 817 3597 totunt
840 3547 863 3595 in
889 3538 1052 3608 ἀπολάβητε.
1095 3543 1224 3593 Nobiscum
1252 3545 1309 3595 lacit

135 3635 244 3682 magnum
266 3625 315 3680 est,
340 3621 393 3683 quis
412 3620 475 3668 dabit
494 3619 577 3666 uobis?
603 3615 704 3665 Grabius
738 3616 792 3664 llcl.
811 3614 848 3662 ed.
867 3614 901 3662 tv.

137 3687 197 3735 baec
216 3687 342 3748 exEvang.
362 3684 704 3747 soettndumtlegpptiospro-
790 3681 901 3743 Caplll.
937 3678 988 3741 l)l
1009 3678 1064 3727 Cor.
1086 3678 1124 3737 15,
1148 3677 1184 3728 12.

137 3754 203 3803 disse
219 3755 362 3816 suspicatur.
790 3749 818 3808 2)
837 3748 846 3797 l
864 3747 919 3795 Cor.
938 3746 962 3805 3,
983 3745 1021 3796 16.
1039 3745 1063 3805 6,
1084 3745 1122 3794 19.

188 3820 214 3880 3)
233 3821 317 3870 bladus
343 3821 437 3870 dicendi
461 3819 578 3869 eiusmodi
605 3826 653 3878 est,
680 3826 705 3866 nt
790 3815 817 3877 3)
837 3815 870 3864 lta
883 3830 902 3862 c.
914 3812 988 3862 llillio
1004 3812 1049 3872 leg.
1065 3809 1178 3886 videbant
1191 3807 1307 3864 Davisius,

137 3904 190 3938 cnm
208 3889 322 3937 Wottono
340 3889 490 3937 statuendum
514 3887 634 3946 rideatur,
657 3901 704 3934 non
740 3883 846 3948 Frepius,
864 3881 1075 3930 Schoenemannus
1099 3885 1122 3926 et
1140 3877 1179 3924 alu
1199 3876 1229 3924 ob
1248 3888 1308 3936 apo·

136 3971 190 4005 esse
213 3956 272 4004 haec
295 3956 407 4004 directam
424 3954 545 4015 Evangelii
564 3954 705 4011 orationem,
740 3949 818 4006 dosin,
836 3938 875 4005 εἷς
892 3949 934 3997 lls.

136 4023 179 4071 sed
202 4023 283 4087 potins
303 4021 430 4071 Clementis
456 4021 645 4070 antecedentium
667 4020 705 4068 in·
789 4015 819 4080 4)
837 4016 958 4084 Πνεῦμα
978 4030 1012 4056 =
1030 4007 1062 4061 rb
1086 4010 1166 4060 θεῖον
1186 4003 1217 4057 ἓν
1238 4007 1310 4118 an·

135 4097 355 4153 terpretamentum,
376 4089 498 4153 quomodo
515 4090 652 4152 frequenter
664 4102 706 4135 oc·
741 4086 813 4150 orgi,
831 4092 856 4132 ut
874 4081 937 4145 apud
956 4081 1080 4129 Pastorem
1098 4076 1199 4151 Hermae
1217 4072 1258 4119 lib.
1280 4071 1308 4119 ll.

136 4159 212 4207 currit
229 4157 252 4206 in
271 4158 313 4219 Ep.
334 4157 463 4206 barnabae.
741 4153 797 4201 Sim.
817 4152 847 4209 5,
859 4151 882 4198 5.
908 4142 1198 4207 {loamedon-Crustas,
1221 4136 1309 4186 Lehrb.

188 4226 216 4286 4)
235 4218 421 4292 ἀπολάβωμεν
449 4225 472 4272 in
497 4224 540 4272 lis.
564 4230 607 4271 cst.
642 4221 706 4269 ldem
742 4218 764 4268 d.
786 4215 975 4278 llogmcngesch⁴
997 4212 1023 4259 tt.
1040 4225 1077 4287 Ιρ.
1098 4205 1169 4257 1052.
1199 4202 1226 4250 ll.
1261 4202 1309 4253 Clr.

138 4292 246 4342 defendit
264 4290 334 4340 Nolte
352 4290 441 4339 collato
460 4291 527 4339 llom.
548 4290 576 4348 t,
596 4290 619 4337 4.
648 4286 707 4335 Edi·
741 4285 823 4335 chtr.
846 4285 867 4343 l,
880 4284 918 4332 ll.
937 4276 1064 4340 Theophrl.
1078 4267 1257 4330 adtutotycd,
1271 4271 1309 4321 14.

136 4368 205 4408 tores
222 4373 280 4407 tero
299 4357 408 4422 plerique
420 4363 550 4420 praeeunte
569 4354 636 4404 lunio
654 4368 707 4403 mn·
792 4352 819 4415 5)
838 4349 889 4399 Gal.
908 4348 931 4406 6,
954 4346 991 4395 10.

207 4441 300 4491 Parnes
318 4453 402 4490 teosr.
1086 4423 1100 4473 S
