2886 4882
377 228 505 287 lCllhl'll
527 227 689 286 uersuum
711 230 753 285 au
775 227 944 288 EPHESlOS.
971 230 990 288 l.
1011 230 1042 287 ll.
1245 225 1299 287 121

181 430 201 484 Ι.
246 430 327 487 Laus
347 430 531 504 Ephesiorum
548 432 581 487 oh
603 431 767 503 legationem
787 432 841 504 ipsi
861 433 981 488 missam.
1024 433 1101 488 Laus
1124 431 1254 488 Onesimi.

213 562 333 637 Suscepi
354 571 473 619 restrum
496 563 522 617 in
545 563 599 618 [teo
622 562 697 618 valde
720 562 847 618 dilectum
869 580 977 630 nomen,
1000 563 1072 636 quod
1095 563 1172 621 vobis
1194 582 1302 639 compa·

128 648 211 702 rastis
249 647 341 703 indole
369 646 455 719 probs
488 646 635 702 secundum
673 645 753 701 iidem
789 655 815 701 et
848 646 1008 701 charitatem
1041 646 1066 700 in
1097 647 1157 702 lesu
1187 647 1303 715 Cbristo,

128 730 267 786 salvatore
288 738 393 785 nostro.
427 728 491 784 Cum
514 730 663 785 imitatores
686 730 744 784 sitis
765 729 819 796 liei,
842 729 975 785 advitam
1000 731 1116 785 revocati
1132 746 1182 802 per
1197 731 1303 804 sangui·

128 829 192 867 uem
215 812 272 879 liei,
295 829 366 886 opus
388 811 563 868 fraternitatis
584 812 703 884 perfecte
726 811 888 867 absolvistis.
923 813 1069 885 Postquam
1090 814 1161 868 enim
1182 813 1304 880 audistis,

129 913 173 951 me
194 897 317 952 vinctum
339 895 446 968 eSyria
465 911 515 967 pro
530 896 665 951 communi
687 896 796 950 nomine
818 904 846 950 et
866 912 925 968 spe,
948 891 1053 964 [videre
1075 890 1237 964 festinastis]
1260 913 1302 950 nte

129 986 301 1052 sperantem,
322 979 395 1051 quod
416 979 513 1034 vestris
536 976 664 1052 precibus
686 995 852 1051 consequar,
875 988 903 1034 ut
928 976 1028 1035 Rodiae
1051 978 1180 1034 adversus
1201 977 1303 1033 bestias

130 1078 263 1136 pugnem,
286 1070 315 1116 ut
336 1079 386 1135 per
407 1063 562 1135 martyrium
584 1061 698 1135 adipisci
719 1062 824 1134 possim
844 1060 993 1135 discipulus
1016 1079 1076 1117 esse
1098 1061 1183 1129 dlius,
1205 1061 1251 1134 qui
1273 1077 1303 1116 se

129 1146 221 1218 ipsum
252 1162 304 1218 pro
332 1144 411 1200 nobis
440 1143 537 1200 obtulit
559 1144 613 1200 [teo
636 1143 799 1199 oblationem
822 1151 850 1198 et
871 1145 995 1200 bostiam.
1039 1144 1152 1218 Suscepi
1180 1160 1246 1217 ergo
1277 1145 1302 1199 in

131 1228 244 1283 nomine
265 1228 312 1283 llei
333 1227 530 1283 multitudinem
544 1236 658 1283 vestram
673 1228 698 1282 in
714 1229 849 1293 onesimo,
872 1226 1061 1284 inenarrabilis
1082 1227 1219 1283 charitatis
1236 1228 1303 1294 viro,

132 1320 224 1365 restro
254 1318 342 1366 autem
370 1311 396 1365 in
420 1327 500 1366 carne
528 1312 679 1384 episcop0;
706 1327 785 1383 quem
815 1311 885 1365 iuxta
906 1311 994 1367 lesum
1017 1310 1152 1367 Christum
1181 1328 1196 1366 a
1225 1309 1303 1366 vobis

133 1395 227 1461 amari,
250 1394 349 1467 cuique
372 1392 472 1448 slmiles
494 1410 541 1449 vos
564 1410 659 1449 omnes
682 1392 739 1448 steri
762 1401 836 1466 opto.
876 1393 1039 1450 Benedictus
1054 1394 1134 1461 enim,
1158 1395 1203 1468 qui
1217 1393 1302 1468 gratia

133 1495 181 1532 sua
204 1494 253 1532 sos
277 1477 355 1534 talem
377 1476 536 1551 episcopum
558 1477 699 1550 possidere
722 1477 846 1550 dignatus
868 1484 919 1537 est.

218 1645 233 1676 *
246 1651 266 1709 l.
310 1650 425 1724 Suscepi
448 1659 566 1706 vestrum
583 1651 608 1705 in
620 1651 674 1708 lieo
687 1653 917 1724 exoptatissimum
938 1667 1046 1718 nomen,
1069 1650 1143 1724 qtrod
1158 1651 1303 1724 possidetis

134 1745 229 1792 natura
251 1735 329 1802 insta,
350 1733 499 1789 secundum
522 1733 602 1789 lidem
626 1742 653 1789 et
677 1736 815 1791 caritatem
837 1735 862 1789 in
881 1734 941 1789 lesu
965 1733 1072 1790 Cbristo
1095 1733 1233 1789 Salvatore
1256 1751 1305 1789 no·

134 1826 201 1875 stro.
244 1816 309 1873 Cum
333 1817 481 1873 imitatores
503 1817 562 1872 sitis
585 1816 641 1883 lici,
663 1819 811 1873 excitantes
834 1817 859 1872 in
882 1818 1012 1890 sanguine
1035 1816 1135 1872 Christi
1159 1825 1304 1890 cognatum

135 1919 204 1975 opus
227 1899 378 1975 perlectum
401 1906 428 1954 et
456 1899 607 1954 absolutum
639 1900 811 1968 reddidistis3
839 1908 910 1968 tum,
940 1918 1000 1956 curn
1023 1900 1169 1956 audissetis
1200 1918 1242 1956 me
1271 1918 1304 1956 ex

135 1983 214 2060 Syria
235 1984 353 2038 vinctum
381 2000 431 2055 pre
461 1983 596 2038 communi
624 1983 731 2040 nontine
760 1992 787 2039 et
814 2000 863 2057 spe
884 1983 997 2048 adduci,
1020 1992 1174 2057 sperantem
1205 1983 1304 2040 vestris

134 2066 263 2140 precibus
284 2083 327 2121 me
350 2073 568 2132 consecuturum,
591 2073 620 2121 nt
637 2065 736 2122 Ronrae
758 2067 791 2122 ad
813 2065 914 2123 bestias
937 2085 1064 2141 pugnem,
1087 2085 1141 2140 quo
1163 2084 1214 2140 per
1235 2083 1304 2122 mar·

135 2153 233 2224 tyrium
256 2149 388 2221 consequi
409 2149 527 2221 possim,
559 2156 587 2204 ut
609 2149 667 2204 eius
689 2150 740 2205 sim
765 2150 928 2224 discipulus,
959 2151 1005 2223 qui
1034 2151 1228 2223 semetipsum
1253 2166 1303 2223 pro

134 2233 214 2289 nobis
238 2231 334 2288 obtulit
355 2231 410 2287 lieo
433 2230 596 2287 oblationem
629 2241 656 2286 et
677 2232 802 2289 bostiam.
846 2233 994 2306 Postquam
1023 2233 1104 2304 igitur
1131 2249 1304 2288 numerosam

133 2323 250 2371 vestram
271 2314 468 2370 multitudinem
490 2315 516 2369 in
541 2315 648 2370 nomine
671 2315 715 2371 liei
737 2317 831 2388 excepi
853 2316 879 2370 in
901 2315 1043 2382 Onesimo,
1069 2313 1213 2370 iuellabilis
1237 2314 1304 2370 cari-

134 2400 197 2455 tatis
216 2399 285 2465 viro,
307 2405 396 2453 vestro
413 2404 500 2452 autem
514 2398 663 2453 secundum
687 2415 795 2453 earnem
810 2397 956 2469 Episcopo,
981 2413 1061 2469 quem
1083 2413 1131 2449 vos
1146 2413 1241 2452 omnes
1263 2413 1303 2451 se·

134 2480 252 2538 eundum
275 2480 364 2536 lesum
386 2479 521 2536 Christum
544 2481 673 2552 diligere,
693 2480 836 2552 eidemque
858 2479 1000 2534 raniversos
1021 2476 1123 2533 similes
1146 2494 1207 2533 esse
1230 2485 1304 2550 opto.

134 2565 296 2622 Benedictus
311 2563 391 2630 enim,
409 2563 454 2636 qui
466 2562 542 2619 vobis
558 2580 608 2636 pro
625 2570 716 2617 vestro
728 2561 824 2617 merito
840 2560 920 2617 talem
932 2559 1034 2616 babere
1050 2558 1304 2633 deditllpiscopum.

176 2737 208 2794 ΙΙ.
251 2739 328 2794 laus
349 2738 519 2810 reliquorum
541 2739 703 2810 legatorum.
745 2735 911 2792 Exhortatio
933 2736 972 2792 ad
993 2734 1175 2792 obedientiam
1195 2749 1263 2807 ergo

505 2837 660 2910 episcopum
682 2844 706 2891 et
722 2836 931 2909 presbyterium.

216 2953 252 3009 lie
281 2969 415 3009 conserve
445 2961 534 3009 autem
556 2969 617 3008 meo
641 2952 761 3020 llurrho,
787 2951 936 3008 seeundum
960 2952 1042 3007 lieum
1065 2951 1180 3007 diacono
1203 2960 1304 3020 vestro,

132 3039 161 3095 in
183 3035 309 3093 omnibus
331 3035 484 3110 benedicto,
507 3053 566 3103 nro,
589 3043 618 3091 ut
638 3052 747 3108 semper
768 3034 844 3091 vobis
866 3043 893 3091 et
908 3036 1037 3109 episcopo
1055 3036 1089 3090 sit
1112 3034 1218 3090 honori.
1250 3034 1305 3091 Sed

133 3129 161 3178 et
179 3119 299 3188 Crocus,
330 3127 358 3175 et
378 3118 432 3175 lieo
467 3129 494 3175 et
514 3118 591 3175 vobis
614 3120 727 3192 dignus,
757 3136 836 3192 quem
865 3119 1001 3191 esenrplar
1032 3126 1135 3173 vestrae
1165 3117 1304 3174 charitatis

132 3204 235 3278 accepi,
258 3220 308 3277 per
329 3202 419 3260 omnia
440 3220 482 3259 me
506 3204 647 3270 recreavit,
671 3202 809 3275 quonredo
832 3210 859 3257 et
880 3202 968 3274 ipsum
991 3201 1136 3274 refrigeret
1151 3209 1227 3274 pater
1243 3200 1304 3257 lesu

215 3346 271 3408 *ll
314 3352 350 3407 lte
372 3351 478 3408 llurrbo
497 3359 585 3408 autem
603 3369 735 3408 conservo
757 3361 863 3419 nostro,
885 3360 974 3408 vestro
992 3351 1142 3407 secundum
1155 3351 1305 3408 lleumliia·

133 3453 206 3493 cono
227 3437 255 3492 in
276 3433 403 3491 omnibus
424 3433 568 3491 benedicto
592 3452 657 3502 nro,
684 3442 714 3491 ut
741 3443 899 3509 permaneat
927 3434 959 3491 ad
987 3443 1104 3490 vestrum
1127 3442 1154 3491 et
1174 3434 1304 3509 Episcopi

132 3519 275 3575 bonorem.
318 3519 420 3573 Crocus
444 3520 525 3573 etiam
547 3518 601 3574 neo
629 3517 759 3590 vobisque
787 3519 900 3592 dignus,
931 3535 1012 3591 quem
1038 3517 1175 3591 exemplar
1198 3525 1305 3575 vestrae

133 3603 252 3658 resimis
275 3600 383 3674 accepi,
411 3618 461 3673 per
484 3601 572 3656 omnia
594 3618 636 3656 me
659 3599 805 3657 recreavit:
835 3600 973 3673 quomodo
1003 3607 1029 3656 et
1050 3601 1138 3673 ipsum
1161 3601 1306 3675 refrigeret

184 3864 242 3928 Cap,
260 3865 288 3913 ll.
326 3863 349 3926 l)
367 3863 393 3911 ln
412 3876 473 3910 vers.
486 3861 583 3925 Syriaca
603 3862 660 3910 baec
680 3871 703 3911 et
738 3861 795 3910 ento
821 3876 873 3909 eum
904 3859 1039 3922 collegisse.
1084 3860 1145 3908 Casu
1170 3875 1197 3907 ea
1222 3859 1292 3907 Peter

131 3932 257 3996 sequentia
277 3932 363 3980 desunt
380 3944 456 3991 usque
480 3930 510 3978 ad
528 3930 631 3977 medium
651 3945 702 3992 cap.
737 3944 836 3977 rustitius
862 3927 978 3977 excidisse
997 3935 1076 3991 putat,
1099 3942 1152 3976 cum
1170 3933 1248 3975 extent
1266 3938 1304 3987 ap.

131 4000 236 4049 tertium.
274 3996 434 4060 lleleliupius
452 3996 645 4056 illemouacbns,
664 3996 703 4059 apri
737 3996 879 4045 Armenium.
914 3995 955 4043 Vix
975 3995 1126 4044 crediderim.

131 4067 268 4116 'mmm
299 4065 421 4128 symm
452 4063 596 4141 ⁰¹.³¹'‘lf³''i¹’
625 4063 702 4142 9¹⁰¹¹i³
789 4096 815 4159 2)
834 4097 894 4146 blsle
925 4096 947 4144 in
976 4093 1162 4156 l'seuduignatio
1184 4089 1304 4160 Bidens:

132 4133 245 4211 ΜΨ
263 4133 367 4211 ''idm'’
392 4146 453 4194 ΨΜ
475 4146 521 4209 ¹¹¹⁵?
544 4138 567 4180 ⁰¹
585 4146 637 4181 ”⁵¹¹¹
659 4147 703 4179 ³¹¹⁰
736 4165 798 4213 male
818 4165 841 4213 in
859 4164 932 4213 reteri
950 4163 1060 4211 versione
1078 4162 1163 4210 Burro.
1198 4159 1304 4208 Burrbus

131 4208 238 4250 ΝΜΟ
256 4215 333 4249 ''¹¹⁰⁰“
360 4213 465 4259 ⁰⁰¹¹ssf¹¹⁸
488 4213 594 4247 mmmm
620 4213 704 4247 'm'
737 4239 773 4280 est
792 4247 877 4281 nomen
896 4232 1026 4280 Rontmrum
1047 4229 1104 4276 satis
1123 4227 1233 4288 vulgare3
1257 4242 1304 4275 non

130 4266 702 4397 1ἛῶΡῗὲξξὲἓῃῃΐξὲθῖΐέξέοεθὲἔὲεξξὲεᾟ
737 4307 814 4348 autem
827 4300 917 4357 hirrus,
926 4299 1022 4360 Byrrius,
1035 4303 1074 4344 mu
1085 4295 1182 4343 Burrus.
1198 4293 1303 4346 Vossius.

130 4402 205 4452 sitam
216 4402 278 4452 hene
294 4400 465 4451 instituendam
475 4400 652 4451 exhortationes
662 4415 701 4449 se·
785 4399 812 4463 3)
831 4401 920 4449 πᾶσιν
938 4395 995 4455 CL,
1014 4397 1085 4445 πᾶσι
1103 4393 1170 4446 loss.
