2886 4882
225 226 245 285 4
567 227 739 286 namanes
760 227 931 286 setsrota.
957 229 990 286 ll.
1012 228 1055 287 lll.
1390 220 1436 283 ΙΙ

224 393 378 463 intellectu,
407 393 550 451 consilium
572 393 745 467 benignitatis
773 396 857 468 patris
880 395 982 462 nostri;
1010 396 1072 468 quia
1093 395 1172 451 nobis
1194 396 1273 464 dicit,
1302 394 1436 459 voleus!

224 492 274 532 uos
305 476 429 533 similiter
454 469 602 534 errantes¹³
633 494 782 550 quaerere,
811 477 1035 551 quemadmodum
1064 478 1096 534 ad
1126 479 1198 534 illum
1225 479 1416 542 accedamus'n.

223 558 306 614 Nobis
328 561 400 617 cuim
428 561 506 617 dicit:
535 553 736 630 ,Sacrificium¹⁴
758 561 813 617 Deo
844 577 892 616 cor
921 560 1143 629 contribulatum,
1171 570 1199 617 et
1227 561 1418 629 laumiliatumte

222 641 294 698 Deus
316 660 371 699 non
394 640 530 718 despicit‘
570 643 676 700 Curtius
698 660 765 718 ergo
788 644 927 716 inquirere
951 643 1095 714 debemus,
1117 644 1223 710 iratres,
1245 645 1278 701 de
1301 652 1436 731 nostram

223 725 324 794 salute,
351 735 381 782 ut
409 743 443 783 ue
473 726 581 800 quando
611 718 731 784 habeat¹⁶
753 727 894 783 introitum
924 726 1069 798 innubis,
1098 737 1126 784 et
1154 717 1276 785 av'ertat¹⁶
1298 744 1350 784 nos
1380 744 1394 783 a

220 808 394 867 vitaaostra.
1396 820 1436 875 ΙΨ

339 960 385 1017 ιιι.
428 961 513 1018 atina
533 968 571 1017 en
592 960 727 1017 retonans
748 959 927 1024 renatorum,
950 959 1170 1017 navarraearum
1192 962 1280 1018 arana.
1399 923 1436 975 '¹

306 1061 377 1118 llicit
398 1077 464 1134 ergo
486 1061 583 1116 iterum
598 1059 631 1116 de
647 1059 689 1114 nis
711 1059 744 1115 ad
766 1057 842 1114 illos:
872 1050 923 1126 ‚nd
946 1058 1010 1130 quid
1026 1059 1091 1114 nrilri
1114 1060 1248 1128 ieiunatis,
1272 1069 1301 1116 nt
1316 1044 1436 1115 hodie‘k

226 1146 350 1201 audiatur
370 1161 421 1200 von
441 1152 530 1199 vestra
553 1144 579 1198 iu
600 1141 737 1199 clamorel
770 1141 828 1198 Non
853 1141 904 1198 tale
926 1142 1055 1197 ieiunium
1078 1141 1156 1215 elegi,
1179 1144 1244 1198 dicit
1257 1111 1436 1211 Dominus*-

227 1237 255 1285 ut
277 1229 338 1302 quis
358 1226 481 1283 humiliet
509 1226 623 1283 animam
652 1242 727 1282 suam
749 1226 808 1281 sine
830 1240 921 1280 causa.
963 1223 1056 1297 Neque
1085 1226 1108 1280 si
1135 1227 1288 1282 curvaveris
1320 1214 1436 1297 quaed*

227 1311 359 1368 circulum
379 1310 477 1366 collum
499 1318 584 1378 tuum,
607 1317 634 1365 et
655 1326 764 1365 saccum
788 1316 813 1364 te
830 1307 1049 1375 circumdederis,
1072 1317 1100 1365 et
1121 1309 1239 1365 cinerem
1251 1309 1399 1374 straveris;

227 1412 279 1451 nec
300 1395 340 1450 sic
361 1393 513 1450 celebrabis
535 1393 664 1448 ieiunium
687 1389 845 1466 acceptum‘
886 1392 927 1447 td
949 1408 999 1447 aas
1023 1398 1113 1448 autem
1135 1393 1175 1448 sic
1197 1393 1278 1449 dicit:
1304 1366 1436 1460 ‚uumffi

227 1477 418 1545 ieiunaveritis,
442 1475 515 1532 solve
537 1492 643 1532 omnem
664 1475 766 1532 nodum
789 1474 952 1543 iniustitiae,
973 1466 1012 1531 et³
1035 1492 1141 1531 omnem
1165 1468 1436 1548 consignationem!

228 1561 346 1633 iniquam
368 1559 444 1628 dele;
464 1558 569 1616 resolve
590 1558 784 1615 suffocationes
805 1549 1004 1633 impotentium⁴
1026 1558 1270 1626 commerciorum,
1292 1558 1396 1614 dimitte
1412 1538 1436 1594 h

226 1652 369 1717 quassatos
391 1643 418 1699 in
440 1643 636 1711 remissionem,
657 1650 684 1698 et
700 1658 807 1698 omnem
825 1642 976 1698 cautionem
998 1640 1140 1715 malignam
1152 1641 1264 1715 dissipa.
1291 1641 1397 1715 llrange
1412 1634 1436 1680 *

226 1727 357 1782 esurienti
379 1743 474 1799 panem
496 1734 579 1794 tuum,
602 1732 629 1781 et
649 1741 751 1800 egenos
772 1727 831 1781 sine
855 1734 926 1782 lecto
950 1724 1032 1781 induc
1055 1726 1081 1780 in
1095 1725 1298 1783 domumtuam.
1329 1724 1396 1779 Cum
1415 1725 1436 1764 ΞΕ

225 1810 324 1864 videris
354 1809 469 1876 nudum,
499 1811 583 1877 vesti,
617 1816 644 1865 et
673 1809 838 1865 domesticos
872 1810 982 1866 seminis
1011 1808 1048 1864 tni
1067 1825 1123 1864 nou
1145 1807 1289 1883 despicies.
1329 1785 1427 1864 l'uan¹¹

226 1902 351 1966 erumpet
371 1884 588 1964 ternporanenm⁶
617 1891 708 1948 lumea
731 1900 820 1960 tuum,
850 1902 878 1948 et
899 1883 1069 1948 vestimenta⁰
1090 1901 1133 1948 tua
1163 1892 1215 1946 cito
1242 1882 1394 1957 oriuntur?
1417 1893 1436 1933 ¹*

226 1983 254 2030 et
275 1973 393 2048 praeibit
413 1984 475 2030 aute
498 1983 523 2030 te
546 1975 660 2043 iustitia,
688 1982 715 2031 et
737 1974 844 2032 claritas
866 1975 913 2030 Dei
935 1974 1114 2031 circumdabit
1135 1984 1170 2030 te.
1211 1974 1286 2029 Tunc
1308 1974 1394 2029 eacla·
1418 1959 1436 2018 ¹¹

225 2050 310 2124 mas,⁸
332 2065 360 2113 et
381 2055 451 2113 bens
474 2058 599 2114 exaudiet
618 2066 661 2126 te;
683 2075 744 2114 cum
766 2058 854 2113 adhue
876 2058 1011 2131 loqueris,
1042 2058 1126 2113 dicet:
1148 2073 1213 2112 ecce
1236 2057 1346 2122 adsum,
1370 2057 1393 2111 si
1421 2050 1436 2103 1

225 2139 371 2196 abstuleris
392 2156 407 2194 a
428 2148 454 2195 te
477 2140 578 2197 nodum
601 2149 629 2198 et
650 2133 799 2197 suadelam⁹
821 2140 963 2208 malornm,
985 2147 1013 2196 et
1030 2139 1142 2197 verbum
1163 2139 1393 2203 murmurationis,
1424 2129 1436 2186 l

1405 1299 1436 1338 ll

227 2304 278 2351 bete
306 2302 421 2364 scriptum
445 2301 519 2350 luisse
542 2300 636 2350 videtur
653 2321 686 2344 =
707 2308 727 2350 et
754 2304 792 2350 ie·
826 2297 1032 2362 CodPalatinus)
1049 2302 1241 2349 eesoeeritete.
1276 2299 1325 2347 lam
1337 2297 1394 2347 Gal·
1429 2311 1436 2357 ι

225 2375 355 2418 renaentom
371 2370 421 2418 eins
438 2370 545 2417 nresrdnan
562 2370 712 2418 nenhobcte.
745 2367 793 2417 Clr.
826 2366 940 2415 licciolli:
964 2367 1077 2416 acciochd
1095 2367 1111 2415 il
1130 2366 1262 2429 malvagglo
1280 2382 1329 2415 non
1347 2364 1393 2415 mei
1431 2374 1436 2409 l

228 2436 292 2497 Orig.
315 2444 398 2485 corrtm
422 2434 484 2486 Celo.
502 2436 553 2497 vll,
574 2436 594 2486 l.
619 2436 645 2485 T.
663 2436 710 2486 llll.
728 2451 752 2499 p.
772 2436 793 2485 l.
827 2435 888 2482 novi
914 2434 979 2483 ndito
1004 2435 1028 2483 ia
1046 2434 1100 2494 noi,
1128 2451 1141 2483 e
1166 2450 1195 2482 ne
1219 2434 1335 2483 allontani
1354 2431 1392 2482 dal
1432 2446 1436 2480 ι

227 2504 265 2553 ed.
295 2504 461 2553 Lommatzscb
494 2501 549 2565 ἵν’,
580 2500 796 2570 ἐξολοθρευθέν-
827 2509 911 2550 nostro
934 2502 1041 2552 instituto
1061 2502 1084 2551 di
1103 2503 1157 2552 vita.

228 2586 284 2623 των
301 2569 407 2634 αὐτῶν,
425 2571 451 2620 ol
470 2565 575 2628 πάντες
593 2571 796 2640 περισπασμοῦ
879 2569 984 2633 Caplll.
1004 2569 1029 2636 1)
1048 2570 1170 2634 Reprobat
1180 2569 1263 2618 Esaias
1280 2568 1392 2618 ieiunium

227 2637 417 2696 ἀπολυθέντες
434 2640 536 2689 εἴπωσι
561 2635 593 2688 τὸ
612 2637 674 2701 ἑξῆς
690 2634 794 2703 ἐκείνῳ,
827 2637 983 2698 ludaeomm,
1002 2638 1067 2701 quod
1087 2654 1139 2688 cum
1161 2639 1222 2686 lastu
1241 2645 1291 2686 erat
1308 2645 1332 2686 et
1349 2636 1392 2685 tvi·

227 2698 270 2752 ro'·
289 2702 432 2764 ,ἑκουσίως
445 2701 526 2756 θύσω
539 2704 604 2754 noe·‘
623 2701 735 2770 λογικὴν
747 2705 793 2754 καὶ
826 2705 890 2752 stitia
900 2705 1008 2752 affectata
1019 2705 1049 2752 ad
1066 2706 1256 2765 ostentationem,
1272 2704 1341 2768 quale
1356 2711 1393 2752 est

225 2763 354 2820 ἄκαπνον
376 2773 481 2822 θυσίαν
511 2771 720 2837 προσφέροντες
753 2771 792 2835 aqi
825 2769 938 2817 ieiunium
956 2771 1134 2834 hypocritarum
1145 2773 1266 2831 llatlh.b.‚
1282 2779 1305 2820 et
1322 2771 1392 2820 bonis

225 2837 283 2899 θεῷ
307 2839 365 2886 τῶν
388 2833 468 2887 ὅλων.
509 2836 596 2884 llalitia
620 2845 698 2885 autern
722 2837 793 2886 dere·
825 2836 939 2897 operibus
958 2852 1056 2886 vacuum
1074 2838 1192 2904 malisque
1204 2840 1309 2903 plenum.
1334 2839 1391 2888 Men.

225 2901 280 2949 licta
312 2900 424 2967 λογικὴν
448 2901 493 2952 και
520 2896 649 2954 ἄκαπνον
677 2906 791 2966 θυσίαν,
823 2902 877 2951 lsai.
895 2903 935 2961 58,
954 2904 977 2953 4.
996 2906 1018 2954 5.

225 2983 295 3029 quam
313 2969 377 3016 bens
400 2977 483 3018 noster
504 2986 552 3018 non
570 2969 685 3032 despicit,
708 2970 729 3020 ei
753 2971 791 3018 ol·
877 2969 903 3034 2)
921 2971 993 3021 Forte
1016 2968 1082 3024 Ἐὰν
1104 2968 1246 3044 νηστεύῃς.
1280 2975 1334 3024 lsai.
1351 2974 1392 3034 58,

225 3034 287 3083 lerrc
305 3049 440 3096 possumus.
823 3037 878 3086 6-
889 3038 926 3088 10.

279 3102 320 3165 13)
339 3102 415 3151 Simili
439 3103 512 3151 modo
538 3118 582 3151 nos
607 3113 713 3154 errantes
737 3120 790 3154 cum
871 3104 898 3168 3)
919 3105 989 3154 Vuae.
1021 3113 1043 3154 et
1075 3123 1163 3157 onlnem
1191 3112 1392 3172 eoetsipnulionenr

224 3168 311 3218 veteris
333 3170 438 3218 laederis
462 3170 554 3232 populo
573 3172 587 3220 i.
606 3188 626 3220 e.
645 3187 689 3221 nos
712 3172 790 3220 iudai·
822 3172 929 3235 iniquam
941 3174 992 3222 dele
1006 3189 1033 3223 er
1046 3176 1151 3237 margine
1165 3176 1299 3240 irrepsisse,
1314 3194 1391 3241 eoque

224 3245 313 3285 rantes.
348 3237 453 3299 llespicit
471 3238 541 3286 simul
558 3239 693 3288 intellectus
712 3238 790 3302 pleni-
823 3237 952 3300 releganda
970 3256 1023 3290 esse
1041 3242 1099 3291 vidit
1112 3243 1254 3301 Cotelerius,
1273 3261 1324 3293 cum
1343 3247 1391 3294 sint

226 3303 330 3353 tudinem
355 3304 545 3355 Claristianonrm
567 3306 637 3367 (Col.
656 3307 684 3367 2,
705 3306 744 3369 2.)
767 3315 791 3355 ct
823 3304 898 3356 altera
917 3308 995 3357 versio
1014 3309 1140 3359 verborum
1154 3313 1252 3362 πᾶσαν
1270 3324 1389 3376 συγγρα-

225 3371 790 3439 mentiscecitatemludaeorumlllCor.3,ll.).
823 3369 881 3440 φὴν
905 3369 1004 3427 ἄδικον
1025 3373 1149 3435 dacione,
1179 3393 1240 3440 «pirae
1263 3377 1324 3424 inlra
1353 3379 1388 3425 sic

279 3437 321 3503 14)
340 3438 377 3486 Ps.
396 3441 436 3498 50,
459 3440 496 3490 19.
823 3441 968 3492 redduntur:
985 3452 1008 3493 et
1026 3459 1114 3493 onrneen
1132 3447 1261 3492 cautionem
1278 3458 1331 3504 sqq.

277 3504 317 3567 15)
337 3506 451 3555 blerrardo
466 3508 560 3556 videtur
572 3509 655 3558 deesse
676 3524 727 3558 voc.
744 3509 789 3558 Se·
874 3512 901 3573 4)
921 3511 1036 3573 lnrpotens
1054 3519 1080 3558 nt
1102 3509 1158 3557 alibi
1177 3511 1330 3566 incontinens,
1350 3513 1388 3558 in·

224 3580 277 3630 ton,
302 3571 338 3621 vel
362 3577 505 3635 colatrorinr,
530 3577 565 3624 vel
590 3577 667 3625 simile
691 3577 790 3639 aliquid.
824 3579 915 3632 selene,
941 3580 1079 3640 effrenatus,
1101 3577 1233 3633 aelrenicns,
1254 3578 1387 3639 impatiens,

225 3639 343 3687 Fortassis
359 3656 459 3704 neqnmn
477 3643 705 3693 obantecedentinm
723 3645 790 3692 simi·
824 3646 861 3692 saei
883 3659 930 3692 noe
958 3651 1048 3706 potens.
1087 3643 1126 3691 Sic
1149 3643 1197 3691 Cic.
1217 3643 1251 3692 lv.
1277 3644 1341 3692 Fani.
1366 3648 1389 3695 s.

225 3706 348 3755 litudinem
376 3711 498 3771 nequando
531 3712 668 3760 amanuensi
695 3712 789 3760 excidit
823 3710 925 3758 Victoria
946 3711 1037 3759 etiamsi
1055 3711 1085 3758 ad
1095 3708 1208 3759 meliores
1221 3712 1292 3771 venit,
1311 3719 1389 3761 umen

225 3773 570 3836 Eodemmodolegiturinlra
590 3779 644 3827 cl.
658 3780 789 3842 nequando
822 3791 864 3825 cos
894 3776 961 3838 ipsos
994 3778 1126 3827 leroeiores
1160 3779 1390 3843 impotentioresque

224 3843 368 3906 quiescentes
389 3844 437 3890 iem
457 3848 535 3892 eoeeti
561 3846 736 3895 eddorminmes
764 3847 789 3893 in
820 3842 907 3892 reddit

223 3911 433 3972 peccatisnostris,
453 3916 475 3958 et
486 3909 589 3974 Nequam
599 3916 714 3976 occipiens
725 3912 788 3974 rqu.
869 3912 895 3975 5)
914 3905 1045 3978 πρώῖμον
1063 3912 1134 3974 Lllll,
1159 3912 1173 3960 i.
1196 3930 1216 3962 e.
1241 3913 1388 3963 matutinum.

277 3976 318 4040 16)
342 3976 375 4024 lta
405 3976 495 4026 llbode.
536 3979 577 4028 bls.
610 3986 703 4028 euertat.
740 3978 788 4027 Clr.
820 3977 878 4026 Men.
904 3977 1007 4027 Sensus:
1032 3979 1138 4028 Gloriam
1161 3981 1224 4042 apud
1248 3981 1323 4028 Deum
1346 3980 1387 4028 tibi

224 4044 297 4105 lgnat.
319 4043 348 4091 ad
373 4043 432 4106 Epir.
457 4060 477 4094 e.
497 4045 549 4094 lt:
579 4042 619 4113 μὴ
644 4044 788 4115 adgnato·
821 4044 934 4108 adquires
952 4046 1030 4108 ipsum
1048 4047 1079 4095 ita
1098 4048 1280 4108 nrngnillcaudo.

223 4113 271 4160 τίσ
312 4107 384 4179 ὑμᾶς
407 4109 436 4161 ἔκ
460 4113 509 4163 τοῦ
528 4115 713 4181 προκειμένου
735 4113 788 4175 ζῆν.
873 4111 899 4174 li)
917 4106 1026 4180 ἰάματα
1045 4114 1112 4174 Lllll,
1129 4115 1143 4162 i.
1160 4132 1180 4163 e.
1197 4116 1322 4174 sanitates,
1342 4130 1387 4178 pro

223 4177 250 4225 ll.
272 4128 359 4228 beotii
384 4177 548 4228 emendatione
569 4179 605 4227 vin
635 4195 696 4243 opus
724 4187 789 4240 erat;
821 4193 869 4241 quo
888 4179 984 4242 quidam
1003 4181 1111 4242 legerunt
1128 4176 1236 4249 ἱμάτια.
1272 4182 1331 4231 Men.

224 4258 277 4293 nam
295 4245 358 4295 idem
378 4246 474 4295 omnino
491 4245 544 4295 vbb.
561 4253 659 4295 euertere
678 4255 701 4296 et
720 4263 786 4294 aner·
870 4247 897 4311 ῖ)
915 4249 1017 4295 oriemur
1038 4247 1164 4309 legendum
1183 4249 1274 4297 mornrit
1292 4250 1351 4298 llen.

221 4316 269 4357 tere
288 4311 352 4360 haud
373 4329 429 4363 raro
446 4313 586 4375 signillcant.
620 4313 786 4363 cardumae
871 4313 897 4376 8)
915 4315 1060 4363 exclamabis
1080 4315 1153 4363 scribi
1171 4315 1220 4365 vult
1240 4317 1300 4365 Men.

222 4374 286 4426 Pasa.
307 4379 364 4429 Sim.
383 4381 414 4443 6,
432 4381 468 4431 2.:
493 4387 515 4433 et
540 4383 622 4432 evertit
646 4381 786 4448 (evertitque
869 4381 896 4446 e)
910 4383 1090 4450 χειροτονίαν
1115 4383 1183 4433 Lllll.
1231 4384 1319 4435 Notum
1352 4393 1390 4436 est
