2886 4882
258 223 394 289 ltEttltnd
414 224 555 284 PASTOR.
599 226 697 285 tlttttlt
717 226 761 283 ΙΙΙ.
804 227 1069 305 similitudis)
1201 233 1258 292 551

168 389 207 461 (n)
229 391 305 450 lt'Vll.
348 392 379 448 tu
402 391 454 449 diui
475 391 531 450 illi:
554 392 673 462 domine,
694 409 768 450 nunc
789 402 817 450 et
837 394 871 452 de
893 394 1032 451 montibus
1054 398 1119 455 milri
1148 399 1258 457 demon·

87 487 158 534 stro:
181 492 264 549 qunre
278 476 329 532 olis
345 484 371 531 et
384 474 434 531 elin
445 472 540 547 ligura,
562 484 591 532 st
602 477 677 535 varie
691 470 860 533 habebuntl¹
881 477 914 533 Et
927 476 992 533 dixit
1004 479 1082 536 mihi:
1104 482 1167 539 nudi
1189 491 1216 541 et
1226 483 1260 543 de

86 561 139 618 liis.
182 559 330 615 Duodecim
353 565 468 625 montes,
491 574 561 630 quos
582 558 666 627 vides,
688 554 774 627 (vides
788 558 962 630 duodecimi)
985 569 1049 617 suut
1062 572 1168 634 pentes,
1190 583 1259 640 quae

84 651 169 700 totum
191 641 313 698 obtinent
335 639 439 697 orbem.
482 639 658 698 Praedicatus
682 649 725 699 est
746 658 813 714 ergo
836 642 862 698 in
886 642 927 698 liis
950 658 1001 716 per
1024 644 1163 716 apostolos
1186 646 1258 707 lilius

84 726 139 783 Dei.
181 724 214 781 Et
235 724 287 780 diri
309 726 349 782 ei:
372 724 489 790 domine,
518 740 603 797 quaro
625 725 690 782 varii
718 731 797 792 sunt,
827 732 873 781 aut
893 724 944 781 alia
966 734 993 782 et
1015 725 1065 782 alia
1088 725 1188 800 ligura,
1211 730 1256 786 de·

85 815 207 865 monstro
229 807 302 863 milri.
343 807 426 872 ludi,
456 805 550 879 inquit
592 806 647 864 llne
669 807 814 866 duodecim
837 816 948 881 gentes,
971 824 1041 882 quse
1063 817 1148 867 totum
1171 811 1258 884 possi·

84 891 149 947 dent
169 888 277 957 orbem,
301 889 444 946 duodecim
467 897 531 945 sunt
551 889 684 947 nationes.
727 881 834 945 Vnrine¹
857 898 921 947 sunt
940 899 1030 949 autem
1051 891 1208 961 intellectu3
1230 900 1258 950 el

83 975 153 1029 sicut
175 982 340 1029 memoratos
364 979 471 1028 montes
492 972 582 1028 vidisti
605 974 710 1039 varios,
733 971 801 1028 tales
823 981 887 1029 sunt
907 981 936 1030 et
956 973 1053 1030 herum
1075 975 1195 1047 gentium
1218 977 1258 1032 in·

85 1055 209 1112 tellectus
232 1063 312 1129 atque
344 1072 452 1112 sensus.
495 1054 694 1113 Demonstrabo
729 1063 818 1111 nutem
846 1055 894 1112 tibi
925 1057 1142 1130 uniuscuiusque
1171 1065 1255 1115 nctus.

83 1139 115 1195 Et
136 1139 189 1194 dixi
210 1138 248 1193 ei:
279 1138 396 1203 domine,
418 1138 507 1210 primo
530 1138 584 1195 lioc
605 1139 671 1195 mihi
694 1138 866 1195 demonstra:
895 1154 956 1196 cum
976 1140 1031 1196 sint
1058 1147 1111 1196 tam
1140 1141 1207 1197 varii
1228 1141 1257 1199 hi

82 1229 204 1287 montes,
235 1221 344 1294 quaudo
367 1221 393 1277 in
415 1228 553 1277 structure
582 1221 664 1295 positi
686 1215 778 1290 [sunt]
801 1222 885 1277 turris
912 1221 992 1278 liuius
1019 1221 1123 1295 lapides
1152 1239 1256 1294 eorum,

82 1304 221 1378 quomodo
244 1320 298 1360 uno
322 1303 415 1360 colore
437 1312 502 1361 sum
522 1303 586 1360 inuti
608 1313 636 1360 et
656 1302 793 1378 splendidi
815 1321 871 1360 non
891 1305 982 1362 minus
1005 1321 1086 1377 quom
1102 1305 1131 1361 hi
1143 1304 1256 1379 lapides,

82 1389 130 1461 qui
151 1386 334 1442 ascenderunt
356 1386 389 1442 de
411 1386 568 1458 profundol
591 1386 624 1444 Et
645 1386 711 1442 diiii
724 1385 803 1441 milri:
828 1388 955 1459 quonism
969 1387 1109 1444 universae
1123 1389 1256 1457 notiones,

82 1487 151 1543 quio
173 1469 224 1524 sub
246 1468 322 1524 caelo
344 1476 435 1534 erant,
465 1485 527 1525 cum
554 1469 708 1536 audissent,
739 1467 914 1527 crediderunt
942 1470 970 1526 in
997 1486 1097 1526 nomen
1120 1469 1166 1526 lilii
1190 1469 1256 1540 llei3

80 1560 248 1627 acceptoque
272 1554 331 1608 eius
352 1550 441 1621 sigillo
465 1567 544 1607 unnm
566 1568 662 1608 omnes
684 1551 866 1624 prudentiam,
888 1568 1027 1626 unumque
1045 1569 1155 1610 sensum
1178 1569 1255 1611 rece·

81 1643 194 1708 perunt;
217 1642 243 1690 et
266 1629 347 1703 [una]
371 1632 439 1690 [ides
462 1648 559 1691 eorum
587 1641 669 1707 utque
699 1636 893 1703 conluserit,
922 1637 1093 1709 spiritusque
1122 1637 1255 1709 virginum

82 1717 176 1774 luorum
201 1734 261 1772 cum
285 1718 345 1772 eius
367 1716 478 1772 nomine
499 1715 696 1788 induebantur3
718 1717 837 1789 ideoque
858 1725 885 1775 et
903 1726 1041 1776 structura
1064 1719 1146 1775 turris
1162 1725 1192 1779 ut
1212 1719 1255 1776 sol

81 1801 108 1856 in
131 1817 185 1857 uno
209 1799 301 1856 colore
333 1807 399 1856 erat.
441 1797 588 1873 Postquam
609 1791 713 1856 autem³
735 1810 921 1858 convenerunt
942 1802 970 1858 in
991 1817 1088 1868 unum,
1118 1808 1145 1858 et
1171 1818 1255 1861 unum

81 1899 183 1956 corpus
205 1899 266 1939 esse
290 1883 387 1956 coepit,
411 1882 519 1955 quidem
542 1900 575 1940 ex
595 1883 636 1941 eis
655 1891 744 1942 semet
765 1884 841 1957 ipsos
862 1884 1081 1953 maculaverunt,
1101 1892 1129 1941 et
1149 1884 1255 1959 expulsi

81 1972 144 2022 sunt
166 1966 200 2024 de
229 1981 330 2036 genere
351 1965 500 2035 iustorum3
529 1967 676 2025 etiterum
697 1966 762 2024 lacti
784 1967 953 2025 suutmulto
976 1967 1144 2037 deteriores,
1173 1984 1255 2041 quam

81 2056 143 2105 anto
164 2048 280 2105 lucrant

162 2193 200 2264 (nl
222 2197 312 2256 llVlll.
354 2197 387 2252 Et
407 2197 460 2254 dini
488 2198 528 2255 ei:
550 2197 675 2264 dominc,
708 2214 792 2270 quare
820 2198 975 2255 deteriores
1004 2197 1069 2256 lacti
1098 2207 1175 2267 suut,
1206 2200 1254 2273 qui

81 2289 268 2352 cognoverunt
290 2278 389 2335 lleuml
409 2278 442 2334 tu
463 2279 501 2335 uit
520 2279 602 2335 milii:
629 2279 653 2334 is
685 2279 805 2350 quinon
828 2278 955 2352 cognorit
972 2278 1063 2349 Deum,
1086 2281 1110 2336 si
1128 2281 1253 2353 nequiter

81 2362 158 2428 vivit,
181 2369 272 2417 manet
293 2360 318 2417 oi
346 2360 482 2431 nequitiae
512 2375 579 2417 sune
609 2375 707 2433 poene.
749 2359 827 2423 iltis
852 2360 899 2433 qui
921 2362 1050 2433 cognorit
1079 2360 1180 2431 lleum,
1199 2362 1253 2419 inm

80 2460 134 2500 non
150 2443 233 2499 debet
247 2459 327 2516 ogere
344 2443 479 2514 nequiter,
493 2443 542 2499 sed
559 2441 708 2498 boninum
722 2456 859 2499 exercere.
903 2440 1028 2514 stipium
1040 2441 1096 2508 ills,
1112 2443 1159 2515 qui
1175 2441 1252 2500 boni·

80 2534 160 2582 tatem
186 2526 264 2598 sequi
285 2523 381 2591 debet,
411 2526 536 2599 nequiter
558 2524 670 2591 lecerit,
692 2539 747 2579 non
771 2523 830 2596 ipse
852 2522 899 2579 tibi
921 2522 1010 2596 iungis
1038 2522 1174 2581 ridebitur
1205 2541 1252 2581 ne·

81 2600 181 2681 quiter¹
202 2623 293 2680 ogere,
315 2622 395 2680 quam
418 2607 470 2675 illo,
491 2609 538 2682 qui
560 2607 670 2681 ureret
683 2605 786 2663 Deuml
808 2605 929 2680 ldeoque
950 2602 996 2673 illi,
1016 2605 1064 2679 qui
1076 2620 1133 2663 nott
1150 2622 1252 2680 cogno·

80 2698 177 2748 verunt
197 2689 290 2758 lleum,
313 2699 341 2746 et
362 2690 489 2762 nequiter
509 2697 607 2763 egunt·
622 2689 705 2749 morti
716 2695 784 2755 sunt
800 2688 940 2756 destined·
982 2687 1035 2758 dni
1046 2695 1137 2751 autem
1150 2704 1251 2764 com·

79 2783 176 2831 verunt
198 2772 295 2840 Deum,
317 2780 345 2829 et
366 2790 450 2846 opera
481 2774 542 2831 eius
564 2779 593 2833 et
622 2769 755 2831 litabilis
787 2770 929 2840 ciderunt,
958 2779 988 2831 et
1005 2771 1133 2846 nequiter
1152 2771 1253 2842 vivont,

80 2856 227 2930 dupliciter
252 2855 412 2928 punientur,
430 2864 459 2913 ot
479 2857 507 2913 in
536 2863 678 2913 aeternum
706 2854 864 2912 morientur.
907 2853 953 2911 Sic
979 2853 1063 2928 igitur
1093 2853 1253 2929 purificatur

80 2939 196 2996 ecclesia
238 2938 295 2995 liei.
337 2939 480 3007 Quomodo
501 2939 590 2996 vidisti
612 2937 716 3012 lapides
738 2937 841 2993 eiectos
863 2936 978 2994 traditos
1000 2936 1141 3011 spiritibus
1162 2938 1251 3012 perni-

80 3022 165 3087 tiosis,
188 3023 288 3095 stipsi
311 3021 382 3079 enim
396 3021 562 3089 abiciuntur3
583 3037 680 3079 eorum
693 3028 793 3088 tutem,
815 3020 862 3092 qui
875 3018 1011 3094 purilicoti
1033 3027 1251 3094 permanserunt,

80 3104 133 3161 erit
153 3119 235 3159 unum
257 3121 372 3177 corpus,
397 3105 535 3177 quomodo
557 3112 585 3163 st
604 3103 689 3162 turris
707 3102 755 3161 illa
776 3100 846 3159 lecta
867 3111 910 3161 ost
930 3119 963 3158 es
983 3118 1039 3159 uno
1068 3101 1174 3176 lepide,
1203 3118 1251 3177 po·

80 3194 221 3258 sterquam
257 3186 398 3259 purificate
429 3195 488 3245 est:
525 3188 566 3245 sic
594 3186 647 3244 erit
675 3184 790 3243 ecclesis
821 3186 884 3254 liei,
915 3201 977 3243 cnm
999 3184 1141 3260 purificata
1160 3185 1252 3255 luerit,

80 3268 192 3327 abiectis
214 3284 246 3324 ex
266 3285 299 3324 ea
320 3269 395 3325 molis
422 3278 505 3342 atque
525 3269 596 3327 lictis
623 3276 651 3326 et
669 3269 739 3326 mole
762 3269 936 3343 opinantibus
958 3267 1122 3342 dubiisqne;
1144 3276 1172 3326 et
1192 3268 1253 3344 qui·

81 3368 189 3423 cunque
211 3352 335 3424 nequiter
353 3361 513 3425 gesseruut,
535 3360 564 3409 et
584 3351 636 3425 ipsi
664 3351 745 3407 variis
768 3352 913 3425 generibus
944 3352 1096 3409 eiicientur.
1138 3351 1171 3409 Et
1200 3352 1253 3413 erit

75 3469 284 3479 ————--.

67 3528 73 3533 '
132 3526 286 3590 Copdvlll.
323 3526 348 3587 1)
375 3525 569 3581 Ouentudnrodum
586 3524 645 3587 Vnt,
682 3531 758 3577 sinunt
776 3529 894 3591 duplicius
917 3528 1046 3589 punientur
1068 3531 1089 3574 et
1107 3527 1130 3574 lu'
1149 3531 1251 3577 monen-

80 3593 119 3642 ulii
138 3594 231 3643 donrlne
249 3607 298 3643 non
315 3592 362 3653 leg.
683 3601 721 3644 tur
739 3597 764 3643 in
781 3609 828 3643 ero.

131 3660 158 3721 2)
175 3658 202 3708 ln
220 3660 270 3708 Vnt.
286 3667 338 3709 oret
355 3661 400 3708 liis.
496 3677 499 3683 ·
733 3662 759 3721 8)
778 3662 805 3709 de
823 3666 885 3708 turre
903 3653 952 3707 lint.

129 3724 158 3799 β)
175 3739 227 3775 esni
245 3725 296 3775 let.
734 3727 761 3791 9)
781 3732 850 3791 atque
873 3726 1021 3790 purificatum
1043 3729 1076 3776 ito
1093 3741 1144 3775 eoin
1168 3727 1251 3776 turrs'n

80 3827 266 3958 μῃὲὲιέεῃὴὶἷ,
284 3826 648 3959 (ᾳέἶῐάεῆιζῗιωξιθὲῗῗὲἷωιξχ
682 3800 707 3845 m
726 3792 943 3924 rpppeteprspl‘rppm'
961 3858 1025 3920 Vnt,
1046 3859 1108 3908 idem
1125 3865 1247 3921 penserunt

78 3959 229 4017 moretonii
249 3960 349 4023 periodo
374 3961 413 4011 hic
433 3962 495 4013 mele
519 3968 649 4026 repetetur.
681 3944 706 3992 Ρ·
724 3943 749 3978 ⁸⁸
766 3934 896 3991 9²⁸⁸“Wr
915 3943 950 3976 ⁰⁶·

79 4028 134 4081 idox
144 4030 261 4079 obstinere
271 4029 364 4079 omnino
382 4028 546 4094 transponitur
558 4028 582 4079 iu
599 4026 649 4077 vau
733 4051 790 4115 cap·
817 4051 883 4102 xm
919 4051 944 4116 ¹)
970 4053 1037 4102 m
1062 4049 1175 4100 mem
1198 4049 1249 4100 M

131 4119 159 4182 5)
176 4120 289 4181 sorevit,
303 4120 358 4169 dein
372 4122 439 4183 sepul
450 4122 531 4169 delent
543 4119 649 4181 nequitie
681 4119 766 4170 Paullo
786 4119 856 4169 aliter
873 4119 942 4170 inire.

82 4200 107 4236 te
123 4190 250 4268 prosterni,
271 4202 326 4236 mon
343 4187 458 4249 delinquit
476 4200 499 4248 p.
517 4185 623 4248 deliquit.
732 4185 759 4250 2)
781 4188 841 4236 corii
860 4186 909 4236 Pul.

131 4253 160 4380 ξῖ
176 4253 519 4379 Ῑῖιίξεηζ,οιῗζίιιγίιοιηιὸναιωα
536 4323 559 4366 et
577 4332 647 4394 opero
731 4253 895 4386 {ppoutxlfflh
920 4320 944 4385 l)
956 4319 1033 4382 inopte
1048 4318 1167 4369 videditur
1176 4321 1245 4384 petet

80 4398 105 4448 p.
121 4386 240 4436 nrirolilio
258 4401 338 4449 opero,
355 4385 486 4449 postmodo
503 4386 525 4435 si
542 4389 649 4450 wonder
682 4391 787 4455 nequiter
804 4385 853 4436 l'sl.
