2886 4882
343 224 469 286 iffl'l'll
487 225 650 285 nemroth
670 228 712 285 hii
733 226 904 287 subustos.
932 228 965 286 11.
986 226 1032 287 iit
1051 227 1095 286 lv.
1255 224 1314 288 12³

131 393 249 462 ffiristi,
282 409 338 450 nnn
359 408 422 448 cnm
444 392 571 451 onesimo
593 404 621 452 et
642 394 748 453 burrho
770 404 798 452 et
817 393 903 469 Eupio
925 403 953 451 et
974 393 1129 465 Frontone,
1164 411 1214 469 per
1242 412 1312 469 quos

129 495 177 535 ros
200 493 303 534 omnes
327 474 418 550 quoad
439 475 597 534 charitalem
620 479 681 535 vidi.
710 479 796 535 Fruar
818 476 895 533 vobis
910 487 1054 552 perpetuo,
1075 479 1098 534 si
1113 480 1210 554 dignus
1225 478 1313 535 luero.

129 561 215 618 hecel
237 559 333 633 itaque
353 574 403 614 vos
424 560 550 617 omnibns
571 562 660 618 modis
681 561 834 635 glorificare
857 561 946 617 lesum
968 561 1119 630 Christum,
1141 563 1187 636 qui
1209 560 1313 634 gioriii·

129 644 200 701 eavit
226 659 295 711 ros,
324 641 402 698 utin
424 640 651 702 obedientianna
674 646 732 700 sitis
755 644 887 719 perlecti,
912 643 1007 700 eadem
1030 652 1141 714 mente,
1163 645 1312 719 eademque

130 726 283 794 oententie,
314 725 440 798 idemque
472 726 567 784 dicatis
595 729 629 785 de
655 728 753 785 eodem
782 743 894 795 omnes,
922 735 952 784 ut
982 725 1099 783 subiecti
1127 728 1258 802 episcopo
1286 735 1314 784 et

131 808 314 885 presbyterio
336 825 387 882 per
408 810 497 865 omnia
518 810 680 867 sanctificati
702 812 771 868 sitis.

129 959 215 1016 Fater
238 956 303 1014 lesu
324 957 424 1016 Christi
454 976 586 1017 unacum
610 960 754 1029 Onesimo,
776 961 898 1029 burrho,
921 959 1007 1034 Eupio
1030 967 1058 1016 et
1078 957 1233 1027 Frontone,
1264 975 1314 1033 per

130 1059 205 1117 quos
229 1058 281 1097 vos
304 1058 399 1098 omnes
420 1044 447 1099 in
477 1045 587 1100 caritate
610 1045 678 1101 ridi:
707 1046 742 1102 ita
770 1053 901 1119 perpetuo
924 1045 1001 1100 tobis
1021 1044 1109 1109 iruar,
1132 1045 1155 1101 si
1177 1058 1313 1100 meruero.

131 1125 271 1182 Convenit
292 1141 358 1199 ergo
379 1125 505 1183 omnihus
527 1128 616 1183 modis
638 1127 792 1201 glorificare
815 1128 903 1184 iesum
925 1127 1076 1194 Christum,
1106 1127 1152 1201 qui
1180 1125 1314 1201 glorificat

130 1225 192 1277 νος,
215 1214 250 1264 ιιι
270 1208 298 1264 in
320 1225 373 1264 una
391 1207 544 1266 ohedientia
556 1211 614 1267 sitis
625 1211 750 1284 perlecti,
772 1210 864 1267 eadem
881 1218 980 1279 mente,
1003 1210 1152 1284 eademqne
1169 1210 1311 1278 sententia,

138 1291 274 1366 idemque
297 1290 392 1348 dicatis
415 1291 449 1348 de
471 1294 568 1350 eodem
591 1311 700 1363 omnes,
730 1303 759 1350 ut
789 1293 903 1351 subiecti
927 1294 1063 1369 Episcopo
1090 1302 1117 1350 el
1138 1292 1313 1368 Presbyterio

133 1391 188 1450 per
210 1373 304 1430 omnia
324 1375 384 1432 sitis
405 1375 575 1433 sanctificati.
1349 1370 1355 1384 '

136 1559 185 1617 ill.
233 1560 302 1619 Sine
322 1561 397 1616 omni
415 1560 545 1632 superbio
559 1588 592 1599 -
611 1577 705 1617 amore
725 1562 824 1618 ductos
839 1587 878 1599 -
893 1578 942 1618 eos
962 1562 1094 1618 adhortor
1113 1562 1152 1618 nd
1172 1561 1313 1617 unhotem.

224 1691 283 1749 lion
305 1692 445 1766 praecipio
468 1691 552 1761 vobis,
575 1693 652 1767 quasi
672 1695 723 1750 sim
745 1693 851 1768 aliquis.
893 1693 1017 1762 Quamvis
1039 1693 1110 1749 enim
1132 1693 1237 1749 vinetus
1252 1709 1312 1749 sum

138 1784 257 1852 propter
278 1791 375 1831 nomen
399 1774 515 1844 Christi,
544 1777 664 1833 nondum
695 1785 782 1834 tamen
811 1775 948 1850 perlectus
971 1794 1031 1833 sum
1059 1778 1087 1833 in
1111 1775 1171 1833 iesu
1194 1775 1312 1832 Christo.

137 1859 219 1917 linnc
237 1859 309 1915 enim
331 1859 432 1932 incipio
456 1858 607 1933 discipulus
631 1876 701 1928 esse,
725 1869 753 1916 et
773 1859 897 1934 alloquor
918 1877 965 1916 vos
979 1869 1009 1916 ut
1028 1861 1211 1917 condoctores
1226 1875 1312 1916 meos.

138 1943 208 2000 iiam
231 1941 376 2016 oportebat
395 1959 438 1999 me
452 1960 467 1998 a
480 1942 559 1998 vobis
581 1942 737 2000 confirmari
760 1942 821 2011 tide,
844 1944 1035 2013 admonitione,
1058 1944 1194 2018 patientia,
1216 1959 1312 2016 aequa·

139 2024 272 2082 nimilate.
312 2025 345 2080 ht
367 2041 428 2081 cum
450 2026 568 2082 charitas
590 2043 645 2082 non
667 2027 737 2083 sinat
757 2044 800 2083 me
823 2035 912 2084 tacere
936 2029 969 2085 de
992 2027 1078 2097 vobis,
1100 2035 1246 2103 propterea
1268 2043 1312 2081 an·

140 2108 238 2166 teverti
260 2124 306 2164 vos
328 2107 494 2177 admonere,
516 2117 545 2164 ut
567 2110 696 2167 uniamini
719 2112 746 2166 in
768 2112 902 2168 sententia
924 2111 980 2167 ilci.
1012 2110 1116 2167 Etenim
1140 2111 1215 2166 iesus
1238 2110 1312 2165 Chri·

140 2200 218 2259 stus,
249 2190 437 2265 inseparabilis
458 2199 553 2247 nostra
574 2194 640 2259 vita,
670 2195 805 2251 sententia
826 2195 914 2250 Patris
935 2201 991 2262 est,
1015 2202 1045 2250 ut
1063 2203 1091 2250 et
1109 2193 1242 2268 episcopi,
1263 2208 1313 2266 per

141 2282 248 2332 nactus
272 2281 360 2331 terrae
383 2274 532 2342 constituti,
553 2276 579 2331 in
601 2278 733 2334 sententia
757 2277 819 2334 lesu
841 2277 940 2332 Christi
963 2283 1035 2333 sunt.

226 2420 297 2481 ⁸111.
338 2425 397 2482 lion
410 2427 551 2501 praecipio
571 2425 657 2494 vobis,
680 2426 758 2499 quasi
770 2426 820 2481 sim
843 2424 956 2497 aliquis;
978 2424 1097 2498 quemvis
1120 2425 1191 2479 enim
1206 2425 1312 2483 vinctus

142 2509 195 2567 sim
223 2507 277 2565 hoe
299 2510 417 2579 nomine,
440 2510 560 2566 nondum
589 2517 675 2564 tamen
697 2508 837 2582 perlectus
859 2523 919 2564 sum
941 2508 968 2562 in
995 2506 1055 2562 iesu
1078 2505 1194 2561 Christo.
1236 2505 1313 2563 Nunc

141 2591 216 2650 eninr
238 2592 338 2666 incipio
355 2593 505 2666 discipulus
527 2609 599 2659 esse,
622 2598 648 2646 et
664 2590 788 2665 alloquor
809 2606 857 2646 vos
879 2598 909 2645 ut
923 2587 1124 2662 condiscipulos
1145 2605 1230 2644 meos.
1272 2586 1313 2646 lle

141 2675 216 2732 enim
237 2675 380 2748 oportebat
401 2692 416 2731 a
437 2675 514 2732 vobis
543 2674 699 2732 subinstitui
722 2673 791 2743 fide,
811 2672 1007 2741 admonitione,
1029 2671 1170 2746 patientia,
1193 2671 1313 2748 longani-

141 2759 251 2816 minte:
273 2758 323 2815 sed
338 2759 559 2834 quandoquidem
573 2757 690 2814 charitas
706 2773 759 2813 non
772 2758 837 2815 sinit
849 2773 892 2813 me
906 2765 996 2813 tacere
1011 2757 1045 2812 de
1061 2754 1145 2823 vobis,
1167 2766 1313 2830 propterea

140 2841 274 2898 anteverti
295 2858 342 2898 vos
363 2841 519 2910 admonere,
541 2849 572 2898 ut
586 2841 756 2897 concurratis
778 2839 988 2898 cumvoinntate
1008 2840 1064 2897 liei.
1106 2838 1172 2895 Nam
1193 2847 1221 2896 el
1238 2839 1312 2897 lesus

141 2923 267 2981 Christus
288 2925 341 2981 vite
367 2933 458 2982 vestra
478 2925 565 2982 Patris
593 2932 635 2980 est
656 2923 794 2980 voluntas:
821 2925 892 2981 sicut
919 2932 946 2980 el
966 2923 1092 2998 Episcopi
1124 2923 1181 2979 suis
1211 2925 1313 2998 quique

140 3006 213 3066 iocis
234 3008 373 3065 constituti
393 3008 421 3064 in
444 3006 505 3065 iesu
527 3007 628 3065 Christi
647 3007 784 3064 voluntate
806 3015 877 3064 sunt

331 3191 373 3250 lv,
415 3193 582 3264 preshyteris·
602 3194 734 3250 nnhotern
755 3209 818 3249 cum
839 3193 963 3265 episeopo
983 3192 1134 3247 imitemini.

228 3305 303 3366 Unde
325 3309 406 3366 decet
421 3326 469 3365 vos
492 3309 518 3364 in
540 3309 664 3383 episcopi
684 3310 846 3366 sententiam
869 3322 1051 3373 concurrere,
1074 3306 1148 3380 quod
1170 3306 1315 3364 etfacilis.

141 3391 211 3449 iiam
230 3392 404 3450 memorabile
425 3399 545 3449 vestrum
567 3390 782 3465 presbyterium,
812 3392 921 3465 dignum
944 3391 1014 3456 lieo,
1041 3391 1077 3446 ita
1100 3397 1251 3464 coaptatum
1273 3398 1317 3448 est

227 3535 292 3598 *lh
336 3541 409 3599 Unde
424 3549 452 3598 et
466 3559 513 3597 vos
525 3540 604 3598 decet
618 3541 750 3600 accedere
765 3542 913 3599 sententiae
927 3541 1065 3615 Episcopi,
1087 3540 1314 3614 quemadmodum

142 3631 173 3682 et
181 3622 284 3681 facitis:
296 3642 358 3682 nant
365 3624 541 3682 memorabile
552 3623 616 3680 iliud
627 3631 744 3681 vestrum
752 3622 979 3699 Presbyterorum
988 3623 1131 3698 collegium
1140 3625 1249 3699 dignum
1261 3624 1315 3682 ileo

195 3850 224 3914 7)
241 3853 292 3904 Fid.
311 3854 393 3904 ioenn.
414 3854 452 3914 ti,
471 3854 494 3904 9.
514 3854 595 3903 iiatth.
616 3852 653 3913 il,
672 3852 712 3902 27.
748 3853 790 3901 bns
821 3852 907 3912 finibus
935 3853 999 3901 orbis
1025 3859 1107 3902 terroe.
1146 3850 1195 3913 ign.
1219 3851 1261 3913 Ep.
1285 3851 1314 3899 ad

194 3919 221 3981 8)
240 3921 349 3970 Forsitan
373 3918 424 3984 τὴν
441 3917 555 3990 χάριτα.
596 3919 644 3970 Cir.
669 3921 712 3982 Ep.
747 3920 814 3968 Rom.
834 3934 854 3967 c.
873 3921 896 3968 2.
916 3927 974 3968 extr.
999 3920 1040 3977 εἰς
1061 3913 1146 3970 δύσιν
1165 3915 1222 3969 ἀπὸ
1248 3914 1314 3967 ἀνα-

142 3987 176 4037 sd
189 3988 265 4050 liugn.
285 4004 306 4038 c.
317 3988 341 4037 2.
358 3988 487 4038 Markland.
515 3991 544 4038 lit
555 3988 576 4036 si
594 3987 641 4036 iam
652 3988 713 4037 Pan-
748 3986 834 4049 τολῇς.

143 4055 182 4104 ins
199 4056 242 4119 hp.
261 4055 342 4105 dicero
361 4057 454 4120 potuit,
472 4056 495 4105 in
515 4070 608 4104 omnem
626 4062 713 4104 terrem
797 4055 826 4115 it)
845 4055 878 4103 lin
897 4054 953 4104 CL.
988 4053 1061 4116 bingis
1081 4068 1107 4102 ex
1127 4049 1315 4100 morcinctoris

144 4121 230 4172 exiisse
248 4123 554 4185 sonumEvnngelistnrnm
571 4122 635 4172 etin
653 4124 713 4171 lines
747 4128 811 4170 esset
831 4138 851 4171 c.
867 4130 913 4172 vet.
933 4123 976 4171 ini.
993 4115 1105 4191 γνώμη,
1134 4116 1314 4182 praepositione

144 4189 212 4239 orbis
228 4196 314 4248 terroe,
334 4190 391 4254 quid
409 4191 510 4247 mirum,
528 4189 594 4253 quod
611 4190 715 4251 ignatius
749 4185 780 4240 ἓν
798 4188 900 4239 exclusa.

144 4255 175 4305 de
193 4255 321 4321 Episcopis
338 4257 416 4307 ubivis
433 4257 569 4307 constitutis
588 4251 715 4320 loquitur?

144 4321 194 4372 Cir.
212 4323 314 4373 liermee
334 4325 396 4374 Fert.
410 4325 467 4374 Sim.
483 4324 507 4385 8,
519 4324 543 4374 3.
571 4323 619 4373 linc
637 4330 714 4373 entem
799 4322 856 4387 Cep.
878 4325 913 4374 li.
952 4324 976 4390 i)
995 4323 1019 4373 in
1040 4336 1101 4372 tere.
1120 4324 1172 4385 Syr.
1191 4336 1212 4372 c.
1230 4321 1253 4381 4,
1272 4322 1315 4374 de·

143 4391 194 4456 tene
211 4390 288 4443 Filios
305 4391 349 4444 dei
364 4393 515 4458 pudentes
540 4397 576 4443 est
592 4393 619 4442 is
637 4392 713 4442 omni·
748 4391 875 4442 rideretur.
