2886 4882
266 248 392 307 lGllthl
413 248 574 308 srtsrota
593 251 634 308 ΑΒ
657 250 866 312 sulcitanus.
892 250 935 311 Xl.
955 251 1012 311 ΧΠ.
1032 253 1101 311 lflll.
1210 251 1268 313 197

96 419 226 473 lrrntmem
256 423 320 472 sunt
346 417 502 483 consecuti,
536 424 563 471 et
584 417 657 488 quod
680 416 795 473 ccclesia
823 416 865 473 ilfa
895 433 944 490 per
973 419 1122 476 orationem
1152 429 1267 477 vestram

97 509 177 574 portu
204 501 256 554 iarn
279 499 315 554 sit
335 500 428 573 potita.
472 499 536 554 Crun
560 499 672 571 perfecti
693 500 762 566 sitis,
783 501 862 555 ctiam
884 499 1004 573 perfecta
1026 504 1193 576 excogitetis.
1220 485 1268 561 Tu·

97 582 235 657 pientibus
257 580 426 638 enimvobis
448 581 516 637 hene
538 598 618 654 agere
641 581 711 638 [leus
733 582 766 637 ad
788 581 955 655 largiendum
978 591 1088 656 paratus
1111 594 1160 640 est.

96 732 177 790 quam
208 717 235 771 in
257 714 312 770 Deo
343 715 484 770 consecuti
514 722 592 780 suot,
620 721 646 769 ct
673 714 747 787 quod
770 723 873 771 vestrae
896 715 1028 770 orationis
1049 714 1184 772 beneficio
1207 735 1269 791 por·

95 808 152 854 tum
174 799 226 854 iam
249 797 424 854 obtinuerint.
468 796 532 852 Cum
555 795 668 870 perfecti
689 797 763 863 sitis,
785 796 906 870 perfecta
937 814 1046 871 quoque
1068 799 1176 854 sentite.
1218 800 1268 857 Vo-

96 881 140 937 bis
161 881 232 937 enim
255 879 415 936 benefacere
438 878 610 953 cupientibus
626 878 696 935 Deus
718 879 752 935 ad
774 879 874 935 bonum
897 879 1064 954 largiendum
1086 890 1196 954 paratus
1218 891 1268 939 cst.

539 1008 594 1066 llll.
636 1010 832 1068 Salutationes.

178 1125 282 1184 Salutat
300 1145 348 1184 vos
371 1127 488 1183 charitas
512 1126 633 1193 fratrum,
655 1127 701 1200 qui
716 1126 820 1183 Troade
843 1136 914 1197 sunt,
938 1128 1010 1184 uncle
1034 1136 1062 1185 et
1082 1126 1173 1184 scribo
1191 1129 1269 1186 vobis

96 1229 147 1287 per
167 1211 311 1279 Bnrrhum,
334 1227 415 1284 quem
437 1226 544 1266 mecum
566 1210 677 1265 misistis
700 1226 753 1265 una
776 1227 838 1266 eum
860 1211 994 1286 Ephesiis,
1015 1211 1144 1267 fratribus
1160 1213 1269 1281 vestris,

96 1295 142 1369 qui
175 1295 248 1350 omni
276 1292 357 1350 modo
386 1310 429 1349 me
461 1292 600 1348 recreavit.
643 1293 731 1366 Atque
761 1292 861 1349 utinam
891 1311 986 1351 omnes
1018 1294 1091 1350 illum
1124 1294 1269 1364 imitentur,

97 1395 158 1434 cum
180 1377 216 1433 sit
238 1376 375 1450 exemplar
394 1375 475 1431 divini
497 1375 647 1430 ministerii.
677 1374 875 1432 llemuncretur
895 1378 983 1451 ipsum
1005 1378 1090 1450 gratia
1104 1393 1155 1450 per
1173 1379 1271 1434 omnia.

96 1459 189 1517 Saluto
210 1461 371 1533 episcopum
392 1459 447 1514 Ileo
473 1458 591 1530 dignum,
614 1465 641 1512 et
662 1457 717 1513 fleo
740 1458 943 1515 dilectissimum
965 1460 1181 1535 presbyterium,
1206 1478 1269 1516 con·

97 1560 192 1600 servos
214 1559 290 1598 meos
313 1540 452 1607 diaconos,
475 1539 685 1613 singillatimque
708 1557 739 1596 ac
762 1542 787 1595 in
811 1543 967 1598 universum
990 1559 1094 1604 omnes.
1117 1543 1270 1600 innomine

98 1626 158 1682 lesu
181 1624 300 1693 Christi,
334 1632 361 1680 et
383 1625 409 1679 in
432 1640 513 1679 carne
536 1624 594 1678 eius
623 1630 649 1677 et
677 1625 822 1695 sanguine,
852 1625 980 1697 passione
1010 1634 1038 1681 et
1067 1628 1270 1682 resurrectione

98 1707 234 1784 corporali
256 1707 336 1763 simul
359 1715 386 1762 et
407 1705 548 1779 spirituali,
572 1706 597 1760 in
620 1706 737 1771 nomine,
761 1707 786 1761 in
810 1708 910 1762 unione
925 1708 971 1762 Ilei
993 1707 1142 1764 volriscum.
1180 1708 1270 1764 Gratia
1314 1743 1317 1747 -

96 1791 182 1860 robis,
203 1789 398 1856 misericordia,
421 1805 478 1862 par,
502 1789 628 1862 patientia
651 1789 687 1844 sit
708 1805 825 1862 semper.

179 1918 263 1978 *xtt
306 1921 408 1978 Salutat
428 1938 476 1977 vos
499 1921 597 1977 caritas
619 1920 741 1987 fratrum,
761 1929 886 1994 quaeest
901 1921 1022 1979 Troade:
1052 1924 1123 1981 unde
1136 1932 1164 1980 et
1176 1923 1270 1981 scribo

98 2007 173 2063 robis
198 2022 249 2080 per
270 2006 417 2080 Byrrhum,
447 2021 527 2077 quern
556 2003 670 2059 misistis
699 2020 804 2060 mecum
831 2021 884 2060 una
911 2022 972 2060 cum
994 2004 1118 2080 Ephesiis
1141 2006 1271 2064 fratribus

97 2089 208 2156 restris,
229 2089 293 2162 quia
315 2104 364 2162 per
386 2088 476 2143 omnia
499 2103 540 2142 me
563 2084 731 2142 refocillavit.
772 2086 804 2141 Et
823 2088 924 2143 retinam
947 2104 1042 2144 omncs
1071 2107 1161 2162 ipsum
1186 2090 1270 2145 imita·

98 2181 204 2240 rentur,
228 2187 289 2226 cum
311 2172 347 2226 sit
367 2169 504 2244 exemplar
533 2168 614 2224 divini
643 2169 796 2225 ministerii.
838 2169 1012 2226 Retribuetur
1041 2170 1080 2227 ilb
1108 2173 1192 2244 gratia
1220 2188 1272 2245 per

98 2256 194 2311 omnia
235 2253 328 2309 Saluto
359 2253 414 2309 fleo
444 2254 554 2325 dignum
583 2251 760 2324 Episcopum,
791 2260 819 2307 et
848 2252 944 2307 divinis
976 2260 1133 2308 oromatum
1160 2253 1270 2309 dotibus

98 2337 315 2411 presbyterium,
338 2344 365 2392 et
387 2351 534 2391 conservos
556 2350 632 2390 meos
656 2332 798 2400 Diaconos,
821 2342 848 2389 et
869 2350 1087 2407 unumquemque
1106 2334 1269 2407 singillatim,

99 2429 125 2476 et
152 2420 179 2476 iu
206 2420 360 2475 universum
395 2434 505 2486 omnes,
534 2418 560 2474 in
591 2417 700 2473 nominc
731 2415 792 2471 lesu
815 2414 929 2483 Christi,
959 2425 986 2471 et
1009 2418 1035 2471 in
1058 2432 1139 2471 carne
1162 2417 1221 2471 cius
1243 2423 1272 2472 et

99 2503 242 2576 sanguine:
273 2502 335 2557 item
358 2502 385 2556 in
401 2492 528 2574 passione
551 2501 611 2556 eius
629 2496 871 2554 etresurrectione
895 2497 995 2554 carnali
1017 2505 1044 2554 et
1065 2496 1213 2571 spirituali:
1243 2497 1270 2553 in

99 2587 205 2641 nominc
228 2592 256 2641 et
277 2585 304 2639 in
327 2585 429 2639 unitate
451 2583 498 2638 [lei
522 2591 549 2639 et
571 2588 669 2639 vestra.
709 2580 799 2636 Gratia
820 2578 912 2648 vobis,
943 2579 1147 2647 misericordia,
1170 2585 1272 2652 paret

100 2668 225 2742 patientia
247 2668 282 2722 sit
303 2683 421 2740 semper.

531 2794 600 2850 lllfl.
642 2792 837 2852 Salutationem

179 2913 273 2970 Saluto
303 2912 416 2969 familias
445 2911 556 2969 fratrum
579 2927 703 2968 meorum
726 2926 787 2967 cum
809 2909 939 2967 uxoribus
961 2914 989 2966 et
1011 2906 1121 2974 liberis,
1144 2915 1171 2964 et
1192 2909 1272 2982 virgi·

100 3014 156 3062 nes,
179 3003 287 3053 vocatas
308 2996 411 3052 viduas.
453 2995 549 3051 Fortes
571 2995 631 3051 sitis
654 2994 680 3049 in
703 2994 800 3048 virtute
823 2991 949 3068 Spiritus.
992 2991 1095 3047 Salutat
1115 3007 1163 3046 vos
1185 2989 1272 3058 Philo,

102 3082 144 3154 qui
166 3096 273 3137 mecum
293 3086 342 3135 est
385 3078 478 3134 Saluto
501 3078 606 3133 Taviam
629 3085 657 3133 et
678 3076 787 3132 domum
812 3077 879 3144 eius,
905 3091 985 3149 quarn
1009 3081 1073 3150 opto
1097 3071 1197 3128 firmari
1218 3071 1271 3128 fide

101 3172 127 3220 et
148 3164 278 3221 charitate
296 3160 431 3237 corporali
453 3169 480 3217 et
502 3159 644 3233 spirituali.
674 3158 767 3215 Saluto
782 3158 872 3226 Alcen,
894 3156 1075 3214 desiderabile
1087 3155 1152 3211 milri
1164 3170 1272 3224 nomen,

102 3255 129 3302 et
148 3245 290 3320 Daphnum
310 3243 557 3318 incomparabilem,
580 3251 607 3299 ct
627 3242 785 3310 Eumenem,
808 3257 959 3314 omnesque
982 3239 1147 3296 nominatim.
1182 3236 1274 3295 Valcte

102 3329 233 3403 ingratia
256 3328 312 3384 net.

181 3456 277 3516 *lllll
320 3459 415 3517 Saluto
446 3458 559 3514 familias
590 3455 700 3514 fratrum
728 3471 850 3511 meorum
879 3470 940 3510 cum
969 3451 1100 3510 uxoribus
1130 3461 1158 3509 et
1178 3451 1274 3509 liberis

102 3552 128 3600 et
148 3544 281 3619 virgines,
304 3558 373 3617 quae
393 3541 565 3616 appellantur
588 3538 692 3594 viduae.
738 3536 890 3593 incolumes
913 3537 978 3592 mihi
1000 3543 1088 3591 estote
1120 3535 1146 3590 in
1175 3535 1274 3592 virtute

102 3627 222 3700 spiritus.
266 3624 442 3687 Salutatvos
465 3622 557 3691 Philo,
588 3621 633 3695 qui
669 3637 776 3676 mecum
806 3627 856 3674 est
898 3619 991 3674 Saluto
1024 3617 1148 3673 familiam
1170 3616 1275 3681 Taviae,

102 3726 180 3782 quam
203 3718 268 3784 opto
291 3707 402 3764 solidari
424 3706 476 3763 fide
498 3713 526 3761 et
548 3706 658 3761 caritate
680 3700 819 3776 corporali
840 3708 867 3756 et
888 3700 1030 3775 spirituali.
1072 3699 1164 3756 Saluto
1182 3699 1275 3775 Alcen,

104 3791 283 3849 desiderabile
305 3791 371 3846 mihi
392 3805 506 3856 nomen,
528 3795 555 3843 et
576 3783 813 3860 incomparabilem
837 3782 910 3840 illum
932 3783 1088 3858 llaphuum,
1111 3782 1274 3856 optimorum

104 3873 220 3932 filiorum
242 3881 396 3948 parentem,
419 3880 446 3928 et
468 3887 563 3926 omnes
582 3868 748 3926 nominatim.
784 3864 874 3921 Valete
898 3867 924 3922 in
947 3867 1032 3940 gratia
1053 3865 1109 3920 Ilei.

432 3986 497 4042 Ilata
518 3985 551 4042 ad
574 3985 754 4060 Smymenses
776 3998 808 4038 ex
830 3980 944 4038 Troade.

104 4165 269 4267 ‘fffvf’mfflfi
287 4175 345 4263 &²¹53
367 4174 502 4248 Τρωάδος
523 4174 671 4247 “955710'
705 4189 762 4240 mibi
776 4174 906 4238 notarit—1⁸3
924 4185 1087 4267 apparatura
1099 4176 1157 4258 ἀπρ
1176 4171 1277 4246 Τρωά-

103 4249 409 4328 ΜΨΜᾸΜΜΒ
427 4270 462 4282 “·
705 4253 754 4314 doc
773 4254 845 4322 πρὸς
862 4254 1052 4320 Πολυκαρπον
1072 4252 1209 4314 fraortes·

167 4339 186 4400 β
253 4337 271 4398 β
288 4330 354 4397 (sic).
381 4329 443 4380 era
459 4329 543 4379 Petrus
553 4326 592 4377 del
604 4323 674 4375 Turia

553 4429 832 4445 ———-
