2886 4882
219 225 280 289 286
369 224 495 286 lnnnnn
516 224 676 283 nnsnoln
697 226 739 282 λλ]
762 223 1100 284 Pnlnnnnnpfflnnsns.
1129 224 1192 283 vlu.
1211 224 1252 282 Ιλί.

284 408 349 467 vm.
379 397 458 484 Ἐγῶ
478 399 530 481 μὲν
550 391 606 462 οῦν
626 396 658 463 τό
682 400 758 464 ίῦιον
773 402 904 478 ἐποίουν,
926 398 966 475 ῶς
985 397 1198 479 ἀνθραποςείς
1212 399 1316 462 ἕνωσιν
1330 425 1397 464 κατ-

220 484 398 566 ηρτισμένος,
422 485 561 566 ἐπιλέγων
581 483 631 545 καί
651 489 749 561 τοῦτο,
779 483 824 550 ὅτι
845 477 883 549 ού
905 482 1055 557 διάστασις
1082 481 1215 567 γνῶμης,
1243 484 1291 546 καλ
1312 480 1397 568 ὀργὴ,

219 570 269 632 καὶ
289 575 381 647 μῖσος,
404 568 465 631 ἐκεῖ
484 564 558 642 Θεὸς
576 563 612 630 ού
632 576 767 633 κατοικεῖ.
806 575 907 632 Πᾶσιν
928 559 1065 640 οὖντοῖς
1096 573 1286 647 μετανοοῦσιν
1308 565 1396 651 ἀφίη-

221 654 278 714 σιν1
300 648 317 714 ό
341 649 432 729 Θεὸς,
467 649 518 714 ἐὰν
543 648 747 731 συυῦράμωσιν
776 654 818 728 είς
839 652 958 733 ἑνότητα
981 658 1119 733 Χριστοῦ,
1140 653 1190 714 καὶ
1211 652 1396 733 συνεῦρείανΙ

220 743 273 798 τοῦ
300 735 469 799 ἐπισκόπου.
513 733 647 798 Πιστεύω
675 742 710 822 τῆ
738 734 831 818 γάριτι
854 734 951 818 Ἰησοῦ
981 741 1125 816 Χριστοῦ,
1154 734 1200 798 ὅτι
1227 734 1307 799 λύσει
1334 733 1392 816 ἀφ’

219 818 316 901 ἡμῶιό
344 817 438 883 πόντα
466 817 627 899 σύνῦεσμον
654 816 777 894 ἀδικίας.
821 826 989 900 Παρακαλῶ
1018 810 1072 882 οῦν
1093 815 1184 899 ύμῦς·
1213 819 1303 901 μηδὲν
1325 817 1391 884 κατ’

222 905 365 986 ἕρίθειαν*
386 901 536 987 πράσσετε,
559 899 630 965 ἀλλά
651 900 724 966 κατά
742 903 1004 987 χρηστομάθειαν··’“
1031 899 1145 983 ἥκουσα
1166 902 1221 984 γάρ
1241 929 1329 968 τινων
1350 912 1395 968 λε·

221 985 342 1070 γόντῶν,
364 986 409 1050 ότι
430 985 481 1050 ἐὰν
503 984 541 1067 μὴ
565 987 596 1049 ἒν
617 994 679 1062 τοῖς
699 984 824 1068 ἀρχείοις
845 987 920 1066 εύρω
941 985 972 1051 τὸ
995 984 1179 1070 εύαγγέλιονῇ
1201 984 1237 1050 ού
1251 986 1394 1052 πιστεύοι·

221 1080 282 1146 τοῖς
302 1071 333 1134 δὲ
354 1069 494 1144 τοιούτοις
516 1068 570 1153 ἐγῶ
592 1070 677 1154 λέγω,
711 1071 757 1134 ὅτι
784 1073 848 1152 ἐμοὶ
869 1070 968 1153 ἀργεῖά
991 1072 1066 1134 ἐστιν
1083 1068 1197 1151 Ἰησοῦς
1218 1067 1236 1133 6
1256 1069 1393 1156 Χριστός,

220 1147 255 1218 οὗ
277 1162 462 1236 παρακοῦσαι
483 1154 629 1237 πρόδηλος
649 1152 781 1238 όλεθρος.
824 1152 1012 1219 Αάθευτικόυ
1042 1156 1101 1235 μοι1
1138 1154 1213 1217 ἐστίν
1240 1153 1393 1261 ἀργεῖονό

220 1238 343 1321 σταυρὸς
365 1236 456 1302 αύτοῦ
479 1240 528 1302 καὶ
550 1235 567 1301 ό
588 1236 734 1314 θάυατος,
754 1238 803 1302 καὶ
825 1236 844 1320 ἦ
867 1237 1024 1311 ἀνάστασις
1047 1236 1151 1321 αὐτοῦ,
1182 1239 1231 1300 καὶ
1256 1266 1276 1319 η
1297 1242 1394 1316 πίστις

219 1320 326 1429 ῆτιερί
347 1320 471 1387 τούτων·
499 1323 530 1386 ἐν
557 1317 602 1397 οίς
622 1323 702 1385 θίλω
724 1324 754 1386 ἔν
781 1328 817 1408 τῆ
838 1329 983 1410 προσευγῆ
1005 1319 1088 1403 ύμῶν
1109 1325 1316 1402 δικαιωθῆναι.
1359 1321 1394 1387 ‘0

219 1415 348 1471 απιστῶν
375 1414 415 1493 τῷ
437 1404 604 1492 εὐαγγελίῳ,
635 1413 723 1470 πᾶσιν
750 1402 826 1486 όμοῦ
853 1406 979 1471 ἀπιστεῖ·
1011 1403 1047 1469 οῦ
1066 1402 1120 1489 γάρ
1141 1408 1337 1489 προκρίνεταθ
1357 1405 1393 1471 τά

220 1489 320 1574 ἀρχεῖα
346 1498 399 1556 τοῦ
422 1489 603 1572 Πυεύματος.
647 1487 782 1574 Σκληρόν
802 1487 834 1554 τὸ
855 1491 931 1575 πρὸς
959 1491 1062 1570 κέντρα
1083 1492 1236 1569 λακτίζειν,
1266 1489 1393 1574 σκληρόν

220 1574 266 1639 τύ”
290 1582 405 1663 Χριστῷ
427 1573 566 1652 ἀπιστεῖν,
589 1571 714 1657 σκληρόν
734 1571 767 1637 τό
790 1572 906 1641 ἀθετεῖν
927 1572 959 1638 τὸ
981 1571 1115 1657 κήρυγμα
1134 1580 1193 1637 τῶν
1214 1572 1391 1640 ἀποστόλων.

305 1726 346 1781 lx.
380 1719 473 1781 Χαλολ
494 1717 546 1798 μὲν
567 1717 598 1779 οί
614 1717 708 1798 ίερεῖςι
722 1716 772 1779 καὶ
792 1717 823 1780 oi
841 1724 893 1781 τοῦ
914 1713 1005 1820 λόγου
1019 1712 1168 1779 ῦιάιιονοι·
1190 1717 1344 1798 κρείσσων’
1359 1717 1391 1781 ἀί

220 1796 409 1882 όάρχιερεῦς,
431 1798 449 1864 6
470 1800 693 1880 πεπιστευμένος
713 1796 748 1863 τὰ
769 1798 837 1883 ἀγια
858 1807 915 1864 τῶν
937 1801 1036 1882 αγίεον,
1058 1796 1092 1873 ὃς
1106 1799 1196 1881 μόνος
1207 1803 1392 1865 πεπίστευται

219 1880 255 1945 τά
269 1881 382 1986 κρυπτὰ
402 1891 454 1948 τοῦ
472 1887 557 1947 Θεοῦ.
587 1884 683 1945 Χαλαὶ
698 1884 731 1945 αλ
741 1884 944 1968 λειτουργικαλ3
958 1890 1010 1947 τοῦ
1028 1886 1104 1947 Θεοῦ
1121 1881 1266 1964 ὁυνάμεις.
1288 1883 1391 1969 ’Ἁγιος

220 1965 263 2029 δὲ*
285 1991 301 2028 ο
325 1963 535 2071 Παράκλητος,
555 1965 604 2029 καλ
626 1964 709 2049 ἀγιος
729 1962 747 2029 6
767 1964 881 2051 Λόγος,
903 1962 920 2029 6
941 1974 993 2031 τοῦ
1016 1965 1135 2048 Πατρός
1153 1966 1227 2045 υίὸς,
1248 1965 1289 2032 δι’
1314 1961 1351 2033 ού
1374 1966 1391 2033 ό

221 2047 328 2133 Πατῆρ
349 2048 384 2113 τὰ
405 2077 499 2114 ποντα
527 2051 712 2131 πεποίηκεν,5
732 2050 783 2113 καὶ
810 2059 869 2115 τῶν
899 2049 975 2115 ὅλοιν
995 2060 1115 2128 προνοεῖ
1122 2073 1128 2085 ·
1161 2043 1248 2126 οὗτός
1275 2051 1390 2135 ἐστινῆ

221 2131 295 2214 πρὸς
316 2131 367 2197 τόν
389 2135 507 2218 Πατέρα
529 2131 641 2218 ἀγυυσα
663 2131 743 2210 όῦός,
766 2131 786 2215 ῆ
806 2134 906 2219 πέτρα,
929 2131 947 2197 6
966 2132 1114 2240 μραγμός,
1136 2132 1156 2216 ῆ
1175 2137 1265 2214 κλελς,
1288 2133 1306 2199 6
1326 2162 1390 2201 ποι-

219 2217 287 2300 μῆν,
308 2215 341 2282 τό
364 2221 480 2302 ἱερεῖον,
503 2214 523 2300 ῆ
544 2214 626 2300 θύρα
647 2225 699 2300 τῆς
719 2218 866 2302 γνώσεως,
897 2216 935 2281 δι’
958 2245 995 2299 ης
1024 2222 1163 2301 εἰσῆλθον
1187 2217 1318 2302 Ἀβραάμ
1339 2223 1390 2284 καλ

217 2301 315 2366 ’ίσαάκ
336 2304 385 2366 καὶ
403 2300 519 2385 Ἰακὼβ,
536 2307 663 2383 Μωσῆς,
684 2304 733 2365 καὶ
754 2300 772 2366 6
794 2302 909 2385 σύμπας
929 2310 987 2365 τῶν
1008 2310 1168 2385 προφητῶν
1179 2301 1275 2385 χορός,
1296 2305 1345 2366 καί
1359 2307 1391 2368 οἱ

221 2392 319 2451 στῦλοι
339 2394 392 2451 τοῦ
412 2384 524 2469 κόσμου
546 2388 577 2451 οί
596 2383 761 2464 ἀπόστολοι,
782 2389 832 2451 καὶ
851 2384 872 2470 ῆ
893 2384 994 2468 νύμφη
1016 2394 1068 2451 τοῦ
1092 2393 1228 2470 Χριστοῦ,
1250 2385 1322 2468 ύτὲρ
1342 2380 1388 2469 ῆς,

221 2472 329 2554 φὲρνης
350 2469 439 2558 λόγῳ,
470 2471 571 2553 ἒξίγεε“
592 2466 624 2534 τύ
647 2473 754 2535 οἰκεῖον
775 2466 861 2556 αἷμα,
894 2472 944 2534 ἵνα
964 2468 1056 2552 αύτῆυ
1077 2468 1242 2558 ἒξαγορόιση.
1286 2468 1390 2535 Πόντα

219 2561 310 2619 ταῦτα
332 2557 373 2630 είς
394 2555 514 2636 ἑνότητα
535 2560 587 2619 τοῦ
609 2551 674 2628 ἑνός
694 2556 743 2619 καὶ
764 2553 857 2635 μόνον
879 2552 1027 2636 ἀληθινοῦ
1051 2558 1136 2618 Θεοῦ.
1171 2554 1337 2639 Ἐξαίρετον
1358 2557 1390 2619 δέ

221 2665 247 2701 τι
269 2640 323 2720 &n
344 2638 377 2703 τό
400 2637 580 2744 εὐαγγέλιον,
608 2635 662 2718 τῆν
683 2641 847 2720 παρουσίαν
867 2645 919 2702 τοῦ
941 2645 1070 2720 σωτῆρος
1089 2635 1174 2719 ῆμῶν
1196 2637 1294 2721 Ἰησοῦ
1320 2645 1388 2722 Χρι-

223 2729 301 2797 στοῦ,
323 2720 354 2785 τό
378 2720 488 2799 πόθος,
509 2720 603 2802 αῦτην
623 2718 678 2800 τῆν
698 2719 864 2785 ἀνάστασιν.
898 2720 938 2785 ’Ἀ
959 2719 1013 2806 γάρ
1035 2723 1066 2786 οί
1084 2729 1235 2806 προφῆται
1256 2721 1391 2808 κατήγγε-

220 2813 271 2868 λον
280 2805 300 2881 ,¹
331 2805 474 2888 λέγοντες·
508 2804 589 2878 Ἕως
617 2800 666 2865 ἀν“
686 2805 776 2892 ἔλθη,
798 2799 823 2891 ᾧ
846 2803 1009 2886 ἀπόκειται,
1037 2808 1087 2869 καὶ
1114 2805 1203 2882 αὐτὸς
1229 2811 1390 2892 προσδοκία

220 2890 328 2964 ε’θνῶν,
349 2896 440 2951 ταῦτα
462 2889 493 2951 ἐν
514 2894 554 2973 τῷ
577 2880 731 2974 εύαγγελίῳ
752 2887 950 2969 πεπλήρωται·
976 2890 1178 2972 Πορευθέντες
1191 2891 1391 2974 μαθητεύσατε

220 2969 315 3036 πάντα
337 2968 371 3035 τῦ
392 2973 475 3053 ἔθνη,
495 2973 679 3053 βαπτίζοντες
700 2967 807 3047 αύτούς
830 2975 871 3046 εἰς
894 2969 926 3035 τὸ
948 2970 1042 3052 όυομα
1056 2982 1108 3038 τοῦ
1125 2973 1253 3058 Πατρός,
1277 2978 1390 3040 καὶτοῦ

228 3058 319 3131 nnn,
347 3056 396 3119 καί
419 3062 471 3120 τοῦ
498 3051 596 3139 Ἁγίου
621 3052 800 3159 Πνεύματος.
846 3053 949 3119 Πάντα
971 3052 1027 3120 οὖν
1047 3055 1121 3139 όμοῦ
1143 3056 1232 3136 καλά,
1255 3057 1390 3142 όνόμος,

221 3142 252 3203 ot
270 3147 428 3223 προφῆται,
451 3141 481 3201 οἱ
500 3135 663 3215 ἀπόστολοι,
685 3163 719 3202 το
740 3146 801 3202 πῦν
823 3138 1028 3224 συνάθροισμα
1048 3140 1080 3206 τό
1103 3140 1144 3206 δι’
1169 3140 1265 3207 αὐτῶν
1276 3151 1390 3208 πιστεῦ-

221 3244 288 3287 σαν·
317 3223 408 3305 μόνον
428 3221 479 3287 ἔάν
501 3221 658 3308 ἀγαπῶμεν
678 3219 828 3306 ἀλλήλους.

273 3396 330 3459 Cnp.
351 3397 396 3446 ΠΙ.
434 3395 458 3456 Ι)
478 3391 561 3459 ἀρκεῖ
575 3393 633 3443 (JV.
878 3395 936 3458 Cap.
954 3395 990 3445 ΙΧ.
1027 3394 1054 3459 ί)
1073 3394 1142 3461 ίρεῑς
1154 3394 1178 3440 V.

273 3463 299 3526 2)
320 3461 470 3533 συνεδρίαν
487 3460 539 3510 0).
875 3463 901 3525 2)
918 3464 1039 3532 κρείσσω
1057 3464 1091 3522 V3
1120 3461 1183 3509 idem
1203 3457 1275 3505 nisse
1295 3457 1389 3505 videtur

271 3531 298 3594 3)
317 3527 397 3600 ἡμῶν
425 3528 540 3579 BFOV
567 3536 612 3578 τε).
645 3529 688 3578 ίιιλ.
718 3529 788 3589 ίὶίεε,
822 3532 846 3580 in
865 3531 892 3579 0.

223 3598 330 3662 quamvis
348 3599 372 3647 in
397 3598 505 3647 versione
529 3605 552 3646 ει
572 3597 595 3645 in
617 3597 787 3646 commentario
874 3597 901 3659 3)
921 3595 1112 3661 λειτουργείαι,
1130 3589 1174 3640 καλ
1193 3589 1227 3649 0,
1248 3589 1310 3638 idem
1329 3591 1352 3638 in
1371 3591 1388 3639 V

225 3664 318 3715 dederit
336 3669 412 3729 vobis,
430 3673 456 3713 ιιι
472 3664 540 3714 Voss.
560 3665 583 3713 in
602 3673 664 3714 textu
684 3679 717 3727 gr.
822 3666 874 3713 sine
892 3662 1090 3724 interpunctione.

272 3735 299 3796 4)
320 3730 433 3800 λρίθεαν
451 3732 475 3780 V.
872 3731 897 3794 ί)
917 3726 949 3780 δὲ
967 3743 1012 3777 οτι.
1030 3727 1118 3778 ΒΟ).

274 3800 300 3862 5)
318 3800 378 3850 Dedi
399 3793 633 3868 χρηστομάθειαν
662 3815 689 3849 ετ
714 3813 787 3861 marg.
872 3796 899 3858 5)
918 3797 951 3845 lla
970 3794 1028 3855 0V,
1048 3794 1184 3858 πεποίηκε
1202 3794 1326 3856 ΒΡειιΙς.

223 3867 319 3918 Codicis
337 3868 370 3928 0,
395 3868 418 3916 in
443 3867 511 3916 cuins
530 3874 593 3916 textu
619 3875 642 3916 οι
661 3868 709 3916 FV
722 3883 787 3935 χρι-
873 3863 900 3927 6)
917 3860 1024 3929 ἐξέχεεν
1042 3863 1096 3911 OV.

223 3931 392 4016 στομάθιαν,
411 3934 461 3983 ἰίίίε
479 3941 594 3983 mutatum
612 3935 635 3984 in
653 3934 787 4001 τετίμχρι-
873 3932 898 3993 7)
915 3925 1098 3996 κατήγγειλαν
1115 3928 1172 4048 08).
1225 3980 1237 4010 ³
1296 3997 1301 4019 y
1340 3998 1344 4007 Ι
1368 3997 1372 4007 η

222 4006 607 4136 σιού)αάἀῦῖἀαγγελίον8οί.
626 4068 676 4126 Qun
685 4066 788 4115 lectione
823 3998 899 4133 fin?
912 3995 1021 4115 εύεύύδε·
1058 3999 1116 4047 Tum
1169 4012 1193 4061 μ’
1214 4014 1236 4064 ῳ
1255 3997 1314 4055 Μ’
1340 3997 1389 4045 ,ΗΝ

221 4139 333 4200 admissa,
353 4138 439 4202 supple
457 4133 507 4188 τὸν
525 4130 614 4204 νόμον
630 4134 667 4183 vel
684 4131 719 4186 τὰ
735 4149 788 4183 πα·

220 4207 401 4325 ρσγγίλμέτα
417 4204 453 4286 γε)
472 4201 668 4321 εἰωίῆροείνὶηαίό.
822 4271 837 4331 s
855 4201 998 4320 ιιῦιῆμίίίίί.
1029 4198 1053 4265 ί)
1072 4200 1119 4264 Ερο
1137 4213 1212 4249 meum
1224 4200 1316 4263 quidem
1328 4201 1390 4264 qnod

323 4292 341 4324 α
365 4288 444 4325 ικτοκ
483 4289 509 4322 οι
603 4307 608 4320 .
834 4286 858 4319 nn
906 4285 937 4318 n.

272 4273 301 4401 θλ
321 4290 482 4406 πρόκειταιμ
485 4339 503 4391 Β
518 4338 574 4389 Ολί.
873 4337 900 4401 2)
921 4338 963 4386 λοι
982 4336 1039 4397 neg.

271 4405 298 4470 9)
316 4410 355 4475 τῷ
374 4408 432 4460 OV.
874 4404 902 4470 3)
921 4405 1001 4456 odiunt
1016 4404 1091 4467 Ῑιιτιτλ
1107 4400 1159 4453 nn.
