2886 4882
233 248 383 329 ,naama
407 239 547 308 bueron.
588 249 687 309 nisan
703 252 747 309 ιιι.
790 250 923 312 sintin.
945 233 988 313 nr.
1009 249 1054 327 (a)
1177 255 1239 314 ars

64 432 117 491 que
138 416 247 472 nomina
275 425 384 490 portare
408 415 497 485 debet,
520 417 582 489 quia
605 426 631 473 et
654 417 712 491 ipse
735 417 806 474 lilius
829 419 873 475 llei
896 419 992 474 barum
1013 421 1121 476 nomina
1137 431 1236 495 portat.

64 501 248 572 Quoscunque
269 500 352 572 igitur
372 498 461 554 vidisti
483 499 586 572 lapides
608 500 636 556 in
649 502 733 558 turris
747 492 922 558 structuram¹
936 503 1106 574 processisse
1123 505 1238 562 traditos

63 597 227 657 permansis
250 580 346 638 barum
369 582 510 655 virginum,
531 590 559 638 et
580 584 712 640 mansisse
735 583 761 639 in
784 584 878 640 cadem
897 590 1041 652 structura,
1064 583 1158 642 barum
1173 598 1237 645 sunt

62 672 198 740 potestate
221 665 317 719 restiti.
359 664 478 737 ideoque
499 657 602 720 uidisti⁴
624 673 705 722 totam
732 674 835 723 turrem
864 665 1039 722 monolitbam
1069 683 1130 722 cum
1159 678 1237 742 petra

63 749 169 805 iactam.
213 746 242 802 Si
265 762 375 820 quoque
397 755 424 803 et
446 747 499 815 illi,
531 749 576 820 qui
599 765 649 821 per
670 748 754 805 filiurn
777 752 836 805 eius
858 749 974 805 credunt
995 749 1125 818 bomine,
1149 750 1243 808 induti

65 831 115 886 bos
137 829 265 903 spiritus,
287 837 368 885 erunt
396 831 499 886 inuno
522 831 619 903 spiritu
642 838 670 887 et
699 831 725 887 in
748 848 831 888 unum
860 823 983 905 corpus,⁸
1004 837 1032 887 et
1058 848 1129 888 unus
1158 832 1237 890 colar

63 913 177 969 vestium
200 927 294 968 eorum
318 907 407 982 [erit]
435 913 497 985 quia
519 919 547 968 ct
568 913 628 978 isti,
650 913 697 986 qui
726 913 849 971 tulerunt
880 915 987 970 nomina
1014 914 1165 988 virginum,
1195 916 1235 973 sic

63 1004 152 1052 crunt.
195 993 299 1068 bicgo
322 995 419 1050 iterum
442 996 605 1068 interrogavi
636 995 726 1051 illurn:
758 997 804 1069 qui
828 1004 892 1053 suut
913 997 951 1052 illi
973 996 1094 1070 lapides,
1117 998 1164 1071 qui
1186 1015 1236 1072 per

63 1087 168 1152 portam
189 1077 230 1133 vel
259 1094 308 1152 per
329 1094 424 1133 matius
457 1078 589 1150 uirginum
620 1078 741 1134 translati
771 1080 797 1133 in
821 1072 998 1135 structuram⁶
1027 1081 1111 1136 turris
1139 1088 1234 1155 postea

64 1161 158 1217 reiecti
181 1161 264 1215 eunti
286 1160 375 1227 Quare
400 1159 537 1233 reprobati
551 1169 621 1229 sunt,
644 1161 775 1217 dominat
799 1160 846 1216 llle
869 1168 958 1217 autem
981 1154 1148 1218 dixit'niibi:
1172 1165 1235 1237 quia

63 1259 144 1299 curae
167 1242 215 1299 tibi
236 1250 285 1311 est,
309 1243 399 1298 oninia
421 1241 565 1315 diligenter
588 1243 734 1315 inquirere,
757 1244 820 1299 audi
841 1251 869 1299 et
890 1243 924 1299 dc
946 1243 1004 1300 istis
1021 1243 1165 1317 lapidibus,
1189 1247 1236 1318 qui

64 1326 161 1382 abiecti
194 1334 265 1381 sunt.
307 1323 346 1380 llli
376 1324 484 1397 quidem
513 1341 608 1380 omncs
636 1341 737 1382 nomen
764 1322 813 1381 tilii
845 1325 891 1382 llci
920 1335 1099 1400 acceperunt,
1131 1327 1180 1384 sed
1210 1335 1238 1385 et

64 1401 236 1483 potestatem'
266 1408 398 1481 virginum
418 1408 513 1464 barum
535 1415 716 1482 acceperun13
745 1415 773 1463 et
794 1409 836 1464 liis
859 1406 999 1482 spiritibus
1021 1410 1141 1483 acceptis
1172 1417 1239 1466 con·'

64 1490 163 1547 llrmati
185 1499 263 1556 sunt,
286 1497 314 1546 et
334 1498 413 1546 erant
434 1506 494 1546 cuna
516 1491 602 1547 servis
625 1491 737 1546 Domini.
779 1490 812 1546 Et
832 1497 891 1547 erat
912 1506 1008 1547 corum
1031 1506 1111 1547 uuum
1132 1499 1235 1567 coeptu

64 1583 145 1647 atque
166 1590 238 1629 unus
261 1573 388 1647 spiritus,
411 1573 485 1645 quod
507 1572 580 1629 idem
602 1573 770 1641 sentiebant,
793 1582 821 1630 et
841 1574 1003 1646 aequitatem
1035 1575 1138 1646 pariter
1153 1590 1234 1632 crer-

65 1655 172 1712 cebant.
214 1656 281 1711 Post
301 1654 466 1728 aliquantum
497 1663 587 1712 autem
617 1657 747 1730 temporis
777 1657 901 1730 persuasi
929 1663 994 1712 sunt
1020 1672 1035 1711 a
1064 1656 1234 1724 mulieribus,

64 1755 132 1812 quas
154 1738 243 1795 vidisti
267 1738 342 1811 nigra
370 1746 447 1794 veste
475 1739 602 1808 vestitas,
624 1739 732 1795 nudatis
760 1739 880 1795 inumeris
902 1746 930 1795 et
956 1738 1061 1813 capillis
1089 1739 1186 1797 solutis
1208 1747 1237 1798 et

63 1821 157 1894 specie
178 1820 322 1877 formosas.
364 1821 434 1889 Quas
456 1837 518 1877 curn
539 1821 678 1890 vidissent,
700 1822 899 1894 concupierunt
919 1821 1123 1879 etindatisunt
1140 1832 1235 1897 poten·

65 1905 127 1960 tiam
151 1903 269 1972 illarum,
293 1911 320 1959 et
341 1903 436 1959 barum
457 1905 590 1977 virgiuum
618 1908 766 1979 potentiana
787 1903 955 1961 abiecerunt.
998 1903 1052 1978 lpsi
1073 1915 1236 1980 sartargo,

65 1988 111 2060 qui
125 1985 221 2043 abiecti
242 1993 306 2042 sunt
328 2003 343 2043 a
366 1985 447 2043 domo
470 1986 526 2056 bei,
548 1996 577 2044 et
597 1989 688 2045 traditi
710 1996 773 2045 sunt
793 1987 953 2045 mulieribus
965 1985 1028 2043 ibis.
1070 1988 1119 2044 dlii
1137 1997 1236 2057 autem,

64 2070 110 2143 qui
133 2085 187 2125 non
209 2076 274 2125 sunt
303 2071 426 2142 corrupti
456 2069 641 2143 pulcritudine
668 2087 777 2137 aarum,
800 2071 827 2126 iu
857 2070 938 2126 domo
968 2069 1014 2126 bei
1036 2080 1235 2129 remanserunt.

63 2152 95 2208 Et
116 2153 152 2208 ait
173 2153 253 2208 anibi:
277 2168 341 2208 ecce
362 2152 448 2208 babes
465 2160 492 2208 et
505 2153 603 2208 borum
617 2152 743 2224 lapidum,
766 2153 812 2224 qui
825 2152 923 2208 abiecti
938 2159 1009 2217 sunt,
1030 2153 1236 2211 exsolutionem.

148 2246 185 2318 (ιι)
208 2249 272 2305 lllll.
313 2250 346 2304 Et
367 2267 418 2322 ego
441 2250 512 2305 diri:
535 2249 600 2321 quid
624 2266 699 2322 ergo,
722 2249 840 2311 domine,
865 2250 908 2304 isti
928 2247 1063 2316 homines,
1085 2251 1107 2304 si
1131 2251 1236 2322 egerint

64 2332 268 2406 poenitentiam,
291 2338 318 2387 ct
340 2324 497 2386 abieceriut¹
519 2330 673 2402 cupidinem
696 2329 840 2385 mulierum
863 2329 978 2395 illarum,
1000 2337 1028 2385 ct
1047 2330 1181 2387 redierint
1200 2332 1235 2387 ad

64 2416 114 2471 has
138 2413 264 2486 virgines,
287 2420 314 2467 et
336 2412 473 2469 induerint
494 2413 686 2486 poenitentiam
699 2409 846 2467 earundem
861 2411 1001 2484 virgiuum,
1024 2412 1047 2466 si
1063 2427 1118 2466 nou
1134 2412 1238 2469 luerint

65 2497 91 2552 in
115 2511 200 2569 opera
220 2495 365 2550 mulierum
386 2494 491 2551 illarum
512 2495 618 2560 morati,
641 2511 696 2551 non
717 2491 856 2548 intrabunt
877 2494 904 2548 in
927 2492 1036 2548 domum
1058 2493 1124 2548 lleil
1146 2493 1184 2548 lit·
1198 2494 1236 2550 eit

65 2579 146 2636 milii:
170 2576 318 2645 intrabunt,
340 2578 362 2632 si
385 2576 535 2634 abiecerint
555 2575 645 2633 omnia
667 2592 750 2650 opera
771 2575 914 2631 mulierum
936 2573 1051 2643 illarum,
1075 2583 1103 2630 et
1122 2576 1235 2633 istarum

65 2661 197 2734 virginum
220 2660 418 2733 resumpserint
439 2660 586 2733 potentiam
597 2650 619 2726 ,²
640 2667 668 2715 et
689 2660 715 2715 in
739 2656 869 2731 operibus
889 2657 1008 2731 ipsarum
1031 2655 1235 2725 ambulaverint·

64 2744 130 2800 Nam
152 2743 214 2799 ideo
242 2744 408 2800 intermissio
430 2743 499 2800 iacta
528 2750 571 2798 est
598 2741 745 2798 struendae
776 2741 876 2808 turris,
904 2748 936 2796 ut
956 2740 980 2795 si
1007 2739 1113 2813 egerint
1140 2739 1236 2814 poeui-
1267 2776 1276 2791 .

65 2830 189 2894 tentiam,
210 2825 361 2882 adiciantur
389 2827 415 2881 in
438 2825 523 2900 ipsius
552 2831 715 2881 structuram
744 2823 835 2879 turris.
878 2823 906 2878 Si
929 2830 1018 2878 autent
1047 2838 1114 2879 non·
1131 2823 1237 2896 egerint

66 2910 269 2985 poeniteutiam,
292 2908 335 2965 alii
358 2911 383 2965 iu
405 2908 469 2965 loco
490 2909 596 2964 illoruna
612 2907 638 2963 in
653 2897 828 2964 structuram¹’
850 2906 935 2972 ibunt,
956 2904 1031 2960 etilli
1050 2905 1076 2960 iu
1096 2913 1235 2962 aeternum

66 2993 165 3049 abiecti
186 2993 274 3048 erunt
317 2992 358 3048 dd
383 2991 489 3065 singula
523 2991 591 3047 liacc
619 2990 717 3063 gratias
749 2988 792 3061 egi
821 2987 892 3054 lieo,
914 2987 988 3059 quod
1010 2988 1038 3042 in
1067 3003 1177 3054 omnes,
1208 2988 1235 3042 in

68 3091 138 3146 quos
160 3076 312 3130 invocatum
334 3083 376 3131 est
404 3091 502 3131 nomen
526 3074 602 3137 eius,
624 3082 715 3129 motus
736 3070 949 3127 misericordiam
978 3085 1054 3126 suam
1077 3069 1237 3142 profuderit,

67 3165 94 3211 ct
116 3156 149 3211 ad
172 3172 231 3222 nos,
253 3156 298 3228 qui
321 3157 482 3229 deliquimus
506 3158 531 3214 in
554 3173 625 3222 eum,
647 3155 768 3211 nuatiuui
784 3152 964 3225 poenitentiae
978 3153 1091 3219 miserit,
1113 3160 1140 3208 et
1156 3167 1236 3208 reno

66 3239 166 3294 raverit
186 3238 297 3310 spiritus
319 3248 440 3307 nostroe,
462 3254 568 3312 nosque
586 3239 637 3294 iam
654 3236 778 3293 delectos
798 3252 976 3309 ncqucspcui
990 3235 1084 3292 salutis
1107 3233 1237 3292 babentes

66 3320 237 3389 recreaverit,
260 3322 490 3395 redintegratione
514 3311 615 3376 dando⁴
635 3319 714 3375 nobis
736 3319 824 3373 vitain.
854 3318 930 3374 Nunc
952 3334 1028 3392 ergo,
1051 3318 1167 3386 domine,
1191 3317 1236 3373 dc·

69 3432 277 3443 *vn——

118 3480 176 3546 Cap.
190 3481 246 3530 xlv.
279 3480 303 3545 l)
322 3481 347 3529 Et
370 3483 390 3529 si
408 3481 461 3544 qais
479 3479 569 3542 absque
582 3479 635 3527 ittet
670 3479 747 3527 aiiiauii
768 3478 894 3540 penitentie
913 3475 944 3522 ad
963 3489 1005 3522 itas
1024 3476 1064 3537 qui
1079 3474 1235 3536 delinquimus

69 3548 119 3598 l'at.
143 3549 191 3597 Cir.
210 3548 257 3597 l'is.
274 3548 298 3607 3,
316 3549 340 3596 7.
670 3547 691 3592 ei
715 3551 736 3593 et
761 3544 823 3608 quad
848 3543 990 3590 renouauerit
1016 3541 1114 3601 spiritus
1133 3544 1235 3588 nastros.

121 3615 242 3677 uteorum
262 3614 326 3673 liat,
353 3613 406 3662 dein
430 3620 452 3662 et
470 3614 551 3661 liuram
568 3616 636 3675 potr·
671 3611 720 3659 lana
737 3611 799 3659 enim
817 3610 921 3669 desertas
944 3621 1018 3669 aeque
1043 3607 1153 3656 liabentes
1172 3620 1237 3670 speaa

69 3687 150 3731 statem
159 3681 277 3730 induerint
286 3683 456 3730 aoaintrabnnt
465 3686 489 3729 in
508 3680 576 3728 donia
590 3680 635 3727 dci.
670 3679 755 3727 salutis
769 3676 867 3725 recreati
880 3674 910 3721 ad
919 3675 1123 3734 reintegrationem
1133 3672 1236 3723 allevat.

120 3746 148 3811 3)
166 3748 297 3796 abiecerunt
317 3755 368 3796 erat
384 3747 408 3795 in
426 3747 476 3795 l'at.

119 3815 146 3876 4)
166 3813 295 3862 blembrum
308 3815 578 3877 egenatpoeniteutian,
592 3814 634 3861 ad·
720 3807 749 3870 3)
768 3813 883 3857 structura
902 3805 951 3855 Pal.

68 3883 179 3931 iiciaetnr
197 3883 220 3928 in
243 3886 381 3930 structuram
400 3882 487 3939 turris,
519 3883 540 3930 si
561 3886 637 3929 autem
721 3876 749 3936 4)
765 3876 814 3923 eidi
831 3872 880 3921 Pul.

71 3948 316 4011 nonagnoscitvat.;
335 3947 455 3997 ineodem
472 3947 638 3996 subinduerat
721 3944 748 4001 b)
765 3945 830 3988 eruat
854 3941 878 3987 ia
904 3956 951 3992 aaa
970 3942 1056 4004 spiritu
1078 3946 1100 3988 et
1125 3939 1149 3985 in
1166 3951 1237 3986 neem

69 4031 114 4066 aaa
131 4019 199 4075 erint,
220 4030 274 4065 max
294 4014 340 4076 leg.
361 4020 381 4063 et
399 4016 423 4065 tn·
442 4030 465 4078 p.
483 4016 527 4075 ilii,
547 4014 570 4062 in
591 4013 637 4061 tlne
671 4022 757 4072 corpas
776 4007 826 4056 Pal.

71 4087 95 4132 in
107 4089 178 4133 totiena
196 4086 311 4143 intotnrn,
329 4082 458 4146 postremis
467 4081 560 4131 duobus
572 4093 639 4127 socc.
723 4074 749 4136 6)
767 4078 882 4124 structura
901 4072 951 4122 rat.

75 4149 162 4198 lineola
181 4150 335 4212 subsignatis.
723 4140 752 4201 Ί)
767 4148 883 4204 potestate
902 4138 952 4190 Pal.

121 4217 149 4277 5)
168 4217 201 4265 dd
226 4218 266 4266 ltee
291 4219 384 4278 singula
408 4216 497 4277 gratian
525 4213 640 4262 dominun
726 4207 784 4270 Cap.
802 4208 857 4256 xtv.
894 4206 918 4265 1)
937 4205 1051 4254 aennon
1069 4201 1119 4251 Pal.

72 4282 165 4347 quidem
183 4284 208 4330 ia
227 4298 306 4331 oannes
320 4285 345 4331 ia
362 4283 447 4346 quidne
463 4282 595 4327 invocatum
606 4283 640 4326 est
726 4274 753 4336 2)
769 4276 918 4337 penitentiam
936 4269 985 4318 Pal.

70 4363 153 4397 nomen
171 4350 223 4397 eiua
241 4351 372 4399 inoccatum
390 4348 422 4412 (c.
436 4343 531 4410 punctis
548 4356 642 4407 suppo·
727 4342 755 4403 3)
773 4346 890 4389 structura
908 4335 956 4385 Pal.

71 4414 136 4476 sitis)
162 4418 235 4463 aratur
262 4417 384 4464 eumenia
411 4414 503 4464 miserit
524 4411 645 4478 peridem
729 4408 756 4472 4)
775 4407 886 4455 recrearit
904 4402 1017 4452 rediisset
1033 4401 1121 4466 praeda
1140 4397 1190 4451 Pal.

139 4498 232 4548 Parare
250 4511 336 4548 aroer.
1001 4485 1033 4538 35

745 4568 857 4596 Α
