2886 4882
383 248 508 312 wbtttt
532 250 695 313 aristote
717 252 760 311 tu
781 254 948 316 nomos.
977 256 998 317 l.
1218 257 1275 321 165

518 484 573 534 tt)
608 483 865 535 aculeos,

182 587 312 664 lgnatius,
335 591 382 665 qni
404 599 432 646 et
453 589 643 666 Theopborus,
665 590 799 649 ecclesiae
820 592 1037 650 misericordiam
1059 605 1223 656 consecutae
1245 601 1273 657 in

224 674 425 749 magnificentia
454 674 541 731 Patris
570 675 693 732 altissimi
723 683 750 732 et
781 674 842 732 lesu
871 677 985 745 Christi,
1016 676 1065 735 tilii
1093 681 1152 736 eins
1180 683 1271 750 unici3

226 757 360 814 ecclesiae
382 757 495 815 dilectae
519 767 546 815 et
568 758 731 814 illuminatae
752 759 888 816 vuluntate
910 761 987 828 eins,
1018 762 1065 834 qui
1087 762 1143 818 vult
1173 766 1271 833 omnia,

226 857 296 915 qnae
318 849 382 898 sunt
404 842 555 898 secundum
578 842 737 899 charitatem
763 840 825 899 lesu
847 843 962 912 Christi,
992 842 1039 900 llei
1071 847 1173 916 nostri;
1199 864 1270 920 quae

224 925 303 981 etiam
324 925 463 999 praesidet
486 925 513 981 in
536 925 599 982 loco
621 926 742 1000 regionis
764 925 961 996 Romanorum,
992 927 1071 1002 digna
1092 928 1161 998 lieo,
1191 930 1272 1005 digna

225 1007 340 1076 decore,
366 1007 446 1082 digna
469 1024 538 1082 qnae
560 1006 640 1065 beata
661 1008 853 1083 praedicetur,
877 1010 958 1084 (ligna
979 1010 1067 1079 lande,
1089 1009 1170 1085 digna
1201 1029 1272 1087 quae

224 1092 279 1148 voti
301 1107 415 1166 compos
437 1089 496 1160 liat,
519 1091 599 1166 digne
622 1100 711 1161 casta,
743 1095 871 1151 universo
893 1094 985 1151 coetui
1007 1093 1145 1151 charitatis
1167 1097 1270 1170 praesi-

224 1174 309 1242 dens,
332 1173 431 1232 Christi
453 1183 481 1231 et
502 1174 589 1232 Patris
611 1175 720 1232 nomine
747 1178 889 1251 insignita,
910 1182 990 1251 quain
1013 1184 1041 1234 et
1062 1177 1149 1233 saluto
1171 1179 1198 1234 in
1221 1196 1269 1237 no·

223 1258 296 1315 mine
320 1255 382 1315 lesu
400 1255 507 1326 Christi,
528 1257 574 1314 lilii
596 1259 695 1326 Patris;
724 1261 771 1329 iis,
793 1262 840 1334 qui
862 1261 1013 1317 secundum
1034 1276 1142 1318 carnem
1165 1269 1194 1319 et
1215 1264 1270 1338 spi·

222 1344 304 1400 ritum
331 1342 417 1398 cuivis
438 1341 524 1415 ipsius
544 1352 692 1416 praecepto
715 1353 778 1400 sunt
798 1343 922 1412 adunati,
950 1344 1036 1418 gratia
1056 1344 1102 1401 liei
1131 1346 1270 1421 insepara-

222 1423 314 1482 biliter
332 1423 431 1498 repleti
452 1432 479 1481 et
500 1423 533 1481 ab
556 1426 628 1481 omni
651 1425 740 1483 alieno
761 1427 852 1484 colore
874 1434 938 1482 sunt
955 1427 1104 1501 expurgati,
1126 1428 1267 1503 plurimam

223 1510 250 1565 in
273 1506 335 1564 lesu
356 1507 473 1576 Christo,
497 1508 552 1565 lleo
575 1516 679 1576 nostro,
701 1517 728 1566 et
750 1511 933 1567 intaminatam
954 1518 1019 1585 opto
1042 1510 1165 1568 salntem.

447 1639 466 1697 l.
509 1642 596 1715 Spero
617 1659 666 1698 oos
687 1643 795 1699 vinctus
816 1644 919 1700 niune.

179 1741 264 1797 Deum
285 1749 413 1814 precatus
437 1742 590 1815 impetravi,
622 1748 651 1796 ut
672 1740 728 1798 lleo
758 1740 856 1815 dignos
878 1742 966 1799 vultus
987 1750 1093 1799 vestros
1117 1758 1267 1812 cernerem,

96 1834 124 1882 et
146 1823 225 1900 plus,
256 1839 334 1897 qnam
353 1821 494 1897 petebam,
522 1824 691 1898 acciperem3
721 1825 827 1881 vinetus
855 1826 927 1882 enim
954 1827 982 1883 in
1004 1825 1066 1882 lesu
1089 1825 1197 1883 Christo
1219 1843 1268 1884 vos

95 1908 215 1964 sanare
237 1922 328 1981 spero,
349 1906 483 1980 siqnidem
496 1906 679 1964 voluntasllei
701 1909 744 1977 sit,
767 1917 797 1965 nt
820 1907 918 1982 diguus
933 1909 1042 1977 habear,
1065 1909 1111 1983 qui
1133 1908 1267 1968 adfinem

94 1989 261 2066 perveniam.
285 1989 368 2047 liectc
390 1991 461 2046 enim
483 1989 645 2064 dispositum
668 1999 710 2046 est
732 1992 904 2066 principium,
926 1993 949 2048 si
971 1993 1083 2067 gratiam
1106 2008 1268 2067 consequar,

95 2082 200 2132 sonem
220 2088 308 2129 meam
330 2073 389 2129 sine
408 2073 601 2147 impedimento
624 2074 785 2147 accipiendi.
828 2075 921 2133 Timeo
943 2077 1014 2133 enirn
1042 2084 1159 2133 uestram
1179 2076 1268 2134 chari·

94 2164 192 2226 tatem,
221 2172 257 2212 ne
284 2172 315 2212 ea
345 2157 410 2214 mihi
433 2165 538 2214 noceat·
582 2155 664 2213 Vobis
686 2159 757 2214 enim
779 2158 857 2214 facile
880 2167 939 2226 est,
962 2159 1036 2232 quod
1057 2158 1137 2215 vultis
1159 2157 1266 2226 iacere;

95 2240 161 2297 mibi
182 2255 248 2296 nero
272 2238 382 2297 difficile
398 2238 455 2308 est,
478 2240 532 2297 lleo
555 2240 647 2314 potiri,
669 2241 691 2296 si
714 2258 761 2296 vos
783 2241 848 2297 inihi
870 2257 984 2314 parcere
1007 2239 1131 2297 studetis.

95 2402 193 2466 saepius
218 2409 339 2464 usrrrpatn.
379 2400 485 2460 Dixerat,
509 2393 571 2463 ἥτις
594 2414 664 2466 προ·
698 2408 743 2460 tur,
763 2415 829 2448 uoce.
849 2396 888 2457 ὠς
905 2396 951 2448 καὶ
969 2390 1266 2470 πλέονῄτούμηίλα-

94 2466 218 2534 κάθηται
234 2465 266 2520 ἓν
276 2463 363 2534 τόπῳ,
381 2483 441 2533 grane
457 2470 484 2515 io
501 2469 551 2516 loco
564 2466 663 2516 maxime
696 2469 757 2531 βεῖν
775 2465 878 2515 omissis.

93 2538 259 2603 perfidelem
286 2551 348 2584 nuuc
374 2533 473 2584 eandem
498 2536 529 2598 io
551 2535 662 2583 alteritate
750 2533 791 2597 10)
809 2530 888 2602 [γὰρ]
905 2546 932 2581 en
955 2539 1055 2595 utraque
1081 2529 1191 2580 versione
1218 2539 1264 2583 ret

94 2605 165 2656 etiam
184 2602 484 2669 praeeminerrEcclesiam
503 2601 620 2662 ostendit;
639 2608 663 2649 et
697 2600 769 2650 latina
792 2608 814 2650 et
838 2599 1013 2662 interpolatore
1042 2597 1177 2648 addendum
1203 2615 1265 2660 esse,

95 2673 157 2723 inter
186 2671 279 2736 reliqna
315 2669 420 2733 epitheta
450 2685 507 2719 sane
537 2667 661 2732 praeclara
695 2669 742 2718 iam
766 2668 825 2717 vidit
855 2666 961 2717 Vossius.
1002 2666 1075 2716 Adest
1106 2680 1203 2730 quoque
1239 2667 1264 2717 in

95 2742 138 2790 bas
155 2739 228 2789 etiam
246 2738 329 2789 landes
346 2738 437 2797 inserit,
456 2737 523 2801 quod
541 2738 604 2786 inter
621 2751 661 2785 re·
695 2736 772 2787 Codd.
791 2735 860 2785 tlov
886 2743 910 2785 et
933 2748 971 2797 ap.
994 2735 1059 2786 lun.
1076 2734 1114 2796 2.;
1136 2733 1190 2784 'sul
1211 2734 1266 2789 νῦν

94 2807 173 2872 liqnas
186 2806 308 2856 Ecclesiae
316 2806 421 2854 Romana
441 2804 466 2852 iu
485 2804 597 2867 operibns
616 2804 661 2852 mi·
695 2800 846 2873 δεδεμένος
862 2806 924 2853 ltrm.
945 2804 977 2863 l.,
996 2804 1048 2855 νῦν
1064 2798 1097 2854 δὲ
1113 2797 1266 2873 δεδεμένος

92 2874 241 2926 sericordlae
271 2882 294 2923 et
321 2872 442 2922 charitatis
470 2871 595 2921 eminebat.
635 2870 660 2919 ld
695 2873 748 2936 Syr.
764 2873 797 2933 l.;
818 2871 939 2934 discrepat
957 2870 1043 2934 Synl.

94 2957 152 2993 vero
178 2957 223 2992 nos
247 2941 319 2990 donet
336 2939 464 3003 Dionysius
482 2937 661 2988 Corinthiorum
747 2938 789 3004 ll)
807 2938 929 2989 Curetono
949 2938 1001 3001 Syr.
1023 2938 1043 2987 l.
1062 2936 1150 2999 legisse
1168 2935 1263 2987 ridetur

93 3010 231 3074 Episcopus
256 3009 281 3058 in
303 3007 379 3072 Epist
408 3007 438 3056 ad
464 3006 595 3066 Romanos,
620 3007 661 3057 55.
694 3000 799 3071 ἐάνπερ
817 3001 942 3073 ἐπιτύχω
960 3002 1010 3057 τὸν
1025 3004 1074 3068 κλῆ
1102 2999 1128 3055 ’ν
1146 3019 1206 3086 μου
1223 3003 1265 3061 sic

93 3086 151 3143 post
168 3077 230 3126 banc
247 3091 311 3126 anno
329 3075 427 3137 scripta,
444 3073 508 3138 apud
527 3074 613 3130 Euseb.
632 3074 660 3122 ll.
695 3073 783 3142 πέρας
791 3070 1010 3142 ἀνεμποδίστως
1020 3070 1077 3122 ἀπο
1095 3074 1179 3136 usseer.
1203 3071 1264 3120 Eum

94 3147 121 3196 E.
139 3145 176 3196 tl.
193 3145 234 3195 2³.
268 3143 327 3193 llide
345 3142 378 3192 ilii
396 3142 473 3205 plura.
491 3141 600 3190 Peersnn.
694 3142 795 3191 uertisse
824 3141 946 3210 πέρατος
971 3140 1026 3190 loco
1052 3134 1171 3208 χάριτος
1194 3143 1264 3201 putat

146 3212 175 3275 li)
192 3212 290 3263 Vossius
320 3218 344 3260 et
378 3217 435 3272 post
461 3223 514 3258 eum
546 3207 661 3257 Smitbius
697 3209 886 3269 Petermannns.¹

94 3279 262 3331 commendant
277 3273 464 3345 χριστόνομος
481 3292 500 3325 a.
519 3283 564 3323 vet.
580 3276 663 3324 lut:
749 3274 791 3338 12)
807 3273 912 3338 llartyrii
922 3272 1042 3324 desiderio
1050 3274 1152 3336 flagrans
1161 3271 1263 3335 B.lgna·

97 3347 182 3398 Glriati
207 3349 294 3397 babens
316 3347 396 3409 legem.
430 3344 462 3393 Ac
488 3343 520 3391 ita
542 3349 664 3391 verterunt
697 3343 742 3392 tius
763 3342 901 3401 verebatur,
929 3357 959 3391 ne
977 3341 1077 3391 llnmani
1095 3340 1132 3390 vel
1150 3339 1264 3404 precibus

96 3416 149 3480 Syr.
168 3421 193 3465 et
210 3416 272 3465 Arm.
288 3413 445 3477 interpretes,
463 3409 587 3474 sequentia
605 3423 662 3458 vcro
696 3410 726 3459 sd
745 3411 820 3460 llenm
840 3416 864 3458 et
883 3409 1004 3469 homines,
1031 3408 1067 3457 rel
1086 3408 1201 3472 pecunia,
1221 3415 1264 3459 ant

96 3490 214 3533 mutantes
233 3489 305 3547 atque
323 3478 496 3530 abbreviantes.
695 3493 740 3542 per
770 3478 817 3526 uim
847 3491 901 3526 enm
934 3492 947 3525 a
977 3474 1098 3540 supplicio
1126 3475 1264 3527 eximerent.

145 3550 172 3616 ’1)
191 3551 235 3600 lut.
246 3556 329 3599 noster
346 3542 599 3605 abstructieretlilidit3
617 3543 663 3593 lle·
696 3546 748 3596 llos
766 3544 855 3609 qnippe
878 3551 929 3594 ernt
947 3542 1148 3604 Christianorum,
1172 3550 1263 3594 tantum

94 3625 133 3667 tus
166 3616 275 3680 vulgatus
304 3616 411 3677 ollulis,·
439 3612 552 3663 llorelius
587 3611 662 3673 magis
696 3619 809 3677 mantum
826 3619 938 3675 poterant
956 3610 1006 3670 niti,
1023 3611 1144 3661 utlratres
1162 3617 1264 3675 propter

94 3683 195 3749 proprie
212 3687 390 3748 expurgatione
405 3678 661 3743 defoecatiserposnit.
696 3679 768 3729 lldem
795 3686 879 3741 captos
912 3687 936 3728 et
965 3677 1091 3728 damnatos
1120 3677 1264 3728 liberarent:

94 3752 182 3802 ltotnm
198 3751 260 3801 enim
278 3758 315 3800 est
332 3764 359 3799 er
378 3748 458 3798 llattb.
477 3747 526 3807 23,
545 3746 585 3797 tt.
604 3746 663 3810 qnid
696 3746 762 3812 qnod
783 3745 896 3795 discimus
915 3760 942 3796 ex
960 3743 1042 3795 Const
1058 3746 1141 3808 Apnst
1154 3745 1190 3795 tv.
1209 3744 1262 3807 §.u

93 3819 125 3867 sit
142 3815 277 3879 διυλίζειν
294 3816 345 3883 τὴν
354 3812 486 3868 κώνωπα.
508 3815 584 3863 lister.
614 3813 663 3863 Clr.
696 3815 722 3864 ll.
742 3815 780 3876 ξς,
796 3813 854 3873 1,2.
874 3812 1008 3862 srLuciani
1019 3813 1149 3875 Peregriuo
1167 3811 1200 3873 (ξ.
1212 3808 1264 3873 12.)

93 3885 125 3934 ael
142 3884 236 3935 Philan.
254 3901 275 3934 c.
296 3885 320 3935 3.
697 3890 721 3930 et
745 3894 771 3929 er
796 3879 902 3931 Eusebio
924 3880 953 3930 ll.
976 3880 1003 3930 E.
1020 3880 1056 3941 lll.
1076 3880 1118 3931 to.
1152 3875 1264 3938 Quamuis

145 3949 173 4016 8)
195 3942 665 4018 Sprnsl.ap.Cnreton.postcipaoipenrc
697 3946 821 3997 autemid
846 3962 860 3996 a
886 3947 998 3997 Romanis
1031 3945 1093 3996 ellici
1122 3941 1264 4020 neqniverit,

94 4028 211 4071 commate
227 4018 383 4083 interpungit.
697 4015 786 4065 amoris
809 4023 846 4066 est
870 4014 946 4065 nihilo
972 4013 1050 4064 minus
1068 4012 1147 4063 omnia
1164 4015 1213 4060 tuta
1231 4016 1264 4059 u·

144 4085 172 4150 9)
192 4087 227 4136 lta
245 4095 346 4151 nterqne
355 4094 401 4136 vet.
419 4086 462 4134 lnt.
482 4091 506 4133 et
517 4083 574 4134 rarii
585 4082 662 4133 toul.
697 4097 770 4133 mere.
807 4081 878 4134 Gotel.
929 4083 1032 4146 Symeon
1059 4078 1162 4143 llotrpb.
1191 4075 1264 4126 habet

94 4153 221 4219 symeonis
232 4155 344 4217 Metapb„
360 4153 424 4203 idem
437 4151 540 4202 coniecit
549 4151 647 4200 Vossius
653 4167 660 4214 ;
696 4153 813 4216 ποιῆσαι
829 4146 846 4201 δ’
864 4149 970 4201 θέλετε.

93 4220 157 4273 irtel
173 4217 325 4290 εὐξάμενος
340 4222 390 4282 lls,
409 4235 509 4283 cumque
527 4217 662 4282 lnterpola·
751 4217 794 4280 13)
812 4216 981 4282 lnterpolator,
1000 4225 1045 4265 vet.
1060 4211 1262 4291 latiuterpratas,

94 4298 148 4339 tore
174 4290 251 4339 nosui
270 4287 347 4338 cnut.
365 4287 475 4347 stov,
494 4286 569 4350 Syrus
588 4285 612 4335 2.
638 4292 662 4335 et
696 4286 749 4350 Syr.
772 4286 793 4337 l.
817 4285 962 4335 sturmi.
994 4276 1098 4346 ἐάνπερ
1122 4278 1206 4345 spele
1223 4274 1270 4347 μ).

92 4365 195 4421 aterque
212 4357 274 4406 Amr.
286 4355 361 4420 Sprns
374 4355 396 4407 l.
414 4348 511 4414 πάλαι,
529 4353 566 4402 rel
582 4352 662 4433 argoi-
694 4352 838 4420 φείσησθέ
851 4368 914 4422 μου,
932 4363 994 4414 quae
1014 4346 1086 4398 lectio
1099 4357 1197 4395 sensum
1213 4359 1262 4407 nou

94 4437 144 4477 ror
162 4423 199 4474 rel
217 4423 266 4475 tale
285 4422 344 4488 quit
359 4437 384 4489 p.
401 4417 465 4475 luel
488 4419 576 4485 legisse
593 4419 661 4472 nde·
693 4427 776 4471 mnus
