2886 4882
128 225 189 289 348
403 221 528 282 turturi!
550 221 713 280 nrtsnotl
736 221 777 280 All
800 221 967 281 Ronanus
994 221 1026 280 Χ
1089 224 1092 231 “

128 380 215 446 ὄντα·
237 375 344 454 πάντες
346 374 418 487 peip
436 379 509 444 ciclo
529 377 606 457 αξιοι
630 383 707 445 Θεοῦ
727 378 819 446 reel‘
798 388 897 463 υμῶν
919 378 972 455 οὓς
991 378 1102 485 πρέπον
1130 377 1254 443 ἐστὶν
1235 389 1303 461 υμῖν

128 461 202 529 κατὰ
222 461 317 527 πάντα
339 460 513 527 ἇναπαῦοαα
546 461 689 550 Ἔγραψα
710 463 781 529 di
762 474 832 547 υμῖν
849 471 940 529 ταῦτα
960 470 999 552 τῇ
1008 460 1073 571 πρὸ
1096 464 1179 527 ἐννέα
1200 472 1302 527 καλαν-

128 548 190 612 δῶν
211 548 423 631 Σεπτεμβρὶαν
456 543 615 630 Ἔρρωσθε
636 550 678 624 εἰς
699 549 805 624 τὲ,λος8
827 545 906 615 ἕν’
887 554 1022 634 νπομονῇ
1045 546 1143 629 Ἰησοῦ
1166 553 1304 630 Χριστοῦ.

128 707 227 763 Omnes
250 708 321 764 enim
343 707 417 782 digni
439 715 503 763 suut
521 707 594 764 beo.
622 715 650 764 ct
676 709 748 781 apud
776 725 824 763 vos
855 724 897 763 me
926 715 1035 779 oportet
1065 708 1088 763 iu
1112 707 1240 762 omnibns
1262 725 1303 764 re·

128 791 282 864 quiescere.
325 789 428 864 Scripsi
458 789 535 846 vebis
565 790 631 847 baec
660 782 744 846 οοιιο3
768 789 899 846 Galeudas
929 788 1105 863 Septembris.
1149 788 1303 846 Incolumes

129 881 218 929 estote
239 889 327 947 usque
349 874 375 928 in
399 872 478 930 linem
502 874 527 928 in
550 875 677 946 patientia
701 874 761 930 lesu
783 872 890 929 Christi.
934 866 1041 932 Arnen.⁴

182 1034 211 1098 3)
230 1032 371 1103 ἀγαπητοὶ
388 1033 443 1085 add.
463 1033 530 1082 Oad
552 1048 629 1083 oram.
787 1033 814 1096 l)
832 1034 902 1081 Anien
921 1046 967 1082 orn.
986 1030 1035 1079 l'al.
1055 1032 1111 1094 lteg.
1141 1032 1305 1086 subscribitur

183 1103 319 1166 Epigrapbc
344 1101 420 1158 τέλος
442 1101 515 1157 iuli
544 1101 621 1158 τέλος
645 1102 703 1152 τῶν
736 1100 873 1164 Ecpliciunt
900 1099 999 1163 epistel'c
1018 1102 1093 1149 sancti
1111 1102 1195 1162 ignatii
1215 1109 1303 1164 nrcrtu-

131 1166 290 1223 ἱπιστολῶν
319 1169 368 1220 τοῦ
393 1164 474 1249 c‘eyc'pu
502 1163 702 1249 ἱερομᾶρτυρος
736 1171 769 1216 ris
788 1169 899 1247 discipuli
920 1168 1031 1216 iulannir
1049 1169 1190 1230 evangeliste
1213 1176 1237 1217 ct
1254 1172 1304 1233 epi·

132 1237 259 1317 lycurteu
285 1237 334 1285 red
348 1231 498 1318 θερφόρου
527 1231 702 1318 πατριάρχου
736 1239 800 1298 scapi
817 1251 828 1283 ι·
847 1237 912 1297 (cum
923 1234 1050 1298 supposito
1062 1235 1164 1297 puncto)
1179 1237 1303 1286 antiochie.

131 1299 311 1359 dceuudleere
318 1303 377 1381 τῆς
394 1299 552 1386 ἀντιοχείας
569 1303 631 1363 inl),
650 1304 699 1355 τοῦ
736 1303 821 1380 Incipit
839 1304 891 1350 leus
910 1303 1007 1364 hyrenis
1020 1303 1213 1364 discipulicius
1204 1319 1304 1354 cneum:

129 1367 211 1453 ἁγίου
227 1364 465 1451 ἱεραμάρτνροςἸ
501 1373 581 1421 nrleu
598 1387 697 1439 παιρι-
735 1371 776 1433 gui
793 1372 815 1418 ei
836 1375 980 1419 successerat
1003 1370 1029 1417 in
1046 1370 1184 1434 episcopatu
1201 1370 1226 1419 in
1246 1371 1303 1431 cat..

130 1454 216 1520 αρχον
232 1439 300 1487 θεοῦ
324 1431 490 1493 πόλεωςν
474 1438 612 1519 νιιοχείας
636 1437 698 1490 drat-
732 1437 868 1499 Expliciunt
893 1437 939 1485 llll
969 1436 1072 1498 Epictele
1108 1440 1183 1487 suncti
1215 1439 1303 1500 ΙριιαοιιΙ

131 1501 213 1567 στολὴ
232 1501 303 1572 πρὸς
321 1503 462 1573 ρωμαίους
479 1500 519 1570 ιβ’
538 1505 604 1556 inv.
731 1507 841 1567 martyris
860 1504 1011 1553 ontieeeurt's.
1036 1504 1121 1566 incipit
1138 1505 1303 1584 larcrllprenis

732 1572 844 1635 discipuli
869 1575 907 1620 sui
931 1577 1000 1634 etque
1029 1574 1173 1622 successeris
1200 1575 1227 1621 in
1251 1588 1303 1622 cunr

184 1636 412 1702 attremuit!
432 1639 487 1701 lleg.
732 1639 755 1686 in
775 1639 830 1699 lleg.

583 1848 655 1856 ...ο-
662 1848 718 1855 „0--1
725 1849 742 1855 -..
748 1849 754 1853 -
764 1847 847 1855 .-ς-.-

365 2090 371 2101 ·
404 2067 447 2153 [Β.
478 2077 641 2136 ΙΰΝΑΤΙΙ
672 2077 720 2133 ΑΙ)
751 2077 777 2133 S.
806 2075 1033 2147 lOllbllNlibl,

416 2185 581 2232 arosroumc
595 2188 631 2231 nr
646 2185 868 2242 avananusrtur,
883 2186 1023 2233 curruca,

159 2295 284 2346 tuttntlllt
305 2291 422 2344 smero
442 2295 571 2354 sautem,
594 2295 743 2356 lGNlTlUS,
762 2295 800 2345 ET
822 2296 872 2355 out
892 2295 953 2345 cult
973 2293 1012 2344 ΕΟ
1032 2296 1110 2345 SUNT
1131 2296 1274 2345 FRATRES.

215 2427 251 2483 lle
274 2434 318 2482 tua
341 2442 416 2482 mera
438 2425 562 2483 dolemus
578 2429 703 2500 graviter,
723 2425 931 2484 allocutionibus
954 2435 981 2482 ct
995 2424 1229 2483 consolationibus
1252 2428 1304 2482 tuis

132 2510 287 2567 roborandi.
333 2507 361 2564 Si
390 2517 435 2564 tua
466 2509 810 2585 absentiaproteudatur,
840 2510 942 2565 multos
972 2509 1005 2564 dc
1036 2509 1139 2564 uostris
1169 2509 1305 2564 destituet.

131 2594 267 2668 Properes
289 2595 372 2667 igitur
394 2593 499 2649 vestire:
523 2594 584 2666 quia
607 2595 743 2650 credimus
766 2593 902 2665 expedire.
945 2592 1015 2646 Sunt
1036 2600 1064 2645 et
1085 2591 1128 2645 bic
1150 2592 1248 2647 multae
1272 2593 1304 2646 de

130 2677 234 2732 nestris
255 2674 424 2742 mulieribus,
447 2673 555 2730 blaciam
578 2674 639 2730 lesu
659 2676 752 2730 uidere
775 2669 924 2746 cupientes,
947 2682 974 2728 ct
995 2672 1116 2743 quotidie
1138 2689 1152 2725 a
1172 2673 1251 2728 nobis
1274 2675 1307 2729 ad

131 2775 180 2814 vos
203 2758 361 2813 discurrere
382 2755 518 2822 uolentes3
542 2765 572 2811 ut
594 2773 652 2810 eam
675 2757 843 2825 contingant,
865 2752 989 2808 etubcra
1012 2753 1070 2806 eius
1084 2760 1210 2817 tractent,
1234 2772 1304 2823 quae

131 2840 273 2895 deminum
287 2837 373 2892 lesum
389 2836 521 2902 aluemmt,
547 2844 574 2891 et
589 2837 721 2908 quinetiam
737 2836 886 2890 secretiora
902 2835 961 2888 eius
983 2841 1196 2905 percunctentur
1211 2835 1305 2907 ipsam.

131 2921 184 2977 Sed
208 2928 234 2976 et
257 2918 364 2974 Saleme
386 2934 465 2990 quam
489 2917 587 2990 diligis,
611 2916 664 2971 filia
686 2919 785 2982 dnuae,
808 2913 1004 2987 Hierosolymis
1023 2914 1141 2986 quinque
1164 2918 1305 2974 mensibus

132 3003 202 3078 apud
226 3020 283 3058 eam
307 3016 492 3066 commoratur,
522 3008 548 3053 et
578 2998 684 3071 quidam
707 2997 751 3053 alii
774 2998 830 3052 uoti
854 2995 977 3052 referunt
998 3014 1056 3052 eam
1080 2997 1199 3053 omnium
1223 3003 1305 3074 grati·

132 3103 206 3142 arum
227 3084 376 3151 abundem,
406 3091 433 3138 ct
454 3083 574 3137 emnium
597 3081 733 3147 uirtutum,
755 3095 833 3134 more
855 3079 982 3153 virginis,
1012 3081 1117 3136 uirtutis
1147 3091 1175 3136 ct
1204 3086 1305 3157 gratiae

132 3168 302 3225 seecundum.
345 3167 384 3233 Et,
407 3173 437 3218 ut
452 3164 553 3230 dicunt,
576 3165 602 3218 in
624 3162 862 3236 persecutionibus
877 3172 902 3219 et
920 3162 1114 3220 alllictieuibus
1139 3173 1181 3220 cst
1196 3167 1305 3236 lrilaris;

131 3249 158 3305 iu
181 3249 302 3322 penuriis
325 3256 352 3304 et
373 3247 527 3319 indigentiis
554 3262 608 3302 nen
636 3244 765 3319 qrrerula:
796 3246 986 3303 iniuriantibus
1008 3255 1097 3321 grata,
1125 3248 1158 3303 ad
1191 3249 1305 3306 molesta

131 3331 261 3387 laetatur:
284 3331 389 3386 miseris
410 3336 438 3384 et
458 3327 566 3385 aldictis
590 3327 726 3385 cealllicta
747 3329 882 3398 condolet,
905 3331 1086 3387 etsubvenire
1102 3349 1155 3386 nen
1167 3333 1305 3405 pigrescit.

132 3412 231 3469 Contra
252 3413 378 3469 vitiorum
400 3419 489 3469 antem
511 3411 656 3486 pestileros
679 3412 825 3469 condictus
844 3414 974 3488 inpugna
997 3413 1059 3471 fidei
1072 3414 1227 3486 disceptans
1250 3415 1303 3470 eni-

132 3497 219 3553 tescit
263 3496 378 3553 Nostrae
400 3512 484 3554 novae
506 3495 645 3568 religionis
683 3503 710 3552 et
740 3495 919 3570 poenitentiae
943 3506 985 3552 est
1011 3497 1153 3570 magistra,
1185 3506 1211 3552 et
1233 3499 1304 3570 apud

133 3578 228 3636 fideles
250 3580 369 3636 omniunt
390 3596 505 3653 operum
527 3579 632 3652 pietatis
652 3580 782 3636 ministra.
825 3578 976 3636 lluruilibns
998 3579 1108 3652 quidem
1137 3586 1178 3634 est
1200 3580 1304 3647 devota,

131 3670 160 3721 ct
181 3663 285 3719 deuotis
307 3663 431 3718 devotius
453 3661 623 3718 humiliatur:
645 3670 673 3718 et
693 3663 791 3718 mirum
814 3661 847 3716 ab
870 3660 995 3718 omnibns
1017 3660 1220 3734 magnificatur,
1244 3680 1304 3718 cnm

132 3744 270 3803 aScribis
293 3753 321 3800 et
341 3744 494 3801 Pharisaeis
517 3745 541 3801 ei
562 3744 728 3802 detrabatur.
770 3744 914 3800 Praeterea
943 3743 1019 3799 multi
1049 3744 1132 3799 multa
1162 3745 1212 3800 alia
1236 3745 1306 3801 rele-

132 3835 197 3887 runt
217 3828 251 3885 de
274 3827 384 3884 eadem:
413 3835 503 3884 tamen
526 3826 651 3883 omnibus
682 3843 733 3900 per
761 3826 851 3881 omnia
873 3842 928 3881 uon
949 3827 1081 3883 audemus
1104 3826 1185 3883 fidem
1207 3843 1304 3883 cence-

132 3912 207 3981 dere,
229 3927 281 3968 nee
302 3909 348 3967 tibi
371 3909 486 3967 reterre.
529 3907 592 3974 Sed,
615 3909 688 3964 sicut
709 3906 789 3964 nobis
812 3924 826 3962 a
849 3906 902 3964 lide
914 3906 1002 3981 dignis
1025 3917 1158 3975 narratur,
1181 3909 1208 3963 in
1223 3909 1305 3966 llaria

131 4001 216 4052 matre
239 3993 314 4061 lesu,
344 3993 478 4048 humanae
504 4000 618 4047 naturae
648 3997 743 4046 natura
771 3989 920 4044 sanctitatis
942 3988 1080 4063 angelicae
1102 3990 1230 4045 sociatur.
1274 3992 1306 4045 Et

131 4076 200 4132 baec
222 4076 283 4132 talia
305 4077 487 4132 excitauerunt
508 4074 613 4129 viscera
633 4079 741 4128 nestra:
764 4079 792 4127 et
813 4079 915 4143 cogunt
933 4069 1010 4125 ualde
1029 4070 1185 4126 desiderare
1208 4073 1303 4143 adspe-

132 4164 205 4214 ctum
227 4158 308 4215 bnins
330 4154 367 4227 (si
389 4157 429 4214 las
452 4157 488 4212 sit
509 4152 574 4223 lari)
599 4153 726 4210 coelestis
756 4152 888 4227 prodigii,
917 4161 945 4209 et
976 4151 1150 4207 sacratissimi
1180 4156 1304 4210 monstri.

132 4236 273 4297 luentem
289 4240 407 4315 diligenti
422 4239 503 4296 mede
517 4237 654 4311 disponas,
678 4251 740 4292 cum
753 4235 890 4294 desiderio
908 4242 1013 4302 nostre,
1037 4242 1064 4292 et
1078 4232 1173 4292 valeas.
1195 4228 1304 4314 lmen]

180 4504 374 4584 Α
