2886 4882
198 205 258 269 222
340 205 462 265 ttntttttt
485 204 728 263 mssottottrm
750 205 910 264 nrlsrott
932 209 973 268 ΑΙ)
996 162 1166 269 tonorum.
1197 211 1226 272 V

262 406 292 460 V.
335 398 394 459 Καὶ
414 396 556 473 ἐπιλείψει
569 419 604 477 με
624 392 768 478 ὁηρόνος,
865 409 893 464 V.
935 408 967 464 Et
989 408 1097 466 deficiet
1119 412 1183 466 mihi
1209 419 1322 505 tempos,
1348 416 1372 469 si

199 484 225 546 εἰ
259 478 370 554 πάντας
405 477 567 583 ἀνιχνεύειν
608 481 769 594 βουλοίμην
803 509 898 548 omnes
928 492 1089 565 investigare
1118 494 1243 562 reinero,
1274 496 1320 567 qni
1344 497 1372 551 in

197 563 266 640 τούς
289 563 396 644 νεότητι
419 559 672 665 ειίαρεστήσαντας1
693 567 768 648 Θεῷ,
803 579 939 633 inventute
962 575 1031 631 bene
1054 576 1214 649 placuerunt
1229 578 1293 644 Deo,
1308 596 1371 651 pro·

198 650 385 747 προφητείαν
398 670 427 707 τε
456 671 505 707 και
531 642 692 728 ἱερωσύνην
719 628 768 709 καὶ
802 660 893 737 pinetis
916 667 943 714 et
963 660 1117 715 sacerdotio
1131 669 1158 715 et
1175 677 1261 733 regno
1283 661 1371 716 alteo

219 726 385 795 oottslnn‘
366 725 425 792 υπὸ
443 731 519 792 Θεοῦ
515 729 767 836 ἐγχειρισθέντας
803 742 905 800 donati.
947 740 1187 798 Rememorationis
1204 751 1291 798 autem
1311 760 1372 816 gra-

212 811 407 918 Τπομνήσεως
445 811 531 874 ὁὲ“
514 835 599 875 ενεκα
638 810 768 917 αὐτάρκη
803 822 992 882 tiasuffieitmt
1014 834 1041 880 et
1064 825 1131 880 haec
1151 825 1229 881 dicto.
1273 825 1326 882 Sed
1345 837 1371 882 te

198 925 249 963 και
271 923 305 960 τα
293 895 469 1000 εἰρημένα.
508 893 597 958 Atta
611 915 641 959 σε
657 893 768 976 σἰντιβο-
803 909 946 981 deprecor,
969 923 1002 962 ne
1024 907 1071 963 tibi
1095 909 1225 980 quaedam
1252 908 1370 982 superba

198 990 249 1057 λοι,
271 1007 309 1062 μη
302 978 379 1043 σοί
390 979 445 1052 τις
458 1001 589 1058 περιττος
603 974 678 1041 εἶναι
694 977 769 1054 δοξον
803 1009 864 1048 esse
877 989 968 1044 videar
983 998 1009 1044 et
1026 991 1193 1045 ostentatrix
1222 991 1281 1044 Non
1299 994 1370 1047 enim

200 1092 250 1130 και
261 1069 444 1166 φανητιωσα
467 1059 503 1124 ού
521 1059 769 1166 γᾶρδιύύσκουσα
804 1075 906 1130 docens
928 1080 963 1138 te,
987 1072 1034 1128 sed
1057 1072 1262 1128 snbmemornns
1281 1091 1369 1130 menm

200 1170 240 1226 σε,
262 1146 325 1210 ‹ttt'
350 1143 612 1250 ὑπομιμνήσκουσα
629 1143 680 1209 τὸν
698 1143 809 1226 ἐμὸν
803 1174 829 1212 m
852 1155 907 1211 tteo
930 1164 1032 1227 [tamem
1056 1156 1105 1210 hos
1127 1158 1240 1229 apposui
1268 1174 1370 1212 sermo·

199 1235 230 1297 ἐν
254 1236 323 1335 Θεῷ
347 1230 470 1331 πατέρα,
498 1227 619 1303 τούτους
645 1229 769 1335 παρεθὲ-
803 1256 861 1295 nes
885 1239 1028 1310 Cognosoo
1042 1254 1112 1293 emm
1129 1239 1179 1293 mei
1197 1238 1280 1311 ipsius
1299 1257 1370 1294 nien·

199 1342 257 1399 μην
277 1310 345 1389 τούς
364 1310 485 1396 λόγους·
508 1310 639 1418 γινώσκω
659 1339 712 1397 γαρ
733 1310 769 1376 τύ
804 1339 894 1388 suras,
928 1329 954 1375 οι
977 1338 1031 1378 non
1062 1321 1211 1376 coemendo
1239 1322 1371 1395 meipsam

200 1401 306 1480 ἑαυτῆς
333 1397 436 1502 μέτρα,
465 1421 513 1458 και
541 1393 578 1459 ού
607 1415 769 1501 συμπαρεκ-
804 1405 883 1459 tantis
905 1403 989 1459 vobis
1032 1402 1123 1459 Saluto
1147 1411 1221 1459 tuum
1247 1413 1368 1460 sonetum

199 1486 283 1548 τεινοι
298 1478 415 1561 ἑαυτὴν3
429 1487 489 1554 τοῖς
490 1478 710 1584 τηλικούτοις’
690 1488 768 1560 υμῖν.
803 1486 918 1556 Clemm,
934 1486 984 1542 sub
1000 1495 1043 1541 tuo
1057 1503 1122 1541 cura
1134 1495 1248 1559 pastum.
1271 1487 1369 1542 Omnes

194 1564 374 1672 Ἀσπύζρμαύ
394 1582 448 1627 σου
468 1560 520 1626 τὸν
541 1563 768 1648 αγιονκλῆρυν,*
802 1571 873 1644 apud
903 1588 953 1626 nos
980 1568 1078 1624 fideles
1108 1569 1224 1624 satutant
1245 1578 1279 1624 te.
1324 1569 1370 1624 Sa·

199 1648 249 1714 τὸν
264 1673 321 1712 οπο
334 1674 388 1730 την
400 1644 455 1748 σην
466 1649 641 1728 κηδεμονίαν
648 1672 769 1753 ποιμαι
803 1670 862 1708 nam
885 1670 928 1708 me
950 1669 1011 1708 esse
1033 1652 1183 1708 secundnm
1208 1651 1289 1708 Deum
1314 1670 1371 1720 om,

199 1730 330 1812 νόμενον.
375 1727 489 1805 Παντες
509 1732 539 1793 οἱ
557 1729 621 1812 παρ’
637 1728 708 1836 ημῖν
722 1755 768 1794 πι-
802 1734 881 1792 Ιιοοιο
903 1737 1006 1791 Pastor.

200 1818 261 1881 στοὶ
283 1811 561 1918 προσαγορεύουσίνῦ
583 1834 621 1878 σε.
662 1812 769 1899 Τμιαι-

200 1925 261 1963 νειν
282 1923 316 1980 με
337 1923 409 1960 κατα
433 1893 509 1959 Θεὸν
528 1895 698 1979 προσεύχου,
716 1923 768 1979 μα·

200 1981 283 2065 κύριε
303 2006 421 2062 ποιμην.

284 2132 335 2193 *V.
378 2138 410 2194 Et
432 2147 537 2212 tempus
559 2154 602 2194 me
623 2135 762 2204 deficeret,
783 2138 805 2192 si
822 2154 915 2198 omnes
935 2136 994 2192 illos
1017 2140 1200 2212 pervestigare
1217 2139 1303 2208 veiim,
1323 2142 1369 2214 qui

202 2223 228 2279 in
251 2223 387 2278 iuventute
407 2221 463 2277 [teo
487 2220 663 2295 placuerunt,
685 2228 713 2275 et
733 2217 832 2292 quibus
853 2220 1043 2294 propheticum
1066 2239 1164 2277 munus
1186 2230 1213 2275 et
1243 2223 1369 2278 socerdo-

201 2307 268 2364 tium
290 2321 320 2360 ac
343 2320 454 2378 regnum
484 2303 572 2359 aneo
604 2303 778 2358 commissum
811 2302 868 2359 soit
911 2302 1055 2360 Memoriae
1082 2312 1170 2360 nutem
1200 2306 1370 2360 renovandae

201 2405 242 2456 en,
265 2405 333 2462 quoe
357 2388 418 2455 diri,
442 2385 590 2442 sufficiunt.
633 2384 691 2450 Sed
712 2402 780 2459 rogo
796 2393 831 2455 te,
855 2402 888 2442 ne
910 2403 962 2459 qno
984 2387 1031 2443 tibi
1054 2387 1122 2443 nitra
1144 2387 1254 2442 modum
1271 2385 1370 2458 Ιοιμιοι

202 2480 247 2528 out
264 2470 453 2527 ostentationis
475 2468 572 2544 cupida
592 2468 692 2527 videar.
735 2467 828 2541 Neque
853 2470 922 2525 enim
945 2478 975 2525 nt
989 2478 1013 2524 te
1032 2470 1152 2537 doceam,
1174 2469 1223 2525 sed
1237 2477 1266 2524 ut
1279 2486 1369 2525 meum

203 2556 230 2611 in
252 2554 307 2609 Deo
320 2554 426 2610 Patrem
441 2554 474 2609 de
490 2553 533 2609 his
547 2551 802 2620 commonefacerem,
818 2552 901 2608 hosce
918 2569 1058 2608 sermones
1072 2552 1182 2625 protuli.
1225 2552 1369 2624 Cognosoo

202 2639 273 2695 enim
296 2653 384 2692 meum
407 2635 560 2701 modulum,
588 2651 639 2692 nec
661 2635 791 2706 meipsam
814 2634 889 2690 vobis
913 2636 993 2690 tentis
1016 2635 1080 2690 viris
1103 2651 1233 2707 exaequo.
1278 2633 1369 2690 Saluto

203 2727 325 2776 sanetum
348 2728 422 2774 tuum
446 2717 566 2784 elerum,
596 2718 642 2789 qni
666 2715 716 2772 sub
746 2724 791 2772 tua
820 2734 885 2772 eura
917 2718 1046 2790 pasoitur.
1089 2718 1188 2772 Omnes
1217 2718 1288 2792 opud
1319 2735 1369 2772 nos

203 2800 300 2856 fideles
333 2807 359 2855 te
390 2799 561 2873 compellant„
611 2797 775 2873 Prospernm
802 2799 867 2855 mihi
896 2799 1074 2855 valetudinem
1106 2800 1158 2855 tuis
1187 2802 1256 2874 opud
1286 2799 1369 2857 Deum

200 2881 329 2958 precihus
352 2881 542 2949 ermenberto
564 2889 665 2954 pastor.

201 3025 410 3037 ————-

252 3102 771 3178 (Σομύ.1)Ιιο(1,εύαριστησαιτας
856 3103 885 3185 ⁴1)
903 3105 1166 3157 Vossinslreioinserit
1187 3125 1252 3158 iore.
1262 3105 1373 3162 καὶτὸν

203 3179 221 3226 Ι)
240 3177 303 3237 vulg
804 3167 989 3240 ιμιλόχρισιόν
1008 3189 1058 3225 σου
1077 3174 1146 3227 λαὸν
1157 3192 1169 3225 ο
1181 3185 1264 3225 nentro
1274 3175 1372 3236 Codice

252 3239 344 3307 2)ή
379 3242 419 3298 τίς
445 3255 476 3293 σε
499 3241 537 3290 od.
562 3241 666 3290 Coreton
692 3240 770 3289 inritis
806 3254 849 3287 nec
869 3239 898 3288 eh
916 3241 959 3289 Vnt
977 3250 1022 3291 ret.
1040 3243 1126 3304 agnito.

204 3309 282 3438 eodg)
300 3311 444 3440 ἑαύτῆς-
459 3372 560 3437 ἑαυτὴν
579 3374 632 3431 CI)
650 3371 772 3443 ἐμαυτῆς

201 3441 377 3513 -ἒμαυτην
396 3443 463 3492 Voss.

855 3340 934 3404 5)Ιιο
912 3340 1013 3403 tCD
1033 3340 1275 3411 προσαγορεύουσί
1291 3344 1352 3405 mig.
