2886 4882
212 246 272 308 608
648 245 790 304 naum
805 246 942 305 PASTOR.

212 412 264 469 τοῦ
285 405 371 510 ἐργου
393 397 429 467 οὗ
451 402 602 507 εἰργάσατο
628 403 707 467 θέλω
735 399 826 467 αὐτόν
847 396 1083 484 συγκληρονόμον
1102 406 1144 512 τγῖ
1163 402 1223 486 υληῖ
1245 425 1305 482 μου
1328 426 1391 464 που

210 494 296 568 ἧσαι,
318 513 362 552 οτι
382 485 415 551 τό
437 494 527 551 καλου
555 484 705 593 φρονήσας
724 484 761 550 ού
790 482 1042 569 παρενεθυμήθη,
1065 480 1118 547 άλλ
1153 484 1282 548 ἐτέλεσεν
1304 482 1386 548 αύτά.

216 569 312 657 Ταύτῃ
333 577 369 658 τῇ
389 569 489 656 γνώμη
510 569 528 634 ό
548 573 614 645 υίος
638 576 690 634 τοῦ
712 566 854 633 δεσπότου
885 566 1115 648 συνηυδόιιησεν*
1136 565 1225 654 αύτῷ,
1248 570 1302 631 ἵνα
1322 590 1386 652 συγ·

141 703 144 708 -
210 654 390 737 κληρονόμος
415 652 570 738 γένηταιό
597 655 702 728 δοῦλος
730 659 770 739 τῷ
791 655 855 740 υἱῷ.
900 649 989 716 Μετά
1007 647 1117 732 ἡμέρας
1141 647 1243 735 ὀλίγας
1265 654 1385 715 δεῖπνον

211 739 345 818 ἐποίησεν
366 735 458 803 αὐτοῦ
471 739 491 814 ,⁶
512 739 562 801 καλ
582 737 712 816 ἐπεμψεν
739 734 818 821 αὐτῷ
846 737 878 800 ἐκ
898 741 952 799 τοῦ
973 737 1094 798 δείπνου
1119 735 1262 815 ἐδέσματα
1282 733 1383 799 πολλά

211 819 324 902 Λαβολν
344 821 375 883 δὲ
396 818 414 884 o‘
435 824 539 894 δοῦλος
567 817 602 884 τά
624 820 762 901 ἐδέσματα
783 817 818 882 τά
845 818 1017 898 πεμφθέντα
1046 813 1126 904 αύτῷ
1152 816 1232 923 παρά
1259 825 1314 882 τοῦ
1345 821 1387 882 δε·

211 902 337 981 σπύτου,
358 901 394 967 τά
422 902 567 986 άρκοῦντα
589 901 668 988 αύτῷ
697 894 767 986 ἦρε,
787 901 824 966 τά
849 899 937 967 λοιπά
965 901 998 964 δέ
1019 909 1080 976 τοῖς
1100 904 1274 977 συνδούλοις
1294 900 1387 966 αὐτοῦ

211 989 356 1052 διέδωκεν.
408 990 447 1050 Οί
474 987 505 1050 δέ
531 986 687 1051 σύνδουλοι
717 984 807 1050 αὐτοῦ
836 984 971 1067 λαβόντες
999 982 1035 1048 τδι
1063 985 1207 1066 ἐδίσματα
1229 982 1386 1092 ἐχάρησαν,

211 1072 261 1135 καὶ
280 1069 405 1152 ἤρξαντο
435 1067 570 1151 εὔχεσθαι
601 1067 675 1151 ύιτέρ
703 1066 812 1149 αὐτοῦ,
832 1071 882 1133 ἵνα
908 1069 993 1150 χάριν
1011 1071 1126 1149 μείζονα
1154 1068 1224 1155 εύρη
1244 1094 1328 1151 παρα
1347 1075 1387 1157 τῷ

212 1153 353 1241 δεσπότῃ,
382 1151 426 1216 ότι
454 1153 546 1227 ούτοος
574 1152 711 1236 ἐχρήσατο
740 1154 848 1228 αὐτοῖς.
896 1159 994 1215 Ταῦτα
1020 1149 1114 1216 πόντοι
1140 1150 1177 1215 τά
1206 1151 1387 1236 γεγονόταό

212 1235 353 1318 δεσπότης
374 1234 465 1299 αὐτοῦ
486 1234 610 1319 ἤκουσε,
637 1237 686 1299 ιιαλ
714 1234 801 1300 πάλιν
827 1239 893 1299 λίαν
920 1232 1007 1317 ἐγάρη
1037 1236 1085 1298 ἐπὶ
1103 1241 1140 1313 τῆ
1158 1233 1263 1318 πράξει
1284 1236 1386 1300 αὐτοῦ.

212 1318 467 1403 Συγκαλεσάμενος
494 1319 581 1384 πόλιν
609 1316 678 1394 τούς
697 1322 802 1398 φίλους
822 1316 840 1382 ό
861 1319 1004 1399 δεσπότης
1031 1320 1081 1382 καί
1105 1309 1158 1382 τόν
1183 1316 1254 1383 υίόν
1283 1318 1385 1397 αὐτοῦ,

212 1402 383 1490 ἀπήγγειλεν
411 1403 510 1479 αὐτοῖς
535 1401 587 1485 τὴν
614 1407 719 1485 πρᾶξιν
745 1401 838 1466 αύτοῦ
865 1400 1046 1483 δίνεέτραξεν
1074 1402 1123 1465 ἐπί
1149 1410 1211 1478 τοῖς
1231 1402 1387 1485 ἐδέσμασιν

212 1486 304 1553 αὐτοῦ
325 1483 370 1562 οίς
390 1489 499 1569 ἐλαβεν.
546 1489 586 1551 Οί
596 1487 627 1550 δέ
639 1488 680 1550 ἐτι
690 1494 799 1568 μᾶλλον
811 1483 1189 1569 συνευδόκησανγενέσθαι“
1210 1482 1264 1550 τόν
1277 1489 1386 1551 δοῦλον

213 1568 447 1657 σνγκληρονόμον
467 1578 506 1657 τῷ
529 1573 584 1657 αἷμ’
605 1568 706 1636 αὐτοῦ.
1184 1610 1185 1614 ,

296 1714 337 1770 111.
379 1704 465 1789 Λέγω
488 1700 578 1786 Κύριε
586 1709 598 1782 ,’
622 1701 677 1788 ἐγὼ
700 1700 806 1780 ταύτας
831 1700 893 1777 σάςι
921 1696 1088 1783 παραβολάς
1106 1699 1141 1764 ού
1162 1699 1295 1787 γινώσκω
1315 1698 1386 1779 ούδέ

214 1784 340 1870 δύναμαι
361 1795 476 1868 νοῆσαι,
498 1783 549 1850 ἐάν
572 1783 611 1868 μή
623 1812 673 1866 μοι
686 1784 769 1850 ἐπιλύ
845 1781 943 1859 αύτάς.
978 1781 1081 1849 Πάντα
1095 1805 1140 1848 σοι
1148 1780 1285 1865 ἐπιλύσορ,
1366 1788 1385 1863 ι’,

214 1872 264 1934 καλ
287 1871 343 1934 ὅσα
370 1867 406 1933 άν
428 1867 541 1949 λαλήσω
560 1867 629 1950 μετά
652 1877 721 1952 σοῦ,
745 1805 828 1947 δεσίέδτ
848 1889 904 1933 σοι.
941 1865 1012 1951 ,Τάς
1021 1865 1144 1943 4ἐντολάς
1164 1865 1272 1957 αύτοδ.
1286 1809 1385 1951 ‚noh

213 1953 245 2036 γέ
266 1976 292 2014 τι
314 1949 431 2036 άγαθδν
450 1950 574 2032 ποιήσης
594 1949 676 2026 ἐκτός
696 1959 749 2033 τῆς
770 1953 886 2033 ἐντολῆς
908 1956 959 2015 τοῦ
975 1957 1061 2029 θεοῦ,
1083 1956 1193 2037 σεαυτῷ
1208 1951 1386 2039 περιπατήσῃ

214 2033 303 2109 δόξαν
331 2016 551 2117 περισσοτέραν,
581 2034 630 2114 καλ
658 2035 709 2122 ἐση
731 2035 914 2140 ἐνδοξότερος
941 2031 1020 2118 παρά
1049 2041 1089 2120 τῷ
1117 2036 1180 2122 θεῷ
1208 2026 1246 2100 ού
1274 2036 1386 2117 ἔμελλες

215 2113 297 2182 εἶναι.
336 2115 409 2182 Ἐάν
434 2108 489 2181 οὖν
515 2115 673 2197 φυλάσσων
700 2115 751 2195 τάς
778 2119 895 2194 έντολας
921 2124 973 2180 τοῦ
1001 2125 1077 2182 θεοῦ
1096 2125 1231 2209 προσθῇς
1258 2120 1310 2182 καί
1331 2114 1386 2195 τάς

213 2205 391 2286 λειτουργίας
412 2199 532 2281 ταύτας,
555 2200 676 2285 γαρήση,
696 2199 747 2266 ἐάν
779 2200 906 2289 τηρήσῃς
936 2198 1027 2277 αύτάς
1047 2199 1120 2266 κατά
1141 2198 1194 2284 τὴν
1215 2198 1289 2310 ἐμίγν
1310 2201 1386 2267 ἐντο·

213 2283 277 2366 λήν.
317 2286 403 2370 Λέγω
424 2283 502 2372 αύτῷ
529 2284 629 2366 Κύριε,
650 2265 669 2350 δ’
691 2285 741 2350 ἐάν
760 2311 809 2366 μοι
831 2287 956 2391 ἐντείλγγ,
979 2284 1099 2364 φυλάξω
1120 2283 1208 2350 αὐτό·
1241 2288 1310 2349 οιδα
1330 2285 1385 2370 γάρ

214 2367 260 2432 ότι
281 2365 317 2432 σύ
336 2368 396 2452 μετ’
424 2370 495 2451 ἐμοῦ
517 2366 550 2434 εί.
584 2368 721 2452 Ἕσομαι,
753 2372 842 2451 φησί,
864 2393 934 2450 μετα
955 2376 1023 2447 σοῦ,
1046 2368 1093 2433 ὅτι
1113 2367 1248 2450 τοιαύτην
1270 2380 1385 2453 προθυ-

212 2455 282 2533 μίαν
297 2454 367 2534 ἐχεις
379 2460 431 2535 τῆς
444 2451 693 2537 άγαθοποιήσεως,
716 2454 765 2516 καὶ
779 2450 854 2556 μετά
874 2451 991 2516 πάντων
1013 2450 1045 2514 δέ
1064 2454 1175 2533 ἔσομαι,
1193 2455 1298 2534 φησίν,
1317 2451 1382 2519 ὅσοι

212 2530 319 2617 ταύτην
341 2533 394 2618 τὴν
421 2539 592 2618 προθυμίαν
618 2538 739 2618 ἔχουσιν.
784 2542 820 2599 Η
836 2539 952 2617 νηστεία
972 2533 1060 2615 αὕτη,
1083 2540 1172 2645 φησί,
1197 2538 1384 2617 τηρουμένων

213 2626 271 2682 τῶν
292 2621 415 2684 ἐντολῶν
435 2627 488 2684 τοῦ
507 2622 611 2703 κυρίου
632 2623 697 2684 λίαν
724 2619 798 2700 καλή
826 2619 909 2683 ἐστιν.
954 2617 1056 2693 Οὕτως
1084 2644 1139 2683 ουν
1165 2619 1304 2699 φυλάξεις
1332 2617 1385 2701 τὴν

213 2705 347 2783 νηστείαν
375 2698 482 2784 ταύτην
510 2701 548 2784 ἣν
575 2703 683 2784 μέλλεις
714 2711 816 2785 τηρεῖν.
862 2708 985 2785 Πρῶτον
1016 2699 1133 2767 πάντων
1163 2699 1306 2782 φύλαξαι,
1324 2700 1382 2768 ἇπδ

214 2782 322 2860 παντὸς
343 2784 469 2869 ῥήματος
488 2793 621 2869 πονηροῦ
642 2787 691 2850 καί
711 2784 807 2868 πάσης
822 2787 981 2867 ἐπιθυμίας
994 2793 1135 2869 πονηρᾶς,
1156 2784 1384 2866 καὶτιαθάρισόν

214 2866 343 2949 σαυτὴν
368 2871 492 2949 καρδίαν
520 2866 578 2935 άπὸ
609 2870 725 2935 πάντων
755 2877 812 2934 τῶν
839 2867 1048 2950 ματαιωμάτων
1067 2877 1120 2935 τοῦ
1141 2872 1249 2945 αίοῑνος
1268 2868 1384 2935 τούτου.

209 2947 285 3014 Ἐάν
305 2959 395 3016 ταῦτα
416 2951 555 3041 φυλάξης,
577 2954 655 3018 ἐσται
676 2973 722 3017 σοι
743 2951 816 3034 αὕτη
838 2950 858 3034 ἡ
880 2956 995 3034 νηστεία
1015 2955 1114 3017 τελεία.
1148 2951 1233 3027 Ούτω
1253 2953 1285 3017 δὲ
1299 2952 1384 3033 ποιή-

214 3056 290 3110 σεις·
311 3036 479 3111 συντελέσας
500 3037 535 3101 τά
556 3037 743 3140 γεγραμμένα,
763 3038 799 3100 ἐν
819 3037 914 3122 ἐκείνη
935 3043 970 3122 τῇ
992 3032 1084 3122 ἡμέρᾳ
1097 3029 1117 3124 ᾖ
1132 3037 1279 3117 νηστεύεις
1292 3035 1384 3118 μηδὲν

213 3116 302 3205 γεύση
324 3122 351 3182 εί
369 3115 420 3199 μίμ
431 3116 523 3197 άρτον,
538 3122 587 3184 καλ
609 3121 704 3200 υδωρ·
738 3120 787 3181 καλ
808 3118 841 3182 ἐκ
860 3119 931 3183 urm*
953 3118 1116 3200 ἐδεσμάτων
1136 3140 1191 3183 σου
1208 3111 1250 3184 τόν
1271 3121 1384 3202 ἔμελλες

212 3200 331 3283 τρώγειν
352 3204 516 3280 συνοψίσας
535 3200 588 3282 τὴν
607 3201 753 3282 ποσότητα
782 3209 834 3282 τῆς
853 3200 986 3284 δαπάνης
1006 3205 1118 3285 ἐκείνης
1138 3210 1191 3284 τῆς
1217 3201 1329 3285 ἡμέρας
1348 3194 1385 3285 ἧς

213 3282 325 3379 ἔμελλες
344 3290 448 3366 ποιεῖν,
471 3282 573 3360 δαίσεις
594 3281 665 3348 αὐτό
686 3282 760 3370 χήρα
780 3282 800 3367 ἢ
820 3284 942 3372 ὀρφανῷ
962 3285 983 3369 ἢ
1003 3284 1215 3374 άστερουμένφ,
1237 3287 1287 3350 κοιλ
1308 3285 1384 3351 σάτα

213 3363 495 3449 ταπεινοφρονήσεις,
513 3369 563 3432 ίυα
583 3368 615 3431 ἐκ
636 3374 688 3450 τῆς
707 3370 977 3452 ταπεινοφροσύνης
997 3391 1050 3436 σου
1071 3369 1089 3435 ό
1110 3367 1236 3451 είληφώς
1249 3367 1382 3458 ἐμπλήσῃ

212 3446 266 3532 τὴν
287 3450 392 3515 ἐαυτοῦ
413 3447 514 3534 φυγὴν
533 3452 584 3517 καὶ
606 3448 721 3533 εύξηται
739 3450 812 3536 ύπέρ
834 3460 887 3517 σοῦ
908 3451 982 3535 πρὸς
1002 3451 1054 3518 τδν
1077 3451 1186 3536 κύριον.
1211 3450 1285 3517 Ἐάν
1307 3453 1383 3519 οὕτω

212 3534 327 3622 τελέσης
353 3532 407 3616 τὴν
436 3538 569 3618 νηστείαν
589 3533 629 3609 ύίς
651 3555 697 3598 σοι
718 3534 915 3618 ἐνετειλάμην,
948 3539 1026 3600 ἐσται
1058 3534 1078 3618 ἡ
1107 3538 1201 3601 θυσία
1221 3554 1278 3600 σου
1297 3534 1384 3617 δεκτὴ

211 3615 291 3698 παρά
311 3625 351 3680 τῶ
374 3625 452 3705 θεῷ,
476 3621 526 3683 καλ
546 3621 691 3704 ἐγγραφος
711 3620 789 3685 ἐσται
809 3617 831 3699 ἦ
852 3622 967 3702 νηστεία
988 3618 1080 3700 αὕτη,
1111 3620 1161 3684 καί
1180 3616 1202 3702 η’
1221 3622 1385 3704 λειτουργία

212 3697 305 3774 οὕτως
326 3680 498 3806 ἐργαζομένη
526 3700 599 3809 καλίγ
621 3704 671 3769 καὶ
691 3700 776 3786 ίλαρά
804 3703 863 3767 ἐστι
889 3704 939 3767 καλ
965 3701 1176 3786 εὐπρόσδεκτος
1207 3707 1248 3787 τῷ
1276 3705 1375 3789 κυρίην.

216 3788 314 3848 Ταῦτα
329 3809 406 3849 ουτω
421 3784 554 3867 τηρήσεις
568 3808 605 3852 σν
619 3784 689 3867 μετά
700 3793 759 3851 τῶν
779 3786 886 3850 τέκνων
907 3807 960 3850 σου
979 3788 1029 3850 καλ
1050 3785 1121 3852 ὅλου
1142 3791 1194 3850 τοῦ
1213 3789 1299 3851 ολκου
1321 3808 1383 3851 σου.
1426 3855 1432 3866 ‚

217 3864 351 3951 Τηρήσας
372 3866 404 3931 δέ
425 3866 500 3932 αὐτὰ
514 3869 653 3951 μακάριος
666 3871 730 3956 ἐτη
753 3869 801 3934 καλ
814 3867 880 3933 ὅσοι
893 3867 931 3932 άν
947 3867 1124 3945 ἀκούσαντες
1135 3865 1210 3934 αύτδι
1227 3869 1383 3953 τηρησωσι,

210 3949 349 4034 μακάριοι
369 3951 496 4015 ἐσονται·
519 3955 569 4016 καλ
589 3953 645 4017 ὅσα
666 3951 703 4016 άν
724 3949 908 4017 ἀκούσονταί
927 3950 1007 4035 παρὰ
1019 3959 1072 4017 τοῦ
1094 3955 1209 4036 κυρίου,
1229 3951 1382 4034 λήψονται.

262 4121 290 4184 4)
309 4115 529 4187 συνηυδόιτησενι
548 4121 579 4171 ila
599 4122 666 4181 cod.;
685 4122 722 4172 ed.
742 4136 778 4185 pr.
863 4122 966 4185 Cap.ssl.
987 4120 1083 4186 1)σάς.·
1096 4123 1204 4172 siccone
1216 4123 1279 4183 οοιλ,
1292 4123 1384 4185 οοα(οι

212 4185 322 4240 συνενδ.
813 4189 851 4238 ed.
871 4190 919 4253 pr.)
936 4187 992 4245 τὰς.
1029 4191 1087 4240 Post
1102 4188 1187 4240 αὑτοῦ
1203 4190 1274 4252 plura
1293 4191 1384 4241 desunt.

263 4257 291 4316 5)
307 4256 343 4305 sic
361 4255 444 4306 codex.
865 4259 891 4311 ἰλ
907 4257 953 4306 καλ
971 4254 1001 4308 ἐκ
1021 4258 1079 4308 τῶν
1087 4272 1095 4306 .·
1118 4255 1153 4306 sic
1173 4257 1256 4306 codex.
1285 4257 1329 4307 Ed.
1347 4271 1382 4320 pr.

305 4317 392 4373 αὐτοῦ
403 4315 635 4390 οἶς--γενέσθαιι
655 4321 712 4369 haec
726 4335 779 4371 rur·
814 4319 845 4373 ἐκ
861 4319 915 4386 (δέ)
936 4326 1001 4374 τῶν.

85 4320 418 4592 ΑΜ
440 4400 502 4441 αισι.
865 4389 892 4451 3)
914 4384 1095 4443 ἀκούσονται·
1117 4391 1149 4441 λιι
1167 4390 1229 4442 τιτλε
1248 4392 1332 4443 codex.
