2886 4882
205 251 266 313 354
467 243 663 307 MARTYRIUM
689 241 716 300 S.
739 240 870 298 IGNATH.
902 238 942 294 vl.
964 238 1018 294 vn.
1039 237 1108 293 Vlll.

208 401 264 473 οῦν
286 403 303 470 ό
323 400 473 487 βασιλεὺς,
490 396 610 473 Ἐοικάς
628 422 687 478 μοι,
710 397 815 476 φησίν,
832 392 960 479 Ἰγνάτιε,
983 395 1102 470 κρίσεως
1123 391 1219 472 ὀρθῆς
1241 388 1290 450 καὶ
1312 412 1383 468 φρε-

210 491 271 564 νὸςι
292 486 382 572 άγιῶς
402 482 521 566 ἐχούσης
542 484 646 565 ἐρημος
667 478 699 543 τό
721 477 860 561 παράπαν
881 473 963 541 εῖναι.
1009 475 1054 540 Οὐ
1075 474 1129 559 γάρ
1151 473 1188 536 ἀν
1218 471 1293 535 οῦτω
1326 496 1383 550 φα-

210 580 300 655 νεροῖς
328 579 391 644 ταῖς
418 576 475 631 τῶν
499 572 681 648 Χριστιανῶν
700 571 827 647 γραφαῖς
857 559 1033 642 ἐξηπάτησο,
1062 559 1125 622 ἀλλ’
1158 560 1246 640 ἔγνως
1266 552 1384 628 πάντως

211 655 311 737 ῆλίκον
333 650 461 736 ἀγαθὸν9
483 653 642 732 βασιλικοῖς
664 651 824 711 πείθεσθαι
842 642 1014 728 διατάγμασι
1035 646 1083 706 καὶ
1105 650 1188 714 θεοῖς
1209 637 1278 720 μετά
1310 636 1385 700 πάν-

208 761 267 801 των
286 735 460 816 προσφέρειν
480 735 596 806 θυσίας.
640 728 723 811 Πρδς
744 736 834 793 ταῦτα
854 729 960 808 μείζονι
981 725 1069 790 πάλιν
1089 722 1106 788 ό
1136 724 1216 808 άγιος
1243 719 1384 804 χρησάμε-

211 845 262 894 νος
282 820 447 903 παρρησίη,
471 818 513 878 Et
532 817 583 879 καὶ
604 816 721 896 θηρίοις
744 810 907 886 ἀναλώσας,
930 812 1005 891 ἐφη,
1027 812 1053 871 εἰ
1073 809 1121 873 καλ
1143 813 1257 890 σταυρῷ
1277 830 1312 884 με
1333 831 1384 867 κα-

209 910 359 983 τακρινεῑς,
382 904 408 964 εί
428 901 478 963 καί
500 897 578 985 αὐτῷ
600 899 689 977 ξίφει3
710 897 760 958 καί
777 895 848 977 πυρί
867 891 1059 973 παραδώσεις,
1083 893 1169 971 άτῆς
1183 897 1237 970 σῆς
1251 889 1386 963 ἐξουσίας

210 987 302 1062 ἐστίν,
324 983 379 1048 οῦκ
399 982 436 1046 άν
455 1006 525 1046 ποτε
545 983 656 1046 θυσίαν
677 976 731 1062 ἐγώ
754 982 871 1058 δαίμοσι
891 984 1092 1083 προσενεγκεῖν
1121 970 1288 1054 ἀνάσχοιμι·
1318 969 1385 1033 οῦτε

209 1067 264 1154 γάρ
287 1067 417 1131 θάνατον
438 1065 573 1142 δέδοικα,
596 1061 662 1127 οὔτε
680 1069 768 1126 ποθῶ
790 1060 825 1125 τά
844 1061 973 1142 παρόντα
993 1085 1035 1123 ων
1064 1056 1146 1140 άμεῖς
1176 1054 1272 1133 κύριοι
1298 1055 1385 1135 παρί-

209 1176 269 1233 χειν
289 1150 341 1225 τάς
361 1148 547 1223 ἀπολαύσεις·
581 1144 652 1210 ἀλλά
672 1153 730 1210 τοῖν
750 1143 911 1225 μελλόντων
932 1145 1049 1224 ἐφίεμαι
1068 1145 1176 1223 μόνων,
1198 1141 1247 1202 καὶ
1269 1135 1385 1217 σπουδῆ

210 1260 259 1315 μοι
282 1240 362 1298 πᾶσα
382 1230 456 1314 πρὸς
476 1229 528 1295 τόν
548 1227 621 1312 ῦπέρ
644 1234 715 1310 ἐμοῦ
738 1225 930 1292 ἀποθανόντα
951 1229 1087 1308 διαβῆναι
1111 1222 1245 1307 Χριστόν.

295 1382 348 1438 vu,
386 1369 456 1451 Ἐφ’
481 1366 527 1446 οἷς
546 1372 576 1446 ἐξ
598 1369 755 1454 ἀγχινοίαςι
779 1370 873 1449 δῆθεν
893 1364 914 1448 ἦ
936 1365 1095 1451 σύγκλητος
1109 1367 1299 1445 ἐπιλαβέσθαι
1317 1365 1387 1442 βου-

211 1458 316 1537 λομένη
338 1461 390 1518 τοῦ
411 1452 567 1537 μάρτυρος,
595 1458 631 1517 Τί
650 1452 681 1515 δέ
702 1459 922 1554 συνομολογεῖς,
945 1452 1075 1532 ἐφησαν,
1102 1451 1152 1513 καὶ
1174 1445 1262 1521 αὐτὸς
1282 1443 1385 1509 τεθνά·

212 1567 262 1604 ναι
282 1561 335 1603 σου
357 1536 408 1602 τόν
428 1536 517 1615 θεόν,
552 1538 611 1601 Καὶ
632 1543 695 1610 πώς
716 1533 753 1598 ἀν
775 1533 792 1599 ά
812 1545 944 1598 θανατον
965 1532 1092 1608 ἀποστὰς
1107 1534 1157 1596 καὶ
1170 1530 1302 1596 θάνατον
1319 1526 1387 1592 έπά-

211 1648 316 1706 ρατον,
338 1614 437 1695 οὖτος’
459 1622 573 1704 ἐτέρους
594 1619 743 1699 ὠφελῆσαι
764 1616 889 1693 δυνατός
910 1620 1003 1700 ἐσται,·
1039 1621 1078 1679 Οί
1097 1618 1164 1680 θεοί
1186 1615 1216 1678 δέ
1238 1611 1386 1676 ἀθάνατοί

212 1731 242 1769 τε
262 1707 317 1769 εῖσὶ
337 1706 386 1767 καί
414 1702 477 1785 παρ’
507 1701 592 1783 ῆμῶν
618 1704 756 1786 λέγονται.
796 1701 850 1765 Ἐκ
878 1699 982 1764 τοῦτον
1011 1700 1169 1782 λαβόμενος
1198 1698 1346 1780 ἀφορμῆς3
1369 1692 1386 1757 ὅ

212 1797 296 1860 θεῖος
322 1785 476 1870 Ἰγνάτιος,
501 1784 575 1850 ὥστε
605 1783 681 1866 όμοῦ
709 1785 761 1866 μὲν
786 1782 854 1858 τοῦς
882 1785 1000 1848 ἐκείνων
1028 1786 1250 1864 διαμυκτηρίσαι
1283 1776 1385 1853 θεοὺς,

214 1870 288 1950 όμοῦ
310 1869 341 1930 δέ
361 1871 411 1933 καὶ
431 1875 484 1932 τοῦ
501 1875 554 1948 τῆς
574 1870 743 1948 οἰκονομίας
773 1871 933 1949 μυστηρίου
962 1865 1061 1949 θόρον
1082 1866 1182 1941 αῦτοῖς
1201 1866 1384 1946 παρανοῖξαι,

118 2037 120 2040 ἡ
212 1955 264 2015 καί
285 1950 377 2025 οὕτως
405 1953 446 2025 είς
471 1954 568 2014 πίστιν
595 1957 803 2056 χειραγωγῆσαι
831 1957 883 2030 τῆς
909 1957 961 2013 τοῦ
985 1957 1113 2032 Χριστοῦ
1139 1950 1288 2034 γνώσεως,
1310 1945 1387 2009 οὕτω

215 2038 338 2097 διετίθει
361 2031 431 2107 τοῦς
452 2030 571 2116 λόγους·
594 2058 610 2095 ο
635 2035 703 2113 ἐμος
724 2032 824 2115 κύριος
845 2034 894 2095 καί
914 2031 987 2108 θεὸς
1005 2032 1119 2115 Ἰησοῦς
1142 2031 1267 2138 Χριστὸς
1287 2036 1388 2111 πρῶτα

211 2117 267 2211 μὲν
289 2115 446 2198 άνθρωπος
468 2117 577 2200 ἐγένετο
599 2114 639 2178 δι’
668 2113 746 2219 ἡμᾶς
766 2118 815 2179 καί
835 2114 889 2196 τὴν
916 2121 1060 2200 σωτηρίαν
1086 2114 1139 2198 τῆν
1161 2117 1316 2198 ημετέραν,
1338 2113 1387 2175 καί

214 2197 341 2281 σταυρόν
366 2197 538 2264 ἐθελούσιον
567 2199 616 2262 καὶ
649 2208 781 2262 θανατον
808 2201 857 2262 καλ
883 2199 980 2282 ταφῆν
1007 2201 1188 2276 κατεδέξατο·
1221 2196 1296 2278 πλῆν
1326 2192 1384 2257 ἀλλ’

214 2280 319 2363 ἀνέστη
338 2283 426 2345 πάλιν
446 2285 544 2367 τρίτην
563 2280 673 2365 ἡμέραν
693 2289 746 2345 τοῦ
768 2283 876 2367 ἐχθροῦ
897 2281 930 2347 τδ
952 2280 1057 2367 κράτος
1077 2279 1254 2364 καταβαλών,
1276 2279 1325 2341 καί
1346 2279 1388 2351 είς

214 2363 359 2448 οάρανοῦς
373 2363 512 2447 ἀνῆλθεν,
524 2364 599 2429 ὅθεν
614 2365 778 2446 ἐληλυθεν,*
791 2367 1009 2448 συναυαστῆσας
1022 2366 1099 2449 ῆμῦς
1113 2374 1165 2430 τοῦ
1181 2373 1233 2447 τῆς
1247 2361 1387 2443 ἆμαρτῖᾱς

213 2445 366 2530 πτώματος
387 2449 436 2512 καλ
457 2448 616 2565 εἰσαγαγών
637 2444 728 2524 αὖθις
748 2451 790 2524 είς
809 2447 861 2513 τόν
888 2451 1078 2534 παράδεισον,
1101 2447 1136 2513 οὗ
1158 2456 1255 2521 κακῶς
1276 2442 1386 2525 ἐξεβλή-

213 2541 320 2612 θημεν,
341 2533 391 2595 καί
410 2535 518 2612 μείζοσι
549 2540 608 2596 τῶν
628 2535 775 2616 προτέρων
789 2531 927 2618 ἀγαθοῖς6
948 2532 1159 2618 δωρησάμενος.
1193 2533 1261 2594 Ὅτι
1277 2529 1307 2590 δὲ
1329 2552 1385 2589 τοι-

214 2613 304 2678 οῦτόν
326 2640 354 2677 τι
374 2620 432 2678 τοῖν
452 2613 521 2697 παρ’
546 2613 616 2696 ῦμῖν
637 2617 831 2697 νομιζομένων
852 2623 934 2681 θεοῖν
953 2643 996 2692 τις
1010 2617 1193 2691 ἐπεδείξατο,7
1216 2613 1313 2685 οὐδεὶς
1329 2617 1386 2673 τῶν

214 2696 330 2763 πάντων
359 2695 396 2759 ἀν
425 2698 609 2780 ίσχυρίσαιτο.
643 2695 817 2779 ’Ἄνθρωποι
836 2697 890 2782 γάρ
912 2691 993 2763 οὗτοι
1019 2704 1177 2781 κακοῦργοι
1206 2698 1313 2776 κομιδῆ
1338 2694 1387 2756 καί

215 2788 341 2862 φθορεῖς
362 2776 525 2863 γενόμενοι,
554 2779 604 2842 καὶ
623 2777 714 2842 πολλά
734 2781 782 2843 ἐπὶ
809 2779 904 2867 βλάβη
932 2783 981 2844 καί
1002 2784 1154 2864 διαφθορᾷ
1176 2785 1228 2857 τῆς
1248 2775 1388 2857 η’μετὲρας

214 2869 289 2943 ζωῆς
309 2886 337 2924 τε
368 2861 417 2923 καὶ
444 2869 496 2941 τῆς
524 2860 722 2935 καταστάσεως
751 2861 939 2946 ἐργασάμενοι
969 2861 1074 2943 μικράν
1095 2887 1159 2924 τινα
1188 2859 1276 2934 δόξαν
1306 2866 1388 2922 θεῶν

214 2948 264 3010 καὶ
285 2946 447 3024 φαντασίαν
467 2950 527 3017 τοῖς
548 2941 735 3028 ἀλογωτέροις
768 2953 826 3008 τῶν
854 2944 1022 3027 ἀνθρώπων
1051 2942 1215 3028 ἀλογώτατα
1244 2941 1386 3024 παρασχό-

212 3054 302 3112 μενοι,
324 3022 387 3090 εέτοῐ
404 3033 462 3091 τών
481 3026 746 3109 παραπετασμάτων
765 3026 885 3108 ὕστερον
911 3034 963 3109 τῆς
985 3026 1096 3108 ἀπάτης
1117 3028 1386 3090 συνελκυσθέυτων·

215 3111 410 3194 ἐξαιρεθείσης
431 3133 460 3171 τε
489 3116 541 3188 τῆς
561 3116 671 3209 ηκηνῖχς
691 3108 762 3190 ὅπερ
783 3100 860 3189 ἦσαν
880 3107 1072 3194 ῆλέγχθησαν,
1101 3113 1223 3192 αἰσχρῶς
1249 3108 1299 3173 τὸν
1320 3113 1387 3191 βίον

216 3191 407 3266 ἀπολιπόντες
426 3191 476 3253 καλ
495 3199 617 3272 θανατῳ
646 3189 695 3253 διά
716 3189 770 3274 τὴν
791 3198 849 3256 τῶν
868 3201 984 3257 πολλῶν
1004 3192 1149 3257 ἀπώλειαν
1171 3191 1311 3256 ἀθανάτω
1333 3220 1387 3255 πα-

214 3275 396 3360 ραδοθέντες.
419 3270 546 3374 ’Ἀμέλει
573 3274 623 3338 καλ
646 3272 720 3348 Ζεὺς
748 3274 800 3354 μέν
828 3273 846 3338 ό
869 3285 982 3359 πρῶτος
1004 3274 1086 3358 ῦμῖν”
1109 3278 1158 3340 καὶ
1179 3260 1309 3360 μέγιστός
1330 3283 1387 3338 τῶν

215 3364 297 3421 θεῶν
317 3356 349 3418 ἐν
362 3362 461 3442 Κρητη
483 3355 635 3432 τέθαπται,
653 3354 829 3438 Ἀσκληπιός
851 3358 883 3421 δέ
904 3368 1036 3445 κεραυνῷ
1057 3361 1200 3442 βέβληται,
1211 3359 1386 3439 Ἀφροδίτης

214 3437 234 3502 ό
263 3438 367 3542 τάφος9
396 3438 428 3543 ἐμ
455 3435 555 3524 Πάφῳ
583 3442 746 3516 δείκνυται,
776 3443 826 3504 καί
853 3439 913 3506 ῦπδ
943 3443 1037 3527 πυρὸς
1065 3442 1208 3525 Ἡρακλῆς
1235 3440 1385 3505 ἀνάλωται.

220 3528 367 3598 Ίθιοντων
379 3546 433 3604 γαρ
451 3519 580 3605 ἀληθῶς,
603 3529 711 3604 μᾶλλον
724 3523 756 3586 δέ
769 3524 820 3588 καί
835 3530 955 3612 πολλῷιθ
967 3525 1104 3608 χειρόνων
1117 3526 1152 3589 τά
1173 3528 1291 3589 ἐκείνων
1311 3523 1385 3600 ἀξια.

217 3749 235 3773 Η
298 3677 362 3770 vljl.
408 3667 525 3772 Τοίηων
558 3670 633 3736 οῦτω
658 3674 814 3756 ’ῥηθέντων
838 3673 968 3760 Ἰγνατίφ
996 3682 1054 3740 τών
1083 3674 1178 3760 λόγων
1206 3673 1225 3739 ό
1253 3672 1387 3757 βασιλεὺς

216 3776 276 3831 αμα
303 3775 339 3836 τη
370 3759 519 3839 συγκλητφ
548 3757 660 3832 δείσας,
683 3754 723 3838 μῆ
752 3765 806 3839 τῆς
834 3758 983 3833 διαλέξεως
1005 3761 1054 3834 είς1
1083 3762 1171 3824 πλέον
1192 3759 1387 3840 ἐκτεινομένης

214 3833 394 3914 διασεισθείη
414 3834 468 3941 μέγ
487 3834 522 3939 τίη
539 3833 686 3918 Ἑλλήνων
712 3840 763 3902 καλ
789 3837 863 3921 πρὸς
889 3838 1037 3904 ἀπιστίαν2
1064 3840 1085 3923 ῆ
1113 3843 1163 3906 καί
1191 3840 1388 3926 μνκτηρισμὸν

212 3913 417 4019 ἀποβλέηειεν,
439 3921 577 3998 ανθησειΒ
599 3920 631 3983 δέ
657 3919 693 3984 τά
720 3929 772 4002 τῆς
800 3921 948 4002 εὐσεβείας
973 3925 1023 3986 καί
1049 3924 1082 3988 τδ
1115 3927 1286 3990 ἐπισκοτοῦν
1313 3923 1387 4004 αῦτῆ

214 4023 268 4077 της
285 4006 396 4079 πλανης
424 4000 513 4079 νέφος
541 4001 703 4085 ἐξαιρεθείη
712 4007 733 4079 ‚⁴
754 4010 857 4067 τοῦτον
885 4005 937 4084 μέν
964 4003 1023 4071 ἀπὸ
1052 4010 1169 4089 δεσμοῖς
1194 4009 1243 4070 καλ
1271 3989 1389 4093 φρουρξῖ

215 4142 423 4161 ...αι-.-

268 4228 327 4312 Εθλξ
344 4233 380 4281 Vl·
400 4232 442 4311 ιί)
460 4233 571 4298 φρενῶς
585 4235 613 4285 N·
869 4240 980 4301 Cap.V11.
1000 4238 1052 4303 1)ἀ
1074 4238 1184 4296 νοίαςΕ,
1195 4239 1260 4301 quod
1272 4249 1385 4302 praestat.

312 4301 430 4360 αγαθωυ
447 4300 474 4346 Ν.
809 4352 812 4359 ,
868 4305 896 4367 2)
912 4303 1001 4362 οὕτως
1017 4307 1042 4360 Α,
1071 4306 1098 4355 Ν.

78 4292 292 4596 ῆβέ
310 4361 343 4408 lta
361 4363 440 4425 AEN,
459 4360 540 4432 ξῆφει
559 4364 620 4427 Cot„
639 4366 701 4416 cler.
868 4370 900 4435 3)
913 4368 1046 4439 ἀφορμὴν
1063 4371 1090 4420 Ε.
