2886 4882
193 245 254 307 404
352 242 601 303 mmmm.
623 240 819 299 POLYCXRPL
848 239 927 296 XVII.
950 238 1039 296 XVXl.
1060 237 1126 295 ΧΙΧ.
1149 236 1201 293 ΧΧ

194 400 354 506 μελλόντων
383 399 467 483 ημῶν
493 401 525 464 έκ
545 407 597 463 τοῦ
619 396 713 482 πυρός
739 395 911 502 λαμβάνειν
922 395 1132 504 ἀγνοοῦντες,
1156 393 1200 457 ὅτι
1230 389 1294 455 οότε
1316 389 1368 455 τόν

195 486 323 591 Χριστόν
343 508 412 549 ποτε
433 492 599 548 καταλιπεῖν
621 481 836 585 δυνησόμεθα·
839 479 891 545 τόν
911 476 983 563 ὑπὲρ
998 487 1051 560 τῆς
1068 485 1121 542 τοῦ
1136 502 1244 550 κοντος
1255 497 1367 557 κοσμου

192 578 251 635 τοῖν
270 571 436 649 σωζομένων
467 570 609 651 σωτηρίας
635 565 773 630 παθόντα
802 563 935 671 [άμωμον
954 563 1028 644 ῦπλρ
1058 559 1281 644 άμαρτωλιῦν],“
1302 559 1368 622 οὔτε

194 653 291 737 ἕτερόν
312 678 375 716 τινα
406 652 569 754 σέβεσθαι.
600 658 711 716 Τοῦτον
739 650 792 757 μὲν
820 647 874 732 γάρ
901 645 1017 712 υίδν”
1001 672 1070 710 οντα
1100 652 1152 707 τοῦ
1176 648 1252 707 Θεοῦ
1279 665 1367 725 προσ-

194 743 353 842 κυνοῦμεν
379 733 449 809 τοῦς
479 736 510 798 66
531 731 692 841 μάρτυρας,
726 732 765 809 οἱς
786 729 922 835 μαθητάς
950 732 999 795 καὶ
1020 726 1145 833 μιμητάς
1173 735 1225 791 τοῦ
1252 730 1366 810 κυρίου

232 826 350 928 απῦμεν
370 817 512 894 άξίως,”
494 843 578 882 ενεκα
598 817 714 891 εὐνοίας
735 814 954 921 ἀνυπερβλήτου
974 822 1027 896 τῆς
1049 810 1138 888 είς
1110 838 1161 876 τον
1191 814 1268 874 ίδιον
1288 815 1368 892 βασι-

193 817 243 967 666
263 905 313 966 καῖ
334 894 569 965 διδάσκαλον·
546 929 588 966 ων
608 902 717 987 γένοιτο
739 898 830 967 καλ
809 907 888 982 ημᾶς
909 896 1136 983 σνγκοινωνοός5
1163 919 1193 958 τε
1221 896 1270 957 καὶ
1300 915 1368 976 συμ-

194 984 330 1068 μαθητάς
349 1010 399 1070 γεν
400 986 495 1049 έσθοιι.

389 1127 477 1182 XVIII.
522 1128 668 1199 Ροίςοοηιί
688 1144 788 1199 corpus
809 1127 987 1181 comburitur.
1031 1125 1183 1196 Reliquiae.

274 1232 360 1297 Ἰδὼν
381 1225 436 1296 οῦν
457 1259 473 1296 ο
466 1229 742 1339 [ἑκατόνταρχος]ι
764 1234 920 1314 κεντυρίων
941 1230 1021 1334 666²
1028 1238 1087 1294 τῶν
1113 1228 1264 1292 Ἰουδαίων
1293 1253 1370 1312 γενο-

196 1317 286 1423 μένην
301 1319 503 1423 φιλονεικίαν,
525 1314 591 1390 θεὶς
612 1313 703 1379 αὐτόν
724 1316 756 1378 έν
777 1315 853 1418 μέσῳ
874 1322 926 1378 τοῦ
948 1313 1042 1396 πυρός
1063 1316 1191 1378 έκαυσεν.
1236 1310 1321 1375 Οῦτω
1342 1337 1371 1374 τε

194 1398 279 1483 ἡμεῖς
294 1400 420 1507 ὕστερον
446 1397 612 1509 ἀνελόμενοι
640 1397 675 1461 τά
701 1396 854 1506 τιμιώτερα
881 1402 974 1463 λίθων
994 1405 1157 1462 πολυτελῶν
1178 1396 1227 1458 καῖ
1249 1394 1369 1500 δοκιμά-

186 1507 263 1590 τερα
283 1483 356 1589 ῦπὲρ
384 1487 502 1589 χρυσίον
529 1481 601 1547 ὀστᾶ
623 1484 723 1560 αὐτοῦ,
747 1480 961 1630 άπεθέμεθα“
944 1508 1019 1546 οπου
1048 1484 1096 1546 καλ
1125 1479 1295 1544 ἀκόλουθον
1323 1506 1368 1560 ην

186 1565 335 1633 Ἔνθα
311 1595 351 1643 ως
372 1564 538 1632 δυνατόν
517 1576 638 1673 ημῖν
610 1567 852 1652 συναγομένοιςέ
852 1594 870 1631 ν
864 1565 1054 1676 ἀγαλλιάσει
1084 1567 1133 1629 καί
1153 1570 1226 1650 χαρᾷ
1256 1565 1370 1644 παρέξει

197 1648 215 1714 6
219 1650 350 1756 κύριος
356 1652 493 1716 ἐπιτελεῖν
513 1677 567 1732 την
586 1658 638 1715 τοῦ
657 1649 872 1758 μαρτνρίου’
837 1658 928 1715 αυτοῦ
948 1649 1058 1757 ἡμέραν
1078 1628 1245 1758 γενέθλιον,
1270 1650 1311 1721 είς
1342 1671 1370 1709 τε

196 1730 250 1816 τὴν
263 1742 323 1799 τῶν
334 1734 509 1817 τ’γθληκότων
519 1735 645 1817 μνήμην,
659 1735 709 1798 καί
725 1741 782 1797 τῶν
793 1733 953 1814 μελλόντων
965 1737 1087 1816 ασκησίν
1098 1758 1126 1797 τε
1137 1734 1187 1797 καλ
1198 1733 1370 1812 ἕτοιμασίαν.

529 1893 593 1947 ΧλΧ.
638 1895 713 1950 Laus
734 1894 884 1966 Ρολγοοιμῖ
904 1897 1044 1966 martyras

283 2005 410 2062 Τοιαῦτα
431 1997 466 2062 τά
493 1996 567 2062 κατόι
594 1996 646 2062 τόν
675 1996 818 2100 μακάριον
841 2000 1085 2103 Πολόκαρπον,
1077 2001 1110 2105 ῦς
1141 1999 1196 2106 σῦγ
1223 2007 1284 2074 τοῖς
1313 1997 1370 2062 άπό

198 2084 394 2182 Φιλαδεληίας
421 2082 625 2156 δωδέκατοςέ
625 2108 643 2144 ν
656 2080 899 2231 266666g
820 2083 1023 2167 μαρτυρήσας,
1052 2083 1141 2165 μόνος
1169 2082 1225 2149 ότιδ
1254 2083 1372 2190 πάντωγ

195 2162 425 2269 μνημονεύεται,
444 2165 515 2230 ὥστε
536 2166 586 2267 καλ
608 2162 666 2229 ῦπό
688 2192 746 2230 των
781 2169 899 2230 θνῦνέ
901 2171 1024 2277 νπαγτλ
1044 2168 1124 2233 τόπω
1145 2176 1313 2231 λαλεῖσθαι
1335 2165 1371 2270 06

195 2246 287 2354 66606
308 2247 481 2325 διδάσκαλος
522 2248 656 2331 ενόμενος
678 2251 827 2332 έπίσημος,
847 2249 919 2315 άλλά
940 2254 990 2357 κρῖ
1010 2252 1120 2359 μάρτυς
1147 2254 1251 2333 έξοηος,
1278 2243 1313 2313 οῦ
1335 2248 1368 2312 τό

194 2331 350 2436 μαρτύριον
370 2333 476 2409 πάντες
495 2277 693 2438 έόιιθνμοῦσιν
713 2343 881 2415 μιμεῖσθαι,
903 2333 976 2399 κατά
996 2334 1029 2400 τό
1052 2335 1216 2446 εόαγγέλιογ
1240 2341 1368 2437 Χριστοῦ

193 2414 356 2500 γενόμενον.
399 2416 458 2480 Au}
477 2425 539 2522 τῆς
550 2415 702 2523 ῦπομονης
729 2416 784 2502 γάρ
814 2417 1081 2527 καταγωνισάμενος
1109 2417 1160 2483 τόν
1190 2415 1338 2483 άδικον”
1320 2444 1368 2520 αρ-

194 2523 304 2647 μυῖα,
317 2502 365 2564 καὶ
393 2500 485 2576 οὕτως
511 2498 563 2564 τόν
592 2507 645 2582 τῆς
672 2500 843 2606 όιερθαρσίμς
872 2504 1014 2583 στέφανον
1040 2500 1201 2607 άπολαβτόν
1225 2501 1280 2567 σῦν
1310 2509 1368 2574 τοῖς

254 2582 367 2659 στόλοις
387 2587 437 2648 καλ
457 2591 530 2648 πᾶσι
549 2587 675 2660 δικαίοις
695 2583 920 2690 άγαλλιρόμενος,
943 2590 1014 2663 δοξα
1006 2583 1101 2663 ’ζει
1072 2613 1124 2650 τον
1149 2583 1225 2650 Θεὸν
1244 2587 1294 2649 καλ
1314 2611 1367 2646 πα

193 2666 269 2750 τέρα,
291 2670 342 2732 καλ
361 2666 475 2783 εῦλογεῖ
492 2666 545 2732 τόν
565 2664 667 2771 κόριον
696 2665 781 2772 6666
799 2666 915 2750 Ἰησοῦν
937 2669 1066 2775 Χριστόν
1093 2667 1144 2733 τόν
1174 2676 1288 2751 σωτῆρα
1310 2674 1367 2730 τῶν

193 2757 299 2854 ψυχῶν
311 2748 411 2854 ἡμῶν,
413 2753 494 2814 8καλ
514 2749 693 2833 κυβερνήτην
712 2759 771 2815 τῶν
790 2751 931 2832 σωμάτων
951 2751 1050 2836 ἡμῶν,
1081 2754 1130 2816 καλ
1161 2752 1285 2834 ποιμένα
1315 2758 1367 2831 τῆς

193 2829 267 2896 κατά
287 2859 340 2914 την
361 2834 534 2915 οἰκουμένην
554 2841 716 2916 καθολικῆς
737 2836 909 2917 ἐκκλησίας*

473 2993 527 3050 XX.
569 2995 665 3052 Mittite
685 2995 758 3052 λοκο
778 2997 920 3069 epistolam
941 2996 1084 3068 frutribus

276 3097 381 3205 mk.
395 3092 520 3183 μένοιεν
527 3099 686 3205 ἠξιώσατε
708 3099 757 3165 διά
777 3100 920 3168 πλειόνων
940 3096 1158 3184 δηλωθῆναι’
1138 3106 1208 3181 υμῖν
1229 3098 1265 3163 τά
1287 3099 1366 3185 γενό-

193 3202 281 3287 μενα
310 3180 394 3288 ἡμεῖς
413 3185 445 3247 66
465 3181 539 3247 κατά
568 3181 600 3246 τό
620 3183 715 3267 παρόν
747 3186 794 3248 έπλ
824 3188 972 3294 κεφαλαίω
985 3187 1206 3294 66666666666
1235 3182 1284 3247 διά
1314 3193 1366 3248 τοῦ

194 3261 373 3342 άδελφοῦ
352 3294 371 3347 η
473 3264 611 3370 M66uov.
666 3267 830 3346 Μαθόντες
861 3263 916 3334 οῦν
944 3277 1035 3335 ταῦτα
1064 3270 1114 3332 καὶ
1143 3277 1203 3344 τοῖς
1234 3269 1366 3373 ἒπέκειγα

194 3346 332 3453 ἀδελφοῖς
347 3374 404 3453 την
432 3346 585 3431 ἐπιστολὴν
610 3353 877 3459 διαπέμψμσθε,ῑ”
863 3381 912 3418 ινα
931 3355 981 3418 καί
1002 3337 1108 3418 ἐκεῖνοι
1138 3355 1209 3429 δοξα
1201 3351 1343 3427 ’ζωσιν
1315 3378 1365 3414 τον

193 3429 303 3533 κόριον,
325 3430 377 3496 τόν
398 3432 516 3519 ἐκλογάς
535 3440 677 3498 ποιοῦντα
699 3433 756 3500 άπό
777 3444 835 3500 τῶν
857 3440 940 3502 ἰδίων
962 3436 1082 3502 δοόλων.
1129 3437 1190 3520 Τῷ’
1203 3435 1364 3539 δυναμένῳ

193 3510 303 3589 πάντας
323 3514 399 3596 ἦμῦς
409 3520 607 3625 εἰσαγαγεῖν
601 3519 632 3581 ἐν
653 3526 707 3623 τῇ
710 3516 802 3625 αῦτρῦ
823 3519 919 3625 γάριτι
937 3523 987 3584 καί
1008 3523 1117 3623 δωρεᾷ
1123 3515 1210 3591 είς
1178 3544 1232 3596 την
1245 3503 1365 3581 αἰώνιόν

193 3596 284 3661 αὐτοῦ
304 3602 462 3706 66666666,
485 3605 534 3665 δια
555 3626 607 3665 του
594 3599 780 3676 ’παιδός’
746 3611 836 3668 αυτοῦ
849 3611 904 3669 τοῦ
916 3609 1091 3708 μονογενοῦς
1109 3598 1205 3704 Ἰησοῦ
1221 3607 1364 3682 Χριστοῦ

193 3671 218 3767 6
234 3707 257 3783 η
249 3677 358 3783 δόξα,
380 3682 465 3764 τιμὴ,
476 3683 614 3788 κράτος,
636 3685 831 3791 μεγμλοσόνη,
854 3689 896 3761 είς
916 3689 1032 3759 αίοῖνας.
1070 3681 1171 3767 Ἀμήν
1191 3690 1364 3790 Προσαγο

191 3747 286 3871 ρεῦετε
306 3762 417 3842 πάντας
436 3765 504 3868 τοῦς
534 3764 643 3852 άγίους
685 3766 775 3849 ’Υμῦς
796 3770 826 3832 οί
852 3767 907 3832 σῦν
927 3765 996 3851 ἡμῖν
1016 3765 1291 3853 προσαγορεύουσιν,
1314 3769 1363 3831 καί

197 3845 366 3968 Εὐάρεστος,
389 3847 550 3933 όγράψας,
572 3854 713 3916 πανοικεί.

244 3998 272 4063 4)
290 3999 467 4050 Parenthesis
462 4009 505 4050 ιοιο
525 4000 760 4062 nequuinEusebio
846 3996 904 4079 Cu6.
929 3998 1008 4048 XXX!
1052 3997 1078 4063 1)
1104 3999 1163 4048 Cod
1189 3999 1255 4047 vind.
1278 4012 1361 4046 vocem

194 4064 301 4125 hahetur,
320 4083 397 4131 neque
410 4068 535 4126 λολλιιλλιιο,
553 4082 631 4131 neque
645 4068 760 4117 inuenere
795 4060 1023 4147 [ἑκατόνταρχος]
1042 4080 1090 4114 non
1110 4064 1257 4113 exhibet
1222 4073 1257 4112 tes
1260 4073 1281 4113 ιε
1299 4065 1344 4113 λοι,

192 4140 276 4181 nostro
287 4133 427 4197 λοιετρεοῑο.
438 4136 513 4185 λλκειι
518 4105 759 4213 Ιλιιιοερολτμιλολοεε
847 4132 874 4194 2)
893 4128 944 4196 τὴν
963 4132 1110 4181 necessita
1129 4129 1196 4178 vind.

191 4196 286 4248 videtur
304 4216 316 4248 a
334 4201 432 4250 librario
450 4203 570 4266 quopiam,
589 4214 759 4263 qu11nun1mo
844 4199 902 4262 Cup
925 4198 993 4248 xlx·
1020 4197 1046 4260 λ)
1071 4196 1187 4247 Eusebius
1209 4195 1280 4245 habel
1303 4192 1361 4247 66-

192 4260 295 4315 habebat
312 4267 398 4317 λΡοῑε
417 4269 441 4329 3,
462 4269 564 4318 1616.
794 4262 871 4318 δεκα
897 4266 966 4330 Apud
986 4263 1245 4316 EusebiumStrothius
1234 4272 1289 4312 οι
1304 4264 1362 4313 Hei·

243 4330 918 4393 5)1ulac.exc0d.1‘aris.etEuseh.niuhuuius
954 4332 1065 4411 exhibe6t
1096 4324 1209 4381 δώδεκα
1241 4333 1301 4389 τοῖς
1331 4328 1362 4383 έν

191 4405 216 4457 1>
231 4397 380 4457 κοινωνοὺς
397 4402 459 4464 vulg.
792 4393 911 4471 Σμύρνη
925 4392 1131 4470 μαρτυρήσασι.
1153 4398 1201 4449 λιι.

97 4550 269 4602 Α
