2886 4882
497 224 671 286 noronte
691 224 861 287 uetstotn
889 225 955 284 xxt.
1270 226 1310 288 45

124 390 128 395 ’
165 393 216 470 leis
232 391 447 462 cumulabitur3
469 394 602 467 quivero
627 392 678 450 elie
699 393 821 469 elegerit,
843 391 925 450 simul
938 408 1000 449 cum
1021 393 1078 450 suis
1094 393 1224 468 operibus
1239 396 1311 469 peri·

163 488 186 535 ι
214 478 374 552 Propterea
398 476 588 545 resurreetio,
609 485 756 552 propterea
778 475 931 534 retributio.
974 475 1050 550 llogo
1072 493 1136 546 vos,
1169 492 1310 553 proceres,

161 562 254 618 ilnee
276 559 441 617 voluntatis
462 575 538 617 meae
560 559 704 616 consilium
732 561 858 633 occipere
879 559 987 616 uelitis:
1017 559 1137 616 habeatis
1160 561 1309 634 vobiscum,

158 644 294 719 aquibus
317 642 493 712 laboratis,
523 659 557 699 ne
585 659 633 699 eos
662 642 865 716 derelinquetis.
910 642 999 715 l‘ropo
1027 642 1096 698 enim
1119 651 1161 698 est
1183 644 1256 714 dies,
1283 647 1309 702 in

157 727 287 801 premuia
321 743 394 783 eum
425 724 497 782 malo
527 725 665 800 peribunt.
708 726 798 799 Prope
829 733 872 782 est
894 724 1075 780 Dominuset
1104 740 1211 781 merces
1240 729 1308 789 eius.

155 811 209 868 l·-
226 819 315 884 etque
342 809 430 866 etiam
452 824 519 883 rogo
540 824 603 864 vos:
626 809 805 880 estote-vohis
828 807 893 864 boni
906 805 1085 881 legislatores,
1106 805 1181 862 vohis
1202 818 1309 867 menete

155 895 273 951 nolierii
298 891 419 959 fideles,
442 890 528 948 tollite
550 908 583 948 ex
602 891 681 948 vobis
704 907 811 948 omnem
833 890 1011 966 hypocrisim.
1054 889 1125 946 lleus
1147 898 1243 959 autem,
1264 893 1310 964 qui

155 984 249 1036 ι’κτοο
268 975 387 1034 mundo
404 974 565 1044 dominetur,
588 974 634 1031 det
647 974 724 1032 vobis
737 975 904 1049 sapientiam,
927 974 1076 1040 scientium,
1097 971 1309 1046 intelligentiam,

153 1062 316 1136 emtionem
339 1058 531 1115 mendatorum
552 1073 680 1124 suorum,
710 1075 771 1115 cum
793 1057 1000 1133 perseverantia.
1041 1055 1199 1112 llllieiamini
1222 1063 1310 1113 autem

152 1146 199 1201 heti
220 1162 237 1201 ο
258 1144 345 1211 neo,
378 1141 553 1216 exquirentes
575 1140 641 1214 quid
663 1156 677 1196 a
699 1142 776 1198 vohis
801 1140 922 1216 requiret
943 1140 1086 1208 llominus3
1108 1146 1135 1195 et
1157 1136 1257 1196 ellleite
1282 1147 1312 1197 ut

153 1229 192 1285 ἀπ’
210 1230 276 1284 sitis
296 1227 331 1281 in
355 1223 403 1281 dio
424 1223 526 1280 iudicii.
567 1221 595 1279 Si
618 1240 671 1297 qua
692 1241 757 1281 vero
779 1232 822 1282 est
843 1225 869 1280 in
892 1222 968 1279 vobis
984 1222 1049 1280 boni
1071 1222 1233 1291 recordatio,
1256 1239 1310 1279 me·

151 1319 243 1368 astole
267 1308 341 1377 mei,
366 1307 436 1364 hece
457 1306 539 1363 verba
560 1323 619 1362 mea
640 1307 817 1375 meditantes,
839 1315 869 1362 ut
892 1315 919 1362 et
939 1307 1105 1363 desiderium
1127 1312 1155 1362 et
1176 1305 1313 1379 vigilantia

150 1412 187 1453 rer
204 1397 232 1451 in
255 1390 382 1466 aliquod
404 1388 505 1446 honum
528 1389 631 1447 eredat.
673 1390 748 1461 Rogo
770 1407 826 1457 vos,
848 1390 960 1463 gratiam
981 1388 1134 1464 postulans.
1178 1388 1244 1445 Cum
1267 1389 1313 1445 nd·

149 1481 182 1535 'tre
199 1481 227 1535 io
248 1477 313 1533 hoc
337 1472 456 1548 pulchro
478 1489 541 1529 vase
563 1474 639 1541 estis,
662 1473 687 1527 in
712 1473 786 1529 nullo
804 1474 900 1528 horum
916 1472 1102 1528 mandatorum
1124 1469 1239 1540 deficite,
1262 1472 1312 1528 sed

148 1562 321 1619 Μωυσεῖ
350 1557 420 1612 haee
441 1555 582 1628 exquirite,
606 1562 634 1611 et
655 1555 799 1629 adimplete
821 1553 1082 1622 omnemandetum3
1104 1554 1172 1611 haee
1194 1571 1312 1629 nemque

148 1645 206 1720 ipa
224 1649 306 1701 sunt.
355 1638 446 1708 Quare
471 1638 514 1695 vel
541 1639 655 1695 maxime
677 1638 705 1695 id
725 1654 836 1713 operam
859 1637 936 1704 dedi,
966 1646 1096 1710 quantum
1126 1638 1153 1692 in
1180 1655 1223 1694 me
1252 1638 1311 1703 luit,

146 1725 353 1785 ascriberem
380 1720 457 1778 vohis
487 1737 542 1795 quo
571 1721 746 1779 exhilarorem
773 1738 831 1778 vos.
874 1718 993 1789 Salvete,
1022 1718 1069 1776 lilii
1100 1719 1252 1778 dilectionis
1284 1727 1312 1777 et

143 1813 207 1885 pods
251 1807 396 1866 [lominus
416 1803 521 1880 glorium
542 1812 569 1862 et
591 1804 678 1862 omnis
700 1805 801 1880 gratioe
824 1805 859 1862 sit
880 1819 942 1861 eum
964 1803 1062 1880 spiritu
1076 1803 1183 1863 vestro!
1216 1805 1310 1864 Amen.

141 1952 343 1969 -n

171 2038 328 2102 ηηεῠος
342 2052 383 2078 =
399 2046 495 2096 eorpus.
536 2031 614 2095 Supte
647 2046 667 2080 ο.
685 2032 708 2080 t.
795 2030 826 2081 to
856 2028 891 2081 τὰ
909 2031 969 2081 llere

135 2109 286 2172 beorpore
317 2099 430 2152 Christi:
463 2095 528 2149 tuot
550 2097 597 2148 nol
625 2095 710 2154 αὐτὸς
795 2098 821 2148 11
855 2092 999 2158 σώζεσθαι
1017 2097 1043 2147 tt.

138 2174 188 2242 'sip
205 2178 269 2227 τῶν
277 2167 439 2240 ἡμετέρων
451 2163 598 2234 ἁμαρτιῶν
608 2159 708 2235 ἤμελλε
794 2164 836 2250 tt)
856 2165 992 2228 Epigrephe
1002 2161 1153 2230 Ἐπιστολὴ
1162 2162 1312 2233 Βαρνάβαν

131 2244 267 2300 &mdes
280 2242 340 2291 τοῦ
356 2227 522 2303 πνεύματος
535 2233 709 2304 προσφέρειν
742 2233 791 2282 τοῦ
813 2227 973 2283 αποσιόλου
1001 2228 1176 2302 συνεκδήμου
1194 2230 1311 2287 Παύλου

129 2315 225 2364 θυσίαν.
266 2307 324 2357 Cir.
346 2304 359 2353 l
372 2302 460 2352 Thess.
478 2301 504 2362 4,
517 2302 541 2350 4.
742 2301 791 2349 τοῦ
809 2295 890 2365 ἁγίου
914 2293 1074 2349 ἀποστόλου
1094 2300 1221 2362 ostioli,
1247 2299 1311 2351 lnt-

163 2383 186 2445 S)
203 2377 296 2432 ἔστιν
320 2371 344 2422 0
364 2370 392 2418 V.
434 2367 526 2418 Deinde
551 2367 637 2430 scripsi
663 2363 706 2416 tt·
741 2363 824 2429 στολὴ
841 2360 976 2444 Βαρνάβα
996 2368 1046 2415 τοῦ
1065 2363 1224 2418 ἀποστόλου
1244 2379 1312 2418 συν-

124 2449 236 2515 ltlttrpu‘
251 2461 277 2496 c.
298 2442 320 2492 B
332 2438 353 2488 C
365 2438 385 2486 F
399 2436 460 2496 ot,
483 2431 626 2513 ξυλείπητε
644 2434 707 2494 vulg.
742 2427 865 2510 εκδήριου
882 2432 999 2482 ΙΙυυλου
1016 2434 1065 2508 σου
1086 2427 1167 2496 ἁγίου
1186 2430 1312 2483 ἀποστό-

156 2520 182 2582 9)
199 2515 255 2567 καὶ
279 2512 310 2560 im
333 2513 405 2558 textu
423 2517 497 2567 posui
516 2517 543 2552 er
560 2517 634 2565 marg.
653 2501 678 2552 ll.
744 2499 792 2549 λου
808 2515 832 2549 m
851 2499 883 2560 ll;
900 2497 990 2548 nullam
1008 2498 1119 2548 exhibent
1137 2498 1180 2547 CF
1187 2499 1214 2552 0.
