2886 4882
134 210 215 271 ml
465 198 510 265 ΒΕ
528 199 665 260 densas
687 201 738 258 Gll
759 198 846 261 sies.
866 200 983 261 iners.

133 368 324 456 praetera-eos
342 361 709 455 quonam-est-editionem
731 361 892 440 prinoipem
913 363 1067 455 resercire,
1092 371 1121 423 el
1142 363 1200 444 ipsi
1216 365 1246 426 in
1259 383 1314 429 nos

132 442 911 606 fflffizfflprdpfflmssoetpgfipdmlssenlg
938 444 1313 605 ddllbciiiibunllreee-ssbel‚0iivlb

132 608 312 681 doctissimo·
333 608 426 688 deque
455 609 546 670 saeris
568 610 674 672 litteris
694 609 767 671 bene
789 609 913 683 merito,
942 609 1146 692 investigandis
1168 614 1313 677 Romana·

131 689 460 754 mm·bihliotbeeannn
481 693 626 754 thesauris
647 693 734 771 longo
755 712 788 753 ex
811 700 942 772 tempore
962 703 1174 774 praeparatam,
1205 696 1312 759 bibliu-

131 775 216 855 p'elae
236 773 389 854 =Lipeiensi
420 775 665 837 aestumatissimo
687 783 719 835 ut
741 775 816 854 typis
837 776 1006 855 vulgandam
1027 779 1186 858 susciperet
1208 779 1312 841 suade·

131 857 362 937 temlepmeie
383 867 450 920 ante
467 857 569 919 diebus
591 875 676 937 qmm
698 857 834 938 princeps
856 858 964 920 Graeca
984 858 1107 923 Hermae
1129 862 1219 924 editio
1240 881 1311 942 pro·

131 940 351 1015 dibat‚··eidcm
378 940 466 1004 isdem
494 939 626 1003 dedimus
661 940 803 1001 Graecum
829 941 966 1003 Hermam
994 952 1095 1015 nostra
1127 963 1215 1024 opera
1235 945 1310 1009 libro

132 1023 486 1087 {inmodicum-insertum
508 1022 552 1084 iri.
595 1022 687 1095 Quam
707 1023 797 1085 tidem
817 1044 854 1085 eo
873 1023 1011 1087 libentius
1031 1027 1214 1104 servavimus,
1236 1047 1309 1108 quo·

132 1107 220 1171 niem
233 1125 313 1187 ἒφάτο
341 1105 428 1168 etin
445 1106 549 1167 ²tribns
574 1105 702 1185 antiquis
735 1106 813 1168 loliis
840 1116 869 1169 et
895 1107 925 1168 in
955 1109 1123 1188 apographo
1151 1110 1311 1175 Simonidis

133 1189 309 1270 smipuream
325 1188 449 1250 ¹eodieis
474 1189 585 1269 passim
612 1206 672 1248 non
705 1188 777 1251 satis
803 1189 927 1253 assecuti
951 1190 1064 1270 legendi
1086 1192 1238 1257 diffiudtas
1258 1202 1312 1269 est,

132 1290 207 1335 nor·
219 1271 374 1335 rerasndie'
391 1271 517 1353 antiqrvis
545 1271 628 1333 libris
657 1271 776 1333 Graecis
797 1272 889 1351 iisque
910 1271 1027 1337 ineditis
1048 1273 1212 1357 assuetos²)
1232 1277 1311 1341 exci-

131 1355 206 1419 tavit
230 1364 267 1417 ut
286 1360 414 1416 mrum.
432 1355 502 1417 viris
529 1354 625 1419 doctis
653 1354 833 1417 traderemus
855 1373 940 1435 φυοοι
962 1356 1131 1428 fidelissime
1152 1378 1311 1423 excusatam.

134 1436 198 1499 lloc
221 1437 377 1499 enimvero
396 1456 451 1499 nee
476 1452 530 1517 per
558 1456 607 1498 eas
638 1444 732 1498 terme
758 1446 870 1515 partes,
898 1456 968 1516 ques
996 1458 1030 1500 es
1058 1440 1130 1519 ipsis
1153 1441 1243 1503 tribus
1261 1443 1311 1504 io-

134 1520 181 1581 liie
196 1520 333 1599 antiquis
348 1520 492 1582 adhibito
520 1521 638 1599 insuper
665 1519 824 1582 Simonidis
861 1522 1028 1601 apographo
1056 1522 1173 1585 haurire
1201 1523 1312 1599 licebat,

133 1604 244 1751 {aptium
262 1620 341 1766 σκαιοὶ
369 1604 499 1684 diligenti
520 1603 674 1669 collatione
696 1601 827 1665 instituta
848 1603 921 1669 loeis
943 1604 1041 1671 multis
1061 1606 1221 1673 incidenter
1241 1626 1311 1689 pto-

173 1695 236 1749 lum
257 1695 310 1749 etil-

129 1938 142 1973 ¹.
165 1919 263 1985 βλέπω
285 1916 404 1973 &disee
435 1919 565 1990 κείμενον
594 1914 786 1990 ἐλεφάντινον,
841 1917 937 1986 βλέπω
975 1920 1149 1991 suppetere
1182 1923 1312 1995 κείμενον

134 2002 191 2063 atei:
205 1998 254 2057 ἐπλ
276 2005 326 2061 τοῦ
354 1999 472 2055 ἐδωλίου
494 2000 723 2074 προσκεφάλαιον
746 2004 788 2054 λι·
809 1999 1006 2073 ἐλεφάντινον,
1026 2003 1074 2054 καλ
1090 2002 1139 2056 ίπλ
1166 2009 1216 2060 τοῦ
1241 2020 1310 2077 συμ-

133 2089 219 2152 robe,
237 2086 285 2141 καὶ
300 2082 398 2145 ἐπάνω
416 2083 505 2141 ἔκειτο
519 2084 789 2158 ἐξηπλωμένονλευ-
806 2089 922 2155 ψελλίου
945 2086 1035 2143 ἔκειτο
1066 2088 1243 2161 κερβικάριον
1269 2092 1312 2143 λι-

130 2168 183 2227 τὸν
200 2167 355 2242 κάρπασον.
391 2170 436 2225 ed.
457 2186 496 2241 pr.
512 2187 567 2239 pap.
586 2173 627 2227 to.
805 2174 880 2235 νοῦν,
893 2172 940 2230 καλ
954 2166 1050 2225 ἐπάνω
1065 2172 1174 2225 λεντίου
1185 2173 1313 2241 deperio·

144 2286 147 2293 -
802 2256 891 2327 μενον
908 2256 985 2309 λίνον
1000 2252 1168 2322 καρπάσιον.
1198 2257 1234 2312 Ci.
1248 2259 1311 2308 iutra

804 2340 852 2391 Vis.
868 2339 908 2402 111,
927 2340 949 2393 1.

201 2442 230 2507 3)
247 2441 278 2495 lte
295 2446 472 2509 praetereamus
492 2441 602 2494 codicum
614 2442 675 2495 Nori
693 2452 716 2493 et
729 2441 819 2494 Veteris
833 2438 979 2491 Testamenti
996 2439 1312 2506 antiquissimorumtextus

134 2510 396 2563 voluminibusoovem
416 2528 429 2561 a
453 2511 523 2563 nobis
542 2511 636 2574 editos,
659 2512 684 2561 in
702 2510 766 2563 dotia
783 2511 840 2574 App.
860 2509 998 2574 apocryphis
1024 2509 1112 2574 (teat)
1135 2517 1158 2559 et
1178 2510 1312 2574 Ευσιιφτλιϊι

133 2580 273 2643 epoerppbis
290 2579 383 2645 (1853)
403 2579 499 2629 libellos
523 2586 577 2629 ante
603 2578 707 2628 ineditos
733 2578 799 2628 levas
824 2576 934 2626 dedimus
958 2575 1157 2641 quuttnorderim.
1190 2578 1313 2629 decedunt

133 2646 203 2708 plura
224 2662 285 2711 qnae
303 2646 365 2696 libro
385 2653 469 2696 nostro
487 2644 657 2696 Anecdotorvm
676 2661 797 2695 serrorum
813 2652 836 2694 et
860 2648 1014 2706 profanorum
1039 2646 1128 2707 (1855)
1151 2645 1312 2705 continentur,

127 2712 190 2777 ,taem
213 2728 273 2776 qnae
298 2713 329 2762 ad
346 2712 458 2763 'ederedes
483 2715 638 2777 Apoeelppsea
662 2714 803 2777 προστομίων
829 2711 1036 2774 praeparavimus,
1062 2712 1118 2760 item
1144 2711 1237 2763 scholia
1255 2712 1312 2763 libri

133 2778 274 2843 sexagesimi
292 2779 449 2830 Basilicomm
472 2778 582 2829 ducentis
606 2781 656 2829 iere
683 2778 748 2828 toliis
769 2794 782 2829 a
805 2777 905 2829 nobise
931 2777 1076 2827 difficillimo
1095 2778 1179 2828 codice
1197 2794 1218 2829 a.
1240 2780 1311 2831 1841.

135 2846 256 2912 descripta
277 2850 347 2896 etub
365 2846 401 2899 ΙΙΙ,
420 2846 446 2895 C.
465 2845 509 2899 Gn.
527 2847 584 2897 Em.
601 2846 731 2896 lleimbach
751 2861 772 2894 ο.
794 2845 865 2896 18511.
884 2843 975 2907 publici
990 2845 1049 2893 iuris
1068 2846 1138 2907 laeta,
1156 2846 1214 2897 item
1230 2846 1286 2897 alia.

201 2948 229 3011 1)
246 2947 358 3012 Plerique
378 2946 495 2997 eiusmodi
516 2962 611 2996 errores
631 2945 744 2996 editionis
761 2945 879 3011 principis
895 2958 979 3007 parum
994 2944 1117 2995 intellecto
1137 2946 1235 3011 antiqno
1247 2948 1310 2998 scri·

132 3014 206 3064 bendl
222 3015 296 3063 mode
314 3014 360 3063 orti
379 3021 442 3063 sunt
477 3015 588 3066 l‘otioros
605 3015 657 3064 lere
674 3013 698 3063 hi
716 3022 779 3062 sunt.
814 3013 858 3063 Ed.
879 3027 916 3075 pr.
937 3026 991 3074 pap.
1005 3013 1046 3062 52.
1064 3013 1135 3062 babet
1149 3010 1311 3083 ἁμαρτίαις,

134 3080 533 3210 instimulatione
545 3082 684 3212 {titii
697 3074 1151 3210 lllltlttt‘llt-'tilieti
1164 3082 1310 3211 tilii·

134 3166 271 3287 λιιίμενάά
285 3216 321 3281 (in
337 3216 485 3280 appendice:
507 3212 681 3285 -ωμίνωςέλ,
701 3215 755 3265 cod.
776 3214 873 3265 omnino
901 3213 972 3263 babet
995 3212 1012 3264 ά
1033 3215 1210 3283 αλλιωμίνως
1232 3166 1311 3265 eittre·

134 3284 179 3335 mia
209 3284 296 3335 litteris
323 3284 467 3347 compendio
499 3284 630 3347 expressis:
666 3282 755 3331 ibidem
791 3281 829 3330 ed.
859 3296 896 3347 pr.
920 3283 959 3347 τῷ
986 3296 1003 3333 a·
1044 3297 1065 3348 φ
1088 3289 1142 3330 ete
1172 3283 1310 3333 coniectura

134 3349 185 3405 τὸν
204 3346 306 3420 νόμον,
333 3359 357 3400 at
382 3351 406 3400 in
431 3351 484 3415 ipso
513 3351 567 3400 cod.
594 3365 621 3399 es
639 3351 678 3416 τῷ
696 3344 775 3418 νόμφ
792 3357 927 3399 correctum
945 3356 982 3398 est
999 3298 1050 3400 cib
1069 3343 1169 3416 νόμονε
1195 3364 1249 3413 pag.
1268 3351 1309 3401 56.

134 3418 173 3468 ed.
189 3433 226 3482 pr.
243 3418 311 3482 (καλ)
332 3416 504 3485 εὐχαριστεῖ,
525 3418 579 3466 οοδ.
597 3415 785 3486 εὐχαριστοῦνε
815 3416 902 3466 ibidem
923 3416 960 3465 ed.
982 3431 1019 3479 pr.
1045 3419 1131 3467 συνίει
1151 3416 1217 3478 (cod.
1242 3431 1310 3467 συν-

132 3485 200 3550 ῆεν);
227 3493 252 3534 at
276 3486 329 3549 ipse
354 3484 408 3534 cod.
436 3486 553 3549 συνῆκεν
577 3485 662 3535 babet:
694 3484 784 3533 ibidem
810 3493 870 3535 teate
896 3484 933 3533 ed.
956 3499 992 3546 pr.
1011 3477 1310 3543 οοδ.1ιο5ολσυιάνεες,

134 3552 207 3617 quod·
217 3567 262 3616 per
279 3567 386 3603 errorem
404 3567 449 3616 pro
469 3550 612 3609 συνιόντες
630 3552 694 3616 typis
718 3552 863 3615 exscriptum
880 3551 985 3611 videtum
1013 3551 1065 3613 ipse
1091 3550 1145 3600 cod.
1167 3565 1224 3602 vero
1242 3562 1310 3605 συν-

134 3619 224 3677 ιέντες
249 3627 342 3670 metum
366 3633 421 3683 pag.
445 3621 486 3673 59.
510 3619 549 3668 ed.
567 3634 604 3683 pr.
624 3616 734 3687 ἀγροὺς,
752 3619 807 3669 cod.
824 3615 925 3699 dypdv:
950 3632 1004 3679 pap.
1027 3619 1068 3668 oo.
1093 3618 1131 3669 ed
1153 3633 1190 3683 pr.
1211 3629 1310 3669 συνευ·

134 3681 170 3739 δά
207 3698 257 3739 eea
284 3686 340 3737 eod.
359 3682 578 3752 συνηυδόκησενε
603 3701 657 3750 pag.
676 3688 717 3738 61.
735 3685 773 3736 ed.
792 3700 829 3749 pr.
848 3701 906 3748 τας,
924 3683 967 3733 sed
980 3684 1055 3733 codex
1074 3682 1140 3743 ode:
1163 3684 1253 3735 ibidem
1271 3685 1310 3735 ed.

134 3768 172 3819 pr.
202 3770 220 3805 κ
236 3725 293 3820 (δέ)
307 3754 379 3813 τῶν,
397 3754 452 3803 cod.
469 3753 516 3804 καλ
533 3750 564 3805 ἐκ
581 3756 650 3806 τῶνι
680 3768 734 3817 pag.
752 3753 793 3804 63.
811 3752 850 3804 od.
867 3766 903 3816 pr.
921 3744 1021 3816 ἤκουον
1039 3749 1138 3813 αδτάς,
1155 3752 1212 3802 item
1231 3746 1310 3803 σάνιε

136 3817 236 3884 αὐτὸς,
260 3820 316 3871 rod.
343 3835 400 3870 vero
425 3815 525 3885 ἤκουον
548 3818 620 3872 αὐτά
644 3829 669 3871 et
692 3817 770 3872 σάνιε
795 3815 881 3871 αὐτά·
903 3833 957 3881 pap.
976 3821 1016 3870 65.
1035 3819 1073 3869 ed.
1089 3834 1126 3883 pr.
1145 3814 1309 3884 ἀποβάλετε,

135 3888 191 3940 ced.
206 3883 392 3953 ἀποβάλλεττι
414 3902 468 3951 pag.
488 3889 530 3939 67.
548 3890 588 3937 cd.
605 3903 642 3952 pr.
660 3885 787 3952 ἔβαλλεν,
806 3887 861 3937 cod.
878 3883 986 3950 ἒβαλενι
1011 3901 1066 3949 pap.
1083 3889 1123 3937 to.
1146 3887 1185 3937 ed.
1207 3901 1246 3951 pv.
1263 3901 1310 3939 κε-

135 3948 243 4015 esdrae
264 3963 289 4006 et
312 3970 340 4005 ex
363 3956 531 4005 emendatione
554 3950 701 4025 κελεύσας,
725 3955 781 4004 οοδ.
809 3953 905 4003 omnino
934 3951 1078 4024 κελεάσῃςῐ
1103 3953 1193 4005 ibidem
1216 3955 1254 4003 ed.
1271 3968 1309 4017 pr.

134 4022 296 4089 δλίβσνται,
314 4022 368 4072 cod.
386 4020 582 4088 θλιβὴσονταιε
608 4037 661 4085 pap.
680 4023 721 4072 il.
741 4022 779 4071 ed.
799 4036 835 4084 pv.
854 4018 933 4070 δοκεῖ
952 4029 975 4070 et
992 4037 1004 4070 e
1024 4020 1161 4070 coniectura
1179 4017 1237 4083 δελ,
1256 4020 1309 4084 ipse

135 4104 194 4140 aevo
213 4090 268 4141 eod.
288 4086 335 4141 δεῖ
338 4104 344 4139 :
369 4088 407 4138 ed.
425 4104 462 4152 pr.
480 4086 640 4149 ἐπεδίδουν,
657 4088 711 4138 eod.
729 4085 916 4139 ἐπεδίδοσανε
940 4101 994 4150 pag.
1005 4088 1047 4137 15.
1067 4088 1105 4137 οδ.
1122 4101 1160 4149 pr.
1177 4086 1309 4153 καρποὺς,

136 4157 191 4208 cod
209 4154 333 4227 καφπδντ
355 4156 445 4205 ibidem
463 4157 501 4206 ed.
519 4171 556 4220 pr.
576 4156 739 4223 respiceretur,
753 4155 807 4203 cod.
821 4154 986 4223 πορίζωσαιε
1007 4167 1062 4216 pag.
1074 4154 1115 4203 98.
1130 4153 1169 4202 ed.
1188 4166 1225 4215 pv.
1244 4166 1309 4200 ποι-

135 4224 227 4287 κίλαι,
246 4224 302 4277 eod.
321 4223 449 4275 ποικίλαι
476 4238 531 4287 pag.
548 4224 588 4275 an
607 4222 644 4271 ed.
662 4236 698 4285 pr.
718 4221 768 4273 τὸν
785 4218 863 4279 θεὸν,
880 4219 935 4271 cod.
953 4217 1039 4273 dede:
1068 4220 1124 4269 tot.
1142 4219 1180 4269 ed.
1197 4232 1236 4281 pr.
1252 4215 1309 4283 (τὸ)

133 4284 183 4353 δν..
200 4290 247 4343 sed
262 4291 316 4356 ipse
333 4290 389 4343 sed.
407 4285 507 4349 edim:
530 4304 584 4353 pap.
599 4289 655 4341 105.
673 4289 711 4338 ed.
730 4303 767 4351 pr.
785 4271 973 4349 dexdcoedoai),
991 4286 1035 4334 sed
1053 4285 1105 4348 ipse
1122 4286 1177 4334 cod.
1190 4280 1310 4336 δεκάτου

135 4357 230 4423 (aldana
254 4358 351 4424 syllaba
368 4358 511 4435 compendip
530 4355 655 4434 expressa)
671 4342 718 4406 oie:
737 4355 794 4405 item
811 4366 866 4415 pap.
886 4351 941 4400 tui.
952 4351 991 4402 ed.
999 4366 1037 4416 pr.
1055 4346 1218 4404 δωδεκάτου
1233 4349 1308 4418 (τοῦ)
