2886 4882
161 230 225 295 ³02
351 228 475 289 mum!
497 226 660 287 ammom
680 228 722 286 ΑΙ)
744 224 979 287 ΡΟΙΛὈΑΥΡΥΙΥ.
1007 226 1027 283 Ι.
1047 226 1081 284 11.
1103 223 1151 283 ΙΙΙ.

186 486 270 541 ΤΟΥ
289 484 430 539 ΑΥΤΟΥ
446 484 549 539 ΠΡΟΣ
568 483 834 540 ΠΟΔΥΚΑΡΠΟΝ
851 484 1080 539 ΕΠΙΣΚΟΠΟΝ
1097 483 1313 539 ΣΜΥΡΝῙῙΣ.1

240 602 380 691 Ἰγνάτιος
409 604 566 678 ἐπίσκοπος
588 601 779 685 Ἀντιοχείας,
808 599 827 666 ό
851 604 901 666 καὶ
938 599 1048 687 μάρτυς
1069 601 1168 686 Ἰησοῦ
1196 607 1336 687 Χριστοῦ,

287 685 474 774 Πολυκάρπητ
495 685 643 774 ἐπισκόπηι
664 688 816 770 ἐκκλησίας
838 689 1027 769 Σμυρναίων,
1049 694 1158 769 μᾶλλον
1180 688 1336 769 ἐπεσκοπη·

231 812 234 816 -
285 768 442 940 ρέηρρριηῖπῦ
467 774 545 836 Θεοῦ
571 769 690 854 Πατρός
709 770 759 835 καί
790 771 908 853 κορίοώ
925 768 1024 853 Ἰησοῦ
1045 777 1193 857 Χριστοῦ,
1219 778 1338 836 πλεῖστα

245 1015 265 1071 1.
303 1003 531 1087 Ἀποδεχόμενος
561 1001 616 1085 τὴν
645 1004 678 1066 ἐν
702 1006 767 1088 Θεῷ
796 1024 850 1067 σου
878 1001 997 1088 γνώμην
1021 1003 1207 1088 ἡδρασμένην
1227 1001 1268 1081 ώς
1289 1005 1337 1069 ἐπὶ

161 1090 268 1176 κίτρον
288 1088 436 1170 ἀκίνητον,
459 1086 640 1171 ῦπερδοξόζω
659 1088 851 1163 καταξιωθελς
870 1094 923 1151 τοῦ
944 1086 1103 1172 προσώπου
1125 1110 1179 1154 σου
1191 1096 1245 1152 τοῦ
1260 1086 1337 1170 άμώ-

162 1199 230 1257 μου,
250 1166 287 1238 οὗ
309 1172 434 1253 ὀναίμην
454 1173 486 1236 ἐν
510 1175 583 1259 Θεῷ.
606 1175 772 1252 Παρακαλῶ
793 1191 824 1235 σε
846 1172 877 1234 ἐν
897 1169 999 1253 χάριτι,
1021 1165 1041 1259 ᾗ
1065 1173 1228 1250 ἐνδέδυσαι,
1248 1194 1336 1255 προσ·

161 1258 272 1323 θεῖναι8
293 1264 333 1344 τῷ
355 1254 454 1340 δρόμοι
482 1276 553 1330 σου,
581 1254 630 1316 καί
655 1252 766 1329 πάντας
785 1263 980 1337 παρακαλεῖν,
1001 1257 1050 1319 ἵνα
1071 1254 1237 1334 σώζωνται*
1269 1256 1337 1321 Ἐκ-

161 1342 236 1407 δίιιει
256 1361 310 1405 σου
329 1337 381 1404 τόν
401 1340 491 1404 τόπον
511 1340 544 1403 ἐν
564 1334 644 1423 πάση
667 1338 825 1425 ἐπιμελείην,
848 1346 971 1426 σαρκικῇ
998 1363 1028 1402 τε
1056 1341 1106 1404 καί
1133 1343 1336 1429 πνευματικῇέ

166 1430 228 1507 Ίῇς
247 1423 375 1499 ἐνώσεοτς
395 1420 544 1505 φρόντιζε,
564 1414 603 1503 ἧς
624 1419 711 1484 οῦδέν
731 1419 878 1503 ἄμεινον’(Ι
909 1422 1021 1498 πάντας
1048 1423 1185 1506 βάσταζε,
1216 1422 1256 1501 ώς
1286 1424 1336 1488 καί

163 1505 232 1573 σέδ
253 1507 378 1589 Κῦριος·
401 1505 519 1571 πάντων
537 1504 640 1586 ι’τνίχου
662 1506 694 1568 ἐν
714 1502 823 1593 άγάπη,
846 1504 923 1570 ὥσπε
962 1508 1022 1570 καί*
1033 1516 1142 1584 ποιεῖς·
1164 1516 1337 1593 προσευχαῖς

162 1590 277 1675 σχόλαζε
297 1591 505 1666 ἀδιαλείπτοις·
528 1593 611 1654 αἰτοῦ
631 1586 747 1652 σύνεσιν
767 1591 897 1668 πλείονα,
918 1532 956 1671 τίς
975 1591 1060 1738 ίδηεις·
1081 1590 1233 1677 γρηγόρει,
1255 1589 1336 1657 άκοί·

161 1698 253 1777 μητσν
272 1682 386 1757 πνεῦμα
404 1675 592 1756 κεκτημένος·
613 1680 675 1748 τοῖς
694 1670 768 1736 κατά
788 1670 881 1757 άνδρα
893 1672 966 1738 κατά
997 1674 1144 1758 μοήθειαν
1153 1676 1231 1741 λάλει
1244 1677 1323 1740 Θεοῦ
1329 1729 1335 1740 .

161 1783 279 1825 ποιποιν
305 1757 357 1834 τὰς
388 1758 495 1834 νόσους
524 1756 645 1840 βάσταζε
673 1753 714 1831 ώς
741 1757 847 1832 τέλειος
876 1754 1023 1840 ἀθλητὴς,
1057 1757 1097 1835 ώς
1116 1761 1165 1824 καλ
1186 1758 1204 1827 ό
1226 1758 1337 1844 Κύριος

161 1842 295 1908 πάντων·
317 1841 406 1917 αῦτός
425 1839 498 1926 γάρ,
518 1842 609 1924 φησί,
629 1838 682 1917 τάς
700 1837 856 1916 ἀσθενείας
876 1839 961 1924 ἡμῶν
982 1844 1083 1926 ἐλαβεν
1093 1846 1113 1920 ,⁸
1136 1843 1186 1908 καί
1214 1842 1266 1920 τάς
1288 1841 1337 1909 νό-

163 1944 235 2004 σους
254 1924 338 2009 ἡμῶν
360 1925 522 2009 ἐβάστασεν.
556 1924 657 1988 Ὅπου
679 1926 797 1988 ιτλείιτν9
818 1923 925 2005 κόιτος,
946 1924 1022 1991 πολῦ
1042 1929 1152 2011 κέρδος.

247 2087 277 2142 ΙΙ.
321 2073 439 2152 Καλοὺς
459 2072 595 2158 μαθητάς
615 2073 667 2139 ἐάν
686 2082 784 2163 φιλῇς,
805 2073 887 2160 χάρις
907 2098 955 2140 σοι
975 2075 1029 2142 οῦκ
1049 2077 1126 2140 ἐστιν
1135 2077 1152 2112 '¹
1174 2077 1335 2159 μᾶλλονδὲ

162 2158 231 2239 τοῦς
257 2162 441 2245 λοιμοτέρους
472 2162 504 2225 ἐν
528 2156 670 2244 πραΰτητι
697 2158 851 2224 ῦπότασσε.
898 2159 942 2225 Οῦ
971 2167 1031 2225 πᾶν
1056 2165 1169 2242 τραῦμα
1194 2167 1231 2248 τῇ
1259 2158 1335 2267 αῦτη

162 2241 343 2331 ἐμπλάστρφ’
370 2246 579 2327 θεραπεύεται·
610 2240 679 2318 τοῦς
708 2241 911 2327 παροξυσμοὺς
937 2244 1101 2327 ἐμβρσχαῖς’
1128 2250 1212 2309 παῦε.
1257 2247 1334 2327 Φρο-

161 2332 258 2413 νιμσς4
277 2330 362 2413 γίνου
384 2327 424 2404 ώς
445 2325 527 2409 όφιςδ
548 2328 580 2392 ἐν
600 2333 703 2407 πᾶσιν,
725 2329 777 2392 καὶ
797 2326 943 2411 άκέραιος“
965 2328 1054 2393 είσαεί
1073 2326 1113 2402 ώς
1133 2325 1154 2410 ἦ
1173 2330 1333 2436 περιστερά.

163 2410 223 2478 Au}
244 2420 329 2477 τοῦτο
351 2412 384 2476 ἐκ
407 2420 507 2495 ψυχῆς
527 2413 577 2475 καί
597 2409 728 2494 σώματος
749 2407 792 2489 εἷ,
814 2411 951 2492 σαρκικὸς
972 2413 1022 2476 καί
1051 2434 1262 2493 πνευματικος,
1283 2414 1333 2477 ἵνα

162 2495 199 2563 τά
216 2494 381 2582 φαινόμενά
394 2516 447 2565 ,σοι
468 2499 510 2574 είς
537 2492 694 2581 πρόσωπον
714 2494 953 2585 ίτιανορθώσης,’
980 2493 1015 2560 τά
1044 2495 1077 2559 δὲ
1105 2492 1141 2560 άό
1160 2522 1214 2559 ατα
1241 2498 1334 2585 αἰτῇς,

161 2582 212 2648 ἵνα
233 2604 281 2647 σοι
301 2583 470 2662 φανερωθεί
496 2601 502 2615 ·
523 2581 573 2643 ἵνα
593 2580 684 2662 μηδέν
705 2599 752 2644 σοι
772 2584 871 2668 λείπη,
892 2581 943 2645 καί
963 2574 1071 2654 παντὸς
1089 2521 1262 2662 χαρίσματος
1284 2605 1333 2645 πε-

162 2666 305 2750 ρισσεάης.
349 2663 384 2729 ‘0
404 2690 442 2728 κα
490 2661 642 2739 ςόαταιτεί
659 2684 692 2727 σε
712 2661 857 2745 εὔχεσθαι.
890 2663 1005 2746 Ὥσπερ
1026 2660 1080 2746 γάρ
1093 2660 1256 2751 κυβερνήτης
1269 2662 1334 2728 άνε-

162 2773 217 2831 μος
235 2730 435 2830 σόμβάλλεται,
455 2749 505 2811 καί
526 2744 565 2821 ώς
585 2750 637 2827 νηῒ
655 2748 839 2834 χειμαζομένη
861 2748 970 2828 λιμένες
991 2743 1107 2811 εὔθετοι
1126 2749 1167 2821 είς
1180 2752 1331 2855 σωτηρίαν,

163 2830 241 2896 οῦτοι
262 2832 313 2895 καὶ
333 2833 380 2893 σοὶ
399 2828 420 2910 ἦ
441 2827 511 2934 εῦχη
529 2825 615 2909 πρός9
635 2827 668 2892 τό
691 2830 833 2910 ἐπιτυχεῖν
849 2834 935 2894 Θεοῦ.
976 2836 1067 2912 Νηφε
1087 2827 1127 2905 ώς
1145 2832 1223 2895 Θεοῦ
1241 2839 1333 2913 αθλη·

162 2912 228 2996 τὴς,
249 2908 285 2978 οὗ
306 2911 338 2978 τό
360 2913 474 2994 θέλημα
495 2913 649 2994 αφθαρσία
672 2913 721 2975 καλ
741 2911 797 2993 ζωὴ
819 2912 943 2989 αἰώνιος,
966 2915 1032 2995 περὶ
1051 2906 1089 2995 ἧς
1109 2915 1158 2977 καί
1180 2913 1216 2979 σῦ
1237 2916 1332 2979 πέττει·

162 3017 221 3063 σοι.
264 2994 347 3061 Κανά
367 2993 463 3060 πάντα
483 3002 538 3060 σοῦ
559 2992 719 3076 άντίψυχος
738 2993 793 3080 ἐγώ
815 2998 864 3060 καλ
885 2994 921 3060 τότ
941 2996 1032 3077 δεσμά
1052 3022 1119 3078 μου,
1141 2995 1331 3084 άήγάπησας.

246 3150 289 3205 ΙΙΙ.
336 3141 375 3203 oi
393 3141 548 3213 δοκοῦντες
568 3133 729 3214 ἀξιόπιστοι
749 3133 840 3214 εἶναι,
863 3139 914 3201 καὶ
941 3140 1269 3222 ἓτεροδιδασκαλοῦντες,
1292 3138 1331 3223 μή

163 3242 196 3286 σε
215 3223 503 3304 καταπλησσέτοισαν·
527 3229 615 3303 στῆθι
635 3220 666 3284 δὲ
688 3222 802 3303 ἑδραῖος
823 3220 863 3296 ώς
884 3219 985 3303 άκμοιν
1001 3220 1184 3305 τυπτόμενος.
1230 3223 1331 3307 Μεγά·

162 3311 216 3369 λον
244 3307 321 3370 ἐστίν
348 3303 493 3387 άθλητοῦ,
521 3306 658 3384 δέρεσθαι
684 3306 735 3369 καί
766 3312 864 3369 νικᾶν·
897 3304 1018 3387 μάλιστα
1052 3306 1084 3370 δέ
1117 3307 1222 3372 ἐνεκενι
1255 3311 1332 3370 Θεοῦ

163 3385 257 3453 πάντα
277 3387 431 3471 όπομένειν
451 3387 530 3471 ἡμᾶς
550 3391 608 3465 δεῖ,
630 3390 679 3451 ἵνα
699 3389 748 3452 καὶ
769 3386 857 3465 αὐτὸς
876 3386 954 3472 η’μῦς
973 3387 1113 3477 όιναμείνη
1140 3392 1181 3463 εἰς
1206 3387 1259 3470 τὴν
1278 3391 1331 3470 βα-

162 3474 291 3538 σιλείαν·
322 3479 432 3537 Πλεῖον
458 3472 600 3554 πρόσθες’
629 3478 664 3558 τῇ
692 3475 821 3560 σπουδῇ,
852 3468 889 3538 οὗ
916 3471 955 3538 εἷ·
986 3472 1196 3555 συντονώτερον
1224 3467 1329 3553 δράμε·

163 3553 232 3632 τοῦς
251 3554 383 3640 καιροὺς8
403 3555 620 3639 καταμάνθανε,
642 3555 683 3631 ώς
703 3557 834 3622 ἐνταῦθα
855 3553 889 3636 εἷ,
911 3561 1043 3641 νίκησον·
1065 3550 1121 3623 ώδε
1141 3553 1195 3641 γάρ
1219 3556 1278 3620 ἐστι
1299 3551 1332 3618 τό

218 3730 242 3789 ί)
262 3731 319 3781 Τοῦ
343 3726 429 3780 αὐτοῦ
453 3725 525 3797 πρὸς
541 3721 731 3795 Πολῦκαρπον
813 3728 840 3791 9)
861 3727 958 3781 πλείειν
975 3730 1029 3779 ΟΥ.

163 3790 321 3849 ἐπίσκοπον
336 3789 469 3865 Σμύρνης
487 3811 506 3844 c.
527 3795 545 3844 Β
562 3795 581 3844 0
601 3795 669 3843 Voss.
704 3793 729 3842 ln

164 3860 297 3915 Υιδδίῑοτ
313 3860 446 3925 ἐπιστολὴ
464 3870 520 3925 post
539 3859 632 3914 αὐτοῦ.
814 3859 874 3924 Cap.
893 3862 921 3911 ΙΙ.
958 3861 984 3927 1)
1012 3860 1090 3917 ἐστιν
1113 3880 1133 3913 c.
1152 3860 1245 3917 ΒΟΥ,
1273 3855 1332 3908 ἔστι

217 3931 245 4065 1η
262 3933 357 3999 κυρίου
375 3929 468 3979 adiunxi
488 3945 508 3978 c.
526 3929 544 3978 B
557 3929 604 3978 FO
614 3928 639 3978 Υ.
766 3929 782 3978 F
800 3927 862 3989 εοΙς.

263 3999 424 4080 προσθῆται
443 3996 498 4045 ΟΥ.
896 3989 1011 4061 πλάτρηι
1030 3996 1083 4045 ΟΥ.

215 4068 244 4129 4)
260 4067 395 4127 σώζονται
414 4062 467 4124 ΟΥ,
489 4062 539 4113 lllic
556 4070 697 4112 correctum.
812 3994 843 4124 Υ)
859 3990 893 4112 {e
907 4064 1022 4141 μροχαΐς
1038 4061 1057 4111 0
1071 4062 1108 4139 V..
1131 4125 1136 4137 ι

165 4207 262 4252 tuentur
279 4150 399 4261 ΒΥΟΥ;
417 4199 503 4248 desunt
522 4211 560 4279 ηρ.
578 4195 645 4245 Voss.
818 4194 845 4253 5)
860 4128 1048 4257 Υιῦῖηόοέπέἐ
1056 4126 1286 4270 νόριιιιιόοώιηῗόόώί
1312 4208 1332 4242 ε.
1359 4205 1361 4208 ⁴

215 4268 245 4323 6)
262 4269 289 4318 ln
307 4266 327 4318 Ο
346 4282 373 4317 ετ
392 4266 505 4316 adverso:
524 4278 577 4331 ορα
595 4263 684 4313 τοῦτο.
765 4261 884 4323 ΒΥΟΥ,
915 4260 1050 4324 scripsique
1077 4277 1097 4310 c.
1125 4260 1215 4310 ulumns
1240 4261 1333 4310 duobus

364 4133 377 4147 Q

214 4134 242 4195 5)
261 4146 360 4199 σαρκικ
412 4146 442 4182 τε
477 4130 523 4180 καί
555 4129 731 4199 πνευματικῇ
816 4128 843 4191 4)

217 4333 246 4399 ’1)
265 4333 311 4386 καί
328 4334 415 4385 excidit
432 4347 470 4396 ομ.
487 4332 556 4382 Voss.
765 4326 796 4383 ἐν
813 4330 903 4381 πᾶσιν
920 4344 944 4392 p.
962 4325 993 4379 ἐν
1010 4329 1082 4379 πᾶσι
1100 4329 1150 4379 BF
1171 4329 1234 4392 vulg.

214 4400 241 4468 Θ)
262 4399 360 4468 ἐλαβεν
376 4418 397 4453 c.
418 4400 475 4466 ΟΥ,
491 4395 571 4467 ἔλαβε
587 4395 636 4449 ΒΥ
653 4394 716 4458 vulg.
817 4396 844 4461 6)
861 4393 989 4465 ἀκοίρεος
1007 4392 1064 4447 ΟΥ.

713 4528 880 4614 Α
