2886 4882
291 222 590 309 mnemon
630 246 1094 326 nmrrr.·=srruinrn·o)
1218 248 1281 314 snt

107 417 171 474 lieo.
215 416 246 473 bt
258 424 402 490 postquem
412 413 557 490 explicarit
568 430 666 473 omues
679 416 811 474 mondum
825 415 1146 487 demolumentum
1162 421 1280 492 domiso,

106 516 212 574 erpone
234 499 299 555 milri
321 514 394 555 nunc
416 498 499 555 etde
521 498 657 573 lapidibus
679 499 748 569 illis,
771 500 817 573 qui
839 498 874 558 dc
901 509 1038 560 structure
1066 506 1149 560 turris
1178 505 1280 564 sublstl

106 591 218 640 suntet
239 582 397 657 roprobsti,
418 590 447 637 et
475 582 508 639 de
539 581 663 638 rotundis
693 583 842 657 lapidibus,
866 584 960 657 quiin
983 580 1158 646 structuram¹
1179 589 1279 647 ediectl

107 673 178 735 sunt,
200 665 282 722 etde
304 665 367 733 illis,
390 665 437 738 qui
459 664 548 721 adnuo
569 666 680 722 rotundi
701 675 901 723 remanserunt.

188 810 227 884 (ι)
248 813 324 871 xxx.
365 814 442 882 dudi,
463 816 559 889 inquit,
582 815 655 873 etde
668 815 719 873 liis.
761 817 860 874 Omnes
873 816 912 877 illi
926 816 1040 892 lepidos,
1064 820 1110 892 qui
1133 820 1166 876 de
1183 837 1279 897 campo

105 898 202 957 sublati
225 907 302 966 sunt,
333 905 361 953 ct
389 897 416 952 in
437 906 602 957 structuram
623 900 706 956 turris
727 901 810 974 positi
832 908 896 957 sunt
916 917 967 974 pro
989 902 1031 958 liis
1072 903 1117 974 qul
1139 904 1280 977 reprobati

105 990 196 1049 erunt,
220 981 329 1038 radices
359 989 423 1037 suot
446 981 516 1037 illius
544 982 652 1040 condidi
673 984 792 1050 montis,
814 984 878 1056 quin
899 985 1057 1058 quicunque
1080 1001 1112 1040 ex
1133 1003 1167 1042 eo
1186 995 1281 1046 moute

106 1064 289 1132 crediderunt,
312 1079 408 1119 ornrres
428 1063 493 1119 boni
515 1065 615 1120 inventi
637 1072 708 1122 sunt
752 1065 816 1122 ldeo
838 1073 929 1124 eorem
951 1067 1030 1124 iussit
1051 1068 1177 1126 dominus
1194 1070 1280 1129 runs

104 1166 164 1215 cos,
188 1148 349 1222 quiessent
371 1147 404 1202 de
426 1146 563 1203 radicibus
586 1147 658 1204 illius
671 1149 780 1216 montis,
803 1149 829 1204 iu
844 1156 1007 1208 structurum
1022 1152 1106 1207 turris
1128 1153 1277 1210 conlocari.

105 1225 199 1288 Scirit¹
227 1231 313 1298 enirn,
342 1230 404 1303 quis
433 1231 457 1285 si
487 1231 512 1287 in
535 1231 593 1303 ipsu
623 1230 811 1289 aedificatione
838 1232 921 1304 positi
950 1242 1060 1302 essent,
1089 1243 1282 1307 permanerent

104 1314 247 1388 splendidi,
269 1328 323 1370 nec
345 1311 428 1371 ullum
451 1329 483 1369 es
505 1312 544 1369 eis
568 1313 773 1385 signicatururn.
815 1314 880 1371 Nero
901 1314 926 1373 ei
948 1315 981 1371 de
1005 1317 1120 1374 caeteris
1141 1318 1281 1376 montibus

105 1397 250 1454 adiecisset
271 1396 298 1455 in
320 1402 485 1453 structurun
508 1396 601 1463 turris,
624 1411 738 1454 necesso
752 1395 893 1455 habuisset
914 1412 1011 1456 rursus
1032 1399 1140 1456 visitare
1162 1416 1230 1469 euru,
1252 1408 1281 1458 et

105 1495 222 1554 purpure
253 1478 334 1537 illuni.
386 1476 418 1534 tii
448 1485 536 1534 autern
565 1494 675 1543 omues,
708 1479 755 1550 qui
784 1479 961 1538 crediderunt
989 1481 1177 1556 credilurique
1207 1490 1281 1551 suut,

105 1563 213 1620 condidi
242 1561 342 1618 inuenti
370 1569 504 1629 suu13es
533 1561 617 1617 corde
640 1561 712 1617 enirn
740 1561 865 1618 credunt
907 1560 982 1619 Felix
1012 1562 1065 1620 boc
1092 1580 1194 1637 penus,
1217 1566 1282 1638 quis

107 1647 251 1703 innocuum
274 1652 324 1701 est.
365 1643 443 1710 ludi,
465 1643 560 1715 inquit,
582 1650 611 1700 et
631 1642 664 1699 de
686 1641 739 1699 illis
759 1644 884 1701 rotundis
908 1644 1115 1720 splendidisque
1134 1646 1280 1720 lapidibus.

105 1728 137 1783 ill
158 1729 186 1783 bl
208 1742 304 1785 omues
325 1724 359 1781 do
379 1725 495 1783 candido
525 1734 616 1782 nroute
646 1733 717 1783 eunt
759 1726 829 1782 lludi
850 1743 933 1796 vero,
964 1745 1048 1800 quere
1078 1728 1187 1786 rotundi
1218 1738 1283 1789 sunt

105 1811 216 1883 reperti.
259 1808 325 1877 Quia
341 1807 447 1863 divitiae
466 1825 515 1864 eos
531 1824 596 1864 sune
611 1806 738 1881 pusillum
753 1808 982 1879 obturbnveruntr
1006 1826 1061 1869 noo
1077 1820 1168 1868 nutem
1189 1828 1282 1870 reces-

106 1902 202 1949 serunt
223 1910 237 1948 u
260 1892 331 1958 lieo,
350 1906 400 1946 uec
420 1891 503 1946 ullurn
526 1890 636 1946 verbum
666 1891 766 1947 malurn
790 1892 823 1947 de
845 1909 893 1948 ore
917 1893 1054 1965 processit
1075 1893 1200 1962 illorum,
1230 1896 1282 1952 sed

106 1977 194 2033 omnis
225 1974 347 2049 aequitas
368 1981 396 2029 ct
416 1973 499 2030 virtus
531 1983 559 2030 et
585 1973 694 2029 ueritus.
740 1973 843 2030 lloruur
865 1991 933 2048 ergo
961 1984 1079 2033 rneutcru
1108 1993 1169 2032 curn
1197 1979 1281 2035 sciret

107 2057 244 2126 Dominus,
266 2056 340 2130 quod
357 2055 423 2113 boui
438 2057 494 2111 nati
516 2064 616 2125 essent,
639 2064 666 2112 el
687 2057 795 2130 possint
814 2056 880 2113 boui
902 2074 972 2124 esse,
996 2059 1075 2115 iussit
1096 2075 1163 2133 opes
1185 2070 1283 2127 eorus!

106 2141 280 2208 circumcidi,
311 2155 367 2197 nou
389 2139 415 2193 in
438 2145 602 2213 perpetuum
623 2137 699 2206 tolli,
716 2147 747 2194 ut
774 2139 807 2195 de
828 2131 966 2213 reliquiis*
988 2141 1021 2195 de
1043 2148 1152 2196 caetero
1174 2142 1285 2214 possint

105 2224 206 2297 uliquid
226 2222 293 2279 boni
320 2220 426 2287 lucere,
456 2228 484 2276 ct
514 2221 635 2277 viverent
662 2220 718 2276 lieo
741 2236 774 2276 eu
797 2220 871 2293 qnod
898 2220 932 2275 de
959 2219 1032 2276 bono
1054 2238 1155 2292 genere
1177 2230 1280 2281 essent.

107 2306 171 2362 ldeo
193 2322 259 2377 ergo
282 2300 410 2376 pusillum
434 2301 586 2356 circumcisi
608 2308 686 2368 sunt,
709 2310 736 2357 et
765 2301 793 2356 iu
815 2309 979 2358 structurum
1001 2303 1083 2359 turris
1105 2303 1187 2377 positi
1209 2310 1282 2363 sunl.

190 2448 228 2523 (s)
250 2448 338 2508 xxxi.
380 2448 485 2505 Castori
508 2467 572 2507 vero
595 2449 698 2524 lapides
720 2450 839 2519 rotundi,
861 2450 908 2523 qui
931 2448 1050 2504 noudum
1074 2452 1129 2523 apli
1149 2459 1227 2509 eruut
1247 2452 1282 2511 ad

108 2545 272 2594 structuram
294 2533 386 2601 turris,
411 2531 526 2588 necdum
550 2533 620 2588 enim
639 2541 802 2605 acceperunt
815 2531 942 2606 sigillum,
963 2540 991 2586 et
1010 2531 1071 2588 ideo
1083 2532 1198 2606 repositi
1220 2543 1283 2593 sunl

108 2622 133 2675 in
164 2620 253 2675 lorum
283 2632 377 2684 suurn,
406 2615 468 2688 quin
495 2614 571 2673 valde
602 2615 714 2671 rotundi
744 2622 817 2672 suut.
858 2614 973 2690 Oportet
1002 2622 1092 2670 nutern
1121 2616 1279 2675 eircumcidi

107 2768 315 2784 W

107 2863 185 2914 rniuus
202 2858 275 2911 tnrrls
292 2858 389 2909 lacones
400 2856 532 2919 resarcivit,
551 2872 609 2922 quus
623 2865 681 2922 post
715 2857 763 2918 19,
781 2857 854 2909 Cleon.
872 2854 938 2907 llorn
957 2856 1026 2908 llonr.
1039 2856 1063 2918 7,
1073 2858 1097 2908 6.
1118 2855 1156 2916 18,
1173 2855 1212 2909 15.
1275 2895 1282 2910 .

110 2928 304 2994 reprobationem
321 2926 428 2991 lepidum
446 2939 474 2975 es
494 2924 680 2988 reterepopulo
715 2925 795 2975 llutrb.
816 2926 854 2986 ll,
872 2925 914 2973 25.
943 2923 1130 2985 Recogncleur.
1148 2924 1166 2986 l,
1181 2923 1222 2975 42.
1275 2962 1282 2977 .

109 2999 151 3047 bei
167 2993 436 3058 desumptoriuuriderc
450 3001 508 3042 erat.
535 2992 609 3043 Sicuti
620 2991 681 3042 dde—
766 2992 794 3056 8)
812 2992 839 3041 ln
850 2992 900 3041 Vsu
917 2992 963 3054 leg.
980 2992 1040 3041 ledi
1058 2999 1134 3042 estest
1151 3006 1223 3056 quone
1239 3004 1281 3042 ro-

114 3065 176 3112 libus
194 3079 222 3112 ex
239 3071 318 3112 uetere
336 3062 379 3111 Dei
403 3060 497 3124 populo
515 3059 582 3123 prius
601 3074 681 3122 oppo-
714 3060 781 3110 tundi
798 3066 851 3108 sunt
868 3062 952 3123 reperti
970 3060 1052 3109 dicitis
1077 3073 1118 3109 sate
1143 3073 1184 3108 eoa
1201 3060 1282 3121 pusil-

112 3131 229 3180 nebsntur
245 3129 335 3179 novelli
354 3128 378 3176 in
400 3127 448 3177 llde
468 3127 526 3188 (Vis.
545 3127 568 3187 3,
587 3128 630 3188 5.),
648 3126 680 3175 ltu
715 3128 762 3176 lum
781 3127 961 3176 obscuraverunt
978 3143 993 3175 o
1008 3127 1106 3176 veritate
1125 3132 1194 3190 alque
1213 3125 1283 3189 obfir-

112 3197 165 3246 bcio
184 3196 362 3257 distinguuntur
382 3194 411 3243 eb
429 3192 560 3243 lnlnntibns
574 3200 681 3243 veterum
715 3199 843 3243 senserunt.
869 3194 886 3241 l
904 3194 948 3242 deo
966 3209 1018 3243 nero
1035 3207 1158 3258 nunquam
1175 3206 1282 3245 recesse-

111 3264 217 3313 lidelium
229 3263 326 3311 iuuenes
338 3261 495 3310 novellorum.
519 3260 679 3309 duclorenrln
713 3268 767 3310 runt
792 3275 833 3309 nec
858 3261 930 3309 ulluen
955 3263 1049 3310 corbum
1083 3262 1170 3310 molum
1196 3254 1225 3309 lle
1244 3272 1285 3311 cre

111 3349 131 3380 c.
148 3331 188 3381 21.
215 3330 293 3379 minus
318 3336 428 3377 occurute
455 3327 556 3375 novellis
583 3327 608 3375 in
632 3327 679 3375 lide
712 3329 827 3391 processit
844 3342 928 3378 enum.
962 3328 1011 3377 Clr.
1031 3343 1051 3377 c.
1070 3328 1109 3389 6.;
1132 3328 1179 3376 vis.
1196 3327 1221 3387 3,
1239 3327 1281 3389 b.;

111 3405 220 3462 quartum
236 3404 341 3446 montem
360 3394 511 3456 assignasse,
538 3400 563 3441 ut
591 3393 680 3441 mauult
714 3395 772 3444 snn.
791 3394 814 3455 8,
835 3395 872 3445 10.

111 3461 256 3526 Hilgenfeld,
274 3463 312 3511 rix
322 3461 473 3511 crediderim.
503 3460 561 3509 liam
575 3458 635 3507 illud
648 3461 679 3508 od
766 3463 794 3520 9)
810 3468 892 3523 pessel
910 3461 968 3519 Vnt,
987 3460 1026 3522 qui
1045 3474 1110 3507 roco.
1130 3459 1200 3507 boens
1220 3472 1281 3522 quo·

113 3534 240 3581 simulacro
255 3525 468 3590 redireil’elnilrll
488 3526 518 3575 de
530 3528 616 3575 iterum
631 3541 681 3575 ser·
714 3543 758 3592 que
775 3542 917 3592 personuere,
937 3532 959 3575 et
977 3541 1025 3574 nou
1045 3524 1161 3586 opuoeclt

111 3599 194 3647 ciendo
213 3596 258 3656 lis)
284 3593 437 3644 referendo·
463 3592 493 3641 nd
519 3592 590 3653 illos,
618 3605 679 3655 quus
766 3594 807 3658 111)
827 3593 878 3643 lion
900 3594 962 3642 enim
986 3595 1011 3639 io
1032 3597 1106 3641 totuis
1127 3605 1207 3641 eorem
1231 3592 1284 3645 tolli

113 3665 266 3712 desolaverit
279 3661 357 3711 blond
369 3660 407 3718 10,
416 3661 438 3710 2.
461 3659 564 3720 lupressi
584 3659 679 3722 quidem
718 3669 743 3712 ut
760 3663 855 3725 possint
872 3660 964 3721 aliquid
982 3659 1037 3709 lest
1051 3660 1130 3722 (were
1146 3657 1197 3708 Vel.

114 3732 208 3778 luerent
227 3729 412 3776 instructurum
433 3726 505 3775 torris
516 3726 610 3789 lapides
625 3740 683 3789 sup·
772 3729 799 3778 ll
835 3733 856 3775 et
875 3725 924 3788 ipsi
942 3738 988 3774 oua.
1007 3724 1058 3775 vet

115 3794 265 3859 plemeuturli
279 3801 433 3856 eoteurpore‚
445 3794 612 3856 quossennae,
626 3793 685 3856 quid
772 3794 801 3842 12
832 3793 963 3841 circumcisi
980 3799 1002 3840 et
1019 3793 1094 3853 positi
1111 3799 1164 3841 eunt
1182 3792 1233 3841 tet.

112 3863 349 3924 siguilreeutnrontes
363 3858 685 3923 duodecim,explicabotor;
769 3859 826 3921 (Iup.
843 3857 920 3907 xxlll.
957 3858 984 3921 1)
1002 3862 1049 3909 esti
1066 3865 1121 3909 scot
1138 3861 1164 3907 in
1180 3871 1208 3906 en
1219 3864 1284 3909 stru·

114 3946 163 3980 uon
182 3945 241 3979 turo
260 3929 290 3979 de
308 3927 369 3987 istis,
388 3927 487 3990 perr-ula
502 3927 611 3978 nimirum
625 3926 684 3975 udl-
718 3935 784 3977 ctoru
800 3940 824 3988 p.
843 3925 894 3989 epti
912 3927 997 3988 reperti
1014 3932 1068 3976 sunl
1079 3928 1104 3975 in
1119 3938 1173 3974 m
1182 3929 1283 3974 slrrtcln·

116 3997 163 4048 ndi
182 4005 259 4060 purte,
279 3994 323 4044 sed
345 3993 374 4043 de
396 3993 488 4042 cunetis
507 3994 586 4055 egitur
602 4009 623 4042 c.
643 3993 684 4053 21,
718 4008 767 4043 rom
789 3993 852 4051 Vnt,
883 3991 923 4042 ubi
947 4006 993 4043 oru.
1010 3993 1037 4041 is
1059 3998 1115 4042 ento
1137 3991 1198 4042 lens·
1232 3988 1285 4043 vlt.

114 4065 154 4128 qui
176 4065 205 4114 de
223 4071 308 4128 qnorto
326 4069 407 4112 monle
424 4069 487 4110 sunt.
511 4060 581 4118 Quod
600 4057 684 4108 douln-
718 4074 790 4122 snprs
809 4075 830 4108 c.
848 4060 872 4110 9.

115 4132 167 4192 quit
183 4131 245 4180 inter
262 4137 348 4180 oetcccs
368 4133 393 4177 in
408 4130 453 4189 fide
475 4134 497 4176 cl
516 4127 634 4184 novellos,
660 4123 685 4172 id

116 4211 218 4260 prorsus
237 4196 390 4247 auctorizes
407 4208 434 4242 ex
451 4192 540 4244 ludneo
559 4190 686 4240 Cbristieni
770 4193 827 4256 Cep.
846 4194 923 4244 xxix
958 4191 983 4256 1)
1001 4198 1118 4242 structura
1135 4190 1185 4241 Pal.

116 4263 181 4313 leoli.
225 4263 274 4313 Clu.
296 4263 342 4326 Ep.
373 4259 496 4311 Bnrusboe
527 4272 596 4321 supp.
615 4258 641 4308 ὃ.
661 4257 685 4307 7.

118 4330 156 4380 13.
174 4326 241 4385 λαός
258 4327 363 4391 καινὸς,
382 4342 452 4391 cspp.
471 4327 510 4379 11.
531 4327 569 4376 lb.
590 4320 685 4381 tadeo
772 4327 830 4390 Cep.
849 4327 915 4377 lxx.
953 4325 977 4389 1)
994 4325 1034 4376 sn
1052 4323 1102 4374 Pal.

115 4391 240 4464 μεταξύ,
263 4395 332 4459 lllp.
354 4394 430 4445 Closs.
447 4393 514 4446 lloun
537 4393 568 4445 sd
592 4388 646 4443 Cor.
665 4406 686 4441 c.
769 4393 797 4458 1)
813 4395 928 4459 reliquiae
945 4391 995 4444 Pel.

1022 4472 1075 4526 36*
