2886 4882
166 243 292 303 toolrrt
312 243 475 303 Eltsrots
498 245 540 301 to
563 244 589 302 S.
611 242 790 301 tortlmtmt
810 242 853 301 tlt
875 244 917 300 Ao
939 242 967 301 S.
990 242 1128 302 muttit,
1177 238 1237 300 ³49

407 402 472 486 [io
502 409 688 479 orooro,
718 408 889 467 ALTERA.

314 522 439 572 totitem
459 520 577 571 SANCTO
598 521 727 581 SENlORl,
745 521 821 570 SUUS
838 521 988 571 lGNATlUS.

145 645 173 702 Si
195 645 298 701 licitum
322 654 364 701 est
385 646 451 701 milri
482 646 553 721 oputl
577 654 617 713 te,
646 644 679 701 acl
702 644 908 720 Hierosolymam
931 654 1023 719 partes
1045 645 1104 701 volo
1127 646 1236 702 adscen-

60 732 134 798 dere,
156 738 183 785 et
204 728 295 784 videre
319 727 412 785 fideles
435 728 550 785 Sanctos
579 728 626 801 qui
648 728 683 783 ilii
705 736 780 783 sunt:
810 729 958 802 praecipue
980 727 1089 785 llariom
1121 736 1236 785 nictrenr

61 815 140 881 lesu,
162 829 242 885 «poam
265 812 359 867 dicunt
377 813 510 867 rmirersis
528 810 720 877 admirandam,
742 818 769 866 et
786 813 891 867 cunctis
909 811 1125 869 desiderabilem.
1152 810 1238 878 Quem

61 898 133 951 enim
151 911 206 950 noo
221 894 338 951 delectet
360 895 449 951 videre
465 911 523 949 eom
545 902 573 949 ct
595 892 705 966 alloqui,
728 909 798 966 quoe
811 911 904 950 verum
919 893 1002 951 ileum
1021 894 1054 951 tle
1072 912 1102 949 se
1123 894 1238 968 peperit,

60 981 83 1035 si
108 986 217 1034 nostroe
241 978 277 1032 sit
298 976 361 1032 lrdoi
385 986 412 1033 et
434 977 573 1050 religionis
596 976 718 1032 omicusl
761 976 892 1033 Similiter
914 986 942 1033 el
962 977 1036 1032 illum
1055 975 1238 1033 venerabilem

61 1060 204 1128 iacobum,
237 1060 283 1133 (pri
306 1060 515 1133 cognominetur
538 1058 642 1115 lustris:
670 1076 751 1132 quem
780 1060 905 1115 relerurrt
924 1060 1032 1116 Christo
1054 1059 1115 1116 lesu
1137 1057 1238 1115 similli-

62 1161 135 1200 rmrm
158 1144 235 1212 iccio,
260 1144 312 1197 rita
333 1153 360 1199 et
382 1143 464 1198 morlo
489 1142 713 1210 conversationis,
737 1160 769 1198 oc
790 1144 813 1198 si
828 1143 950 1199 ciusdem
970 1143 1040 1198 uteri
1058 1142 1143 1199 irater
1164 1150 1240 1197 esset

61 1226 199 1301 gemellus.
229 1226 323 1298 Quem,
346 1226 450 1292 dicunt,
473 1225 612 1291 simlero,
635 1223 715 1280 video
730 1234 756 1280 et
771 1226 858 1299 ipsum
875 1226 963 1281 lesum
978 1225 1129 1281 secundum
1150 1226 1241 1280 omnia

62 1310 189 1383 eorporis
209 1310 268 1365 eius
290 1308 459 1364 lineamento.
502 1307 645 1364 Praetereo
668 1316 792 1363 coeteros
815 1317 939 1376 sanctos,
962 1317 990 1363 et
1011 1317 1128 1367 satietas.
1172 1306 1240 1373 lleu,

62 1393 128 1466 quirl
151 1395 265 1448 morort
288 1392 353 1469 quid
377 1391 521 1449 detineor?
565 1390 638 1447 Bone
660 1398 830 1464 praeceptor,
849 1407 1000 1465 properare
1022 1407 1065 1447 mc
1088 1390 1190 1459 iubeas,
1213 1398 1241 1445 et

61 1476 158 1531 valeas.
200 1463 312 1549 limem]

369 1711 414 1796 [ll.
444 1723 606 1780 tortori!
636 1723 687 1779 All
717 1722 745 1779 S.
772 1721 932 1778 ttssstltl

220 1829 361 1885 vrromrcrs,
376 1829 494 1877 ulmeri
508 1833 606 1878 oorrrro
620 1833 720 1879 rosrm
733 1831 797 1877 reso
813 1829 927 1883 cneori
942 1826 1082 1874 semrom.

265 2010 269 2023 ι
342 1938 562 1990 llllRlSTlFEllAE
581 1941 697 1997 prome,
718 1940 793 1989 sutis
815 1938 964 1989 tollemus,

147 2068 188 2125 lle
212 2070 388 2144 neophytum,
414 2070 597 2145 lolmonisque
620 2073 659 2129 tui
681 2071 853 2145 discipulum,
878 2070 1033 2127 confortare
1055 2080 1082 2127 et
1103 2069 1240 2127 consolari

65 2153 208 2209 debueras.
252 2152 289 2209 lle
312 2152 372 2209 lesu
402 2154 474 2209 enim
504 2164 550 2210 tuo
579 2154 690 2229 percepi
720 2155 788 2210 mira
815 2154 904 2221 «lictu,
934 2162 962 2210 et
990 2152 1159 2225 stupefactus
1180 2169 1240 2209 som

65 2253 96 2290 ex
119 2236 220 2292 auditu.
263 2239 283 2290 Α
306 2246 330 2291 te
353 2244 457 2304 eutem,
490 2256 559 2310 cproe
584 2253 694 2311 semper
721 2237 745 2291 ci
774 2236 847 2292 luisti
874 2235 1011 2291 santiliaris
1035 2245 1062 2292 ct
1089 2238 1241 2299 coniuncta,

65 2329 92 2373 et
113 2329 283 2374 secretorum
306 2320 365 2374 eius
388 2320 512 2388 conscio,
547 2320 675 2376 clesiclero
697 2335 729 2375 ex
759 2319 847 2376 animo
871 2317 928 2375 fleri
954 2319 1056 2375 certior
1077 2318 1110 2374 de
1132 2318 1241 2373 coclitis.

66 2400 170 2475 Scripsi
193 2401 240 2458 titi
263 2402 342 2459 etiam
366 2402 445 2470 alios,
479 2412 505 2459 et
527 2404 618 2476 rogavi
641 2403 674 2458 de
696 2402 833 2458 eisdem.l
854 2400 963 2458 Valeas:
994 2409 1020 2458 et
1041 2399 1170 2473 neophyti
1194 2398 1239 2473 qni

67 2501 173 2541 mecum
198 2494 269 2552 suot,
292 2503 323 2540 ex
346 2494 370 2540 tc
394 2495 420 2540 et
444 2495 540 2559 perte
563 2487 635 2541 etio
660 2495 684 2540 te
709 2484 907 2543 confortentur.
950 2475 1059 2559 Aruer]
