2886 4882
320 231 443 293 rotatu
465 231 628 294 uetsrota
649 236 691 292 ΑΙ)
713 234 879 296 llOllllllOS.
907 238 940 298 ll.
962 238 1007 301 lll.
1028 241 1069 299 lV.
1226 238 1284 303 167

439 433 471 491 ll.
507 436 598 495 Nolite
618 454 662 494 mo
682 439 816 509 martyrio
829 440 942 513 eripere.

187 551 256 608 llolo
278 553 350 609 onim
371 569 420 609 vos
442 553 598 611 hominihus
620 552 737 628 placere,
761 554 810 611 sed
831 553 940 628 placore
961 555 1025 625 lleo,
1048 561 1277 631 quemadmodum

103 643 130 690 et
159 650 209 691 ros
238 637 263 692 oi
290 635 414 711 placetis.
456 636 512 694 llec
534 639 605 695 enlm
628 654 679 711 ego
708 654 826 710 unquam
857 637 909 693 tale
939 645 1045 713 tempus
1068 642 1122 699 lleo
1154 647 1278 716 potiendi

101 718 249 792 attingam,
271 736 324 775 uec
344 736 401 788 vos,
422 720 445 776 si
461 719 600 789 silueritis,
624 720 729 777 meliori
754 722 829 795 operi
847 720 960 776 inscribi
979 725 1111 796 poteritis.
1148 726 1177 781 Si
1203 729 1275 786 enim

103 801 136 858 de
158 819 201 857 me
224 800 363 871 silueritis,
383 820 434 876 ogo
452 801 498 860 bei
513 802 589 870 liam3
613 806 636 860 si
657 813 746 860 autem
769 821 877 861 carnem
892 821 978 860 nicam
999 808 1162 875 amaveritis,
1185 809 1275 868 ilonuo

102 884 169 942 mihi
191 886 246 942 erit
265 885 439 944 currendum.
469 886 556 943 Nolite
578 887 639 962 plus
661 888 726 944 mihi
749 887 890 962 praebere,
913 904 993 961 quam
1015 896 1044 945 ut
1065 890 1192 948 immoler
1212 892 1277 959 lleo,

103 967 167 1025 dum
189 969 278 1025 adhuc
301 969 383 1026 altare
405 977 528 1042 paratum
549 978 606 1040 est,
638 979 667 1027 ut
695 971 722 1026 in
755 970 885 1028 charitate
917 971 1020 1028 chorus
1053 972 1142 1028 ellecti
1174 976 1275 1032 canatis

101 1051 175 1108 Patri
197 1053 225 1107 in
240 1052 347 1108 Christo
363 1052 432 1117 lesu,
455 1054 529 1127 quod
546 1055 617 1111 heus
639 1056 799 1127 episcopum
823 1053 917 1129 Syriae
940 1056 1054 1111 inveniri
1076 1056 1201 1129 dignatus
1224 1065 1274 1123 est,

101 1133 136 1190 ab
158 1134 268 1191 Oriente
289 1136 499 1192 indecideutem
522 1154 584 1194 euna
606 1153 759 1193 arcessens.
790 1136 891 1193 llouum
914 1146 965 1205 ost,
988 1155 1002 1194 a
1024 1139 1125 1196 mundo
1148 1140 1276 1197 occidere

100 1216 135 1273 ad
158 1217 251 1286 lleuru,
273 1219 350 1274 utin
374 1219 434 1292 ipso
456 1220 538 1275 oriar.

141 1399 187 1455 lll.
231 1402 335 1474 Ropote
355 1406 448 1476 potius
470 1405 568 1467 Deum,
591 1412 621 1459 ιιι
644 1400 869 1476 od'mortpriom
889 1405 957 1461 mihi
978 1408 1053 1462 vires
1073 1407 1233 1482 suppeditet.

184 1517 255 1574 Nulli
277 1535 394 1592 unquam
416 1519 564 1588 invidistis3
585 1518 653 1576 alios
675 1520 816 1577 docuistis.
844 1520 900 1594 Ego
924 1538 988 1579 voro
1010 1521 1054 1579 illa
1069 1540 1179 1597 quoque
1195 1523 1274 1581 lirura

98 1620 163 1661 esse
183 1601 254 1671 uolo,
277 1618 345 1675 quae
369 1603 474 1659 docetis
496 1610 525 1659 ot
545 1605 709 1677 praecipitis.
752 1602 828 1659 Vires
852 1611 953 1661 tantum
970 1605 1034 1661 inibi
1058 1614 1086 1662 et
1103 1608 1224 1664 internas
1247 1616 1275 1664 et

98 1695 226 1745 externas
247 1686 340 1759 petite,
362 1695 392 1742 ut
413 1702 465 1741 nou
488 1686 576 1743 solum
598 1686 703 1758 loquar,
726 1686 775 1743 sed
795 1695 823 1741 et
843 1686 936 1754 velim3
964 1697 993 1743 ut
1015 1705 1068 1744 non
1090 1690 1177 1745 solum
1200 1691 1275 1748 dicar

98 1771 279 1837 Christianus,
308 1769 357 1825 sed
377 1776 404 1825 et
425 1770 554 1826 inveniar.
597 1769 626 1824 Si
648 1771 719 1825 euim
741 1770 863 1825 inventus
886 1769 973 1839 luero,
996 1772 1075 1828 etiam
1099 1772 1153 1829 dici
1175 1781 1273 1846 potero

98 1853 279 1920 Christianus,
301 1861 329 1908 et
352 1860 415 1909 tunc
436 1851 527 1908 fidelis
549 1868 611 1908 esse
633 1852 743 1916 valebo,
770 1869 830 1909 curn
855 1854 957 1910 mundo
979 1854 1092 1929 amplius
1116 1872 1170 1912 noo
1193 1872 1273 1930 appa·

97 1935 175 1994 rehu.
210 1935 289 2004 Nihil,
311 1936 386 2009 quod
409 1944 529 2009 apparot,
552 1935 653 1991 bonum
677 1945 727 1992 est
760 1936 842 2004 ,Quae
865 1937 937 1993 enim
959 1937 1091 2007 ridentur,
1114 1939 1273 2013 temporalia

98 2027 179 2086 suut;
208 2034 277 2094 quae
298 2034 362 2076 vero
383 2035 438 2074 nou
459 2019 593 2082 videntur,
615 2026 723 2074 aeterua
742 2018 821 2075 sunt‘
861 2020 981 2093 b'amque
1003 2022 1063 2094 ipso
1086 2023 1156 2079 llous
1179 2031 1275 2080 rioster

98 2102 176 2161 lesus
200 2102 322 2159 Christus
352 2102 448 2158 iterum
471 2101 497 2157 in
520 2110 596 2176 patre
619 2101 736 2157 existens
757 2105 841 2175 magis
864 2103 1061 2163 manifestatur.
1097 2105 1155 2162 llon
1174 2105 1272 2162 silentii

98 2193 210 2254 tantum,
233 2185 282 2242 sed
302 2183 494 2258 magnitudinis
517 2201 586 2258 opus
609 2191 651 2239 est
672 2183 901 2242 Christianismus.

153 2349 194 2407 lV.
236 2351 324 2408 Sinite
346 2369 387 2407 me
408 2353 533 2424 [ονονιιιιι
555 2350 682 2407 dentibus
703 2353 777 2414 moti,
800 2360 829 2408 ιιι
847 2352 932 2424 ponis
954 2352 1055 2409 Christi
1076 2355 1212 2411 invenior.

181 2467 237 2540 Ego
267 2466 391 2523 ecclesiis
420 2468 528 2535 scribo,
557 2464 737 2538 omnibusque
764 2466 879 2532 maudo,
912 2468 986 2540 quod
1016 2466 1113 2522 lubens
1141 2484 1192 2539 pro
1216 2469 1270 2524 lleo

98 2551 208 2618 moriar,
230 2549 364 2623 siqraidem
386 2567 433 2606 vos
455 2567 498 2608 me
521 2565 575 2605 non
592 2547 753 2623 impediatis.
783 2547 904 2604 Obsecro
925 2564 983 2616 vos,
1006 2565 1039 2603 ne
1057 2549 1271 2622 intempestivam

150 2779 177 2844 5)
196 2780 274 2829 Locus
295 2794 322 2829 ox
343 2778 362 2828 ll
375 2778 429 2827 Cor.
442 2778 465 2834 l,
482 2775 519 2826 18.
539 2775 669 2826 translatus
703 2771 787 2844 ἕδραι·
806 2771 900 2842 ἔργον,
925 2772 989 2827 οὐδ’
1016 2772 1033 2826 el
1056 2775 1155 2840 ῥοιᾶς,
1184 2783 1209 2824 ut
1234 2790 1273 2825 re-

100 2850 168 2899 deest
187 2862 226 2911 ap.
244 2856 288 2897 ret.
307 2847 365 2905 lut,
385 2847 471 2909 Syrum
493 2845 522 2903 1,
542 2844 565 2892 in
586 2845 669 2906 lragm.
703 2843 808 2906 sperarit
826 2843 963 2906 Bacchylid.
987 2850 1010 2893 ct
1032 2792 1075 2892 lla
1095 2843 1144 2892 llet.
1170 2843 1272 2893 iorsitau

100 2918 166 2980 Syr„
186 2916 279 2965 tima
307 2923 331 2964 et
348 2914 372 2963 2.
406 2913 433 2962 ll.
461 2911 499 2960 ed.
517 2911 552 2961 ll'.
575 2911 669 2961 rrocinis
704 2912 839 2960 sessionis!
865 2913 939 2970 Quam
952 2911 1048 2975 quidem
1061 2910 1207 2970 locutionem
1220 2912 1271 2960 lau-

97 2983 203 3034 inclusit
704 2978 782 3026 datam
803 2977 877 3028 habes
898 2979 1043 3042 allionysio
1063 2978 1139 3028 llalir.
1161 2979 1184 3027 in
1209 2978 1271 3029 libro

150 3051 177 3110 6)
196 3049 304 3099 Christus
322 3063 349 3097 ox
368 3063 416 3112 quo
435 3047 465 3096 ad
485 3055 575 3110 patrem
589 3045 669 3105 rediit,
706 3045 776 3113 Περὶ
797 3041 965 3103 Συνθέσιως
988 3045 1051 3098 'Ouo
1075 3039 1162 3097 droa:
1181 3046 1273 3108 ptos.

98 3134 174 3169 norae
199 3125 322 3166 creaturae
345 3116 431 3179 spiritu
455 3130 500 3163 suo
520 3113 670 3163 mauilostior
704 3113 741 3163 ed.
762 3114 863 3177 Upton.,
888 3129 932 3162 nec
955 3129 1004 3163 non
1031 3062 1199 3161 elnonenses»
1216 3111 1273 3161 xlv.

97 3188 131 3248 llt,
149 3186 303 3249 glorioseque
321 3191 422 3246 apparet
440 3181 572 3245 operando.
702 3180 743 3230 ao.
762 3182 788 3231 ll.
806 3181 863 3231 289.
899 3181 1032 3242 Schweigb.
1050 3179 1107 3230 llire
1125 3178 1273 3229 Walriusab

148 3255 175 3316 ῖ)
194 3254 227 3302 lta
248 3250 306 3300 Cod.
326 3250 394 3300 Colh.
411 3251 491 3309 cuius,
510 3248 529 3296 si
549 3248 668 3297 Clericum
704 3247 823 3298 Christian
841 3248 861 3296 is
881 3256 923 3298 not
942 3265 954 3298 a
973 3248 1039 3298 worlr
1060 3248 1087 3296 ol
1104 3245 1210 3310 opinion,
1229 3246 1272 3296 hut

98 3322 194 3379 audias,
218 3319 335 3379 sententia
355 3327 404 3377 est,
424 3317 582 3366 Christianam
610 3315 669 3364 reli·
704 3317 732 3366 ol
749 3325 871 3378 greatness
893 3315 919 3365 ol
935 3316 1014 3376 mlnd,
1040 3313 1184 3380 (especially
1202 3313 1270 3364 when

97 3390 193 3452 ρίοιιοιιι
214 3403 263 3437 nou
294 3401 347 3436 esse
376 3400 437 3450 quac
464 3383 547 3434 timido
570 3381 667 3432 silentio
704 3383 732 3433 be
756 3385 776 3433 is
802 3383 873 3433 bated
902 3384 932 3447 by
956 3384 995 3433 tbe
1021 3381 1120 3444 world.)
1139 3381 1273 3432 Wocheros

97 3456 174 3521 premi
193 3455 294 3514 debeat,
321 3454 365 3503 sed
390 3467 461 3518 quam
478 3451 669 3522 μεγαληγορία
703 3459 820 3514 praestat:
845 3451 916 3500 Nlrbt
942 3450 997 3499 blos
1026 3450 1050 3498 in
1074 3449 1203 3514 Stillesepu
1228 3449 1273 3499 ho-

97 3523 182 3588 (quod
209 3521 260 3572 rult
284 3521 389 3583 lgnatius
422 3536 481 3570 voce
512 3518 668 3588 μεγέθους)
703 3519 781 3568 stehct
801 3517 843 3567 das
855 3516 1041 3577 Christenthum,
1060 3518 1165 3568 sondcrn
1185 3517 1209 3567 in
1229 3516 1273 3567 dor

98 3592 226 3642 comitetur
241 3604 340 3639 necesse
359 3597 403 3648 est,
422 3588 516 3653 qualem
535 3586 559 3635 in
571 3592 668 3634 autece-
702 3583 840 3649 [geistigem
865 3585 961 3635 Crasse.
985 3584 1033 3635 loc.
1068 3581 1274 3649 lnterpolatoroa'r

97 3658 210 3708 dentibus
236 3664 259 3707 et
281 3657 437 3719 sequentibus
463 3654 541 3705 verbis
559 3652 667 3702 animad—
702 3654 857 3721 πεισμονῆς
876 3649 908 3702 τὸ
922 3649 1027 3720 Ἔργον,
1047 3649 1117 3704 ἀλλὰ
1132 3652 1273 3721 μεγέθους

97 3734 190 3776 sertem
208 3732 252 3773 est.
287 3723 340 3773 llsti
360 3724 488 3773 lectionem
508 3736 561 3770 cum
581 3720 666 3769 Vossio
701 3715 1001 3786 ἐστὶνὸΧριστιανός.
1023 3720 1197 3784 hletaphrastes
1210 3720 1272 3770 hano

96 3793 130 3841 ita
148 3792 268 3854 retinguet
283 3789 390 3840 Smithus
409 3797 432 3840 et
445 3789 565 3839 lluchatus
583 3802 610 3838 ex
623 3788 666 3837 lnt.
701 3788 842 3837 sententiam
863 3787 886 3835 in
906 3787 995 3836 nostris
1007 3788 1104 3851 quidem
1115 3787 1192 3837 Codd.
1202 3787 1270 3836 ΔΕΝ

96 3867 158 3910 aet:
177 3855 218 3910 od
240 3860 396 3944 πεισριονῆς
420 3856 453 3907 τὸ
478 3853 572 3922 ἔργον,
597 3852 668 3906 ἀλλὰ
702 3855 789 3904 omisit.
824 3855 945 3918 lnterpres
958 3861 1010 3914 ret,
1032 3856 1085 3919 Syr.
1100 3856 1122 3905 l.
1141 3862 1165 3903 et
1174 3854 1237 3902 Arm.
1246 3851 1269 3902 2.

96 3926 237 3995 μεγέθους
258 3921 372 3977 ἐστινὸ
398 3917 584 3994 Χριστιανός,
612 3917 665 3991 μά·
702 3923 746 3984 leg.
764 3921 874 3973 videntur
892 3919 933 3974 od
951 3923 1107 3990 πεισμονῆς
1123 3917 1155 3970 τὸ
1178 3917 1269 3986 ἔργον,

97 3995 179 4045 λιστα
208 3988 280 4045 ὅταν
307 3993 426 4060 modam
463 3989 519 4044 ὑπὸ
549 3985 665 4059 κόσμου.
701 3987 771 4041 ἀλλὰ
793 3989 934 4058 μεγέθους
961 3986 1039 4041 ἔστιν
1062 3985 1078 4039 ὁ
1101 3989 1271 4055 Χριστιανο-

98 4055 668 4127 8οκοοιίοιορ1ιι.1ιο1ιοιεΟὐπεισμσνῆς
701 4054 781 4125 σμὸς,
798 4052 1003 4125 deceptoriam
1022 4051 1079 4106 alud
1096 4046 1212 4122 κόσμου.
1244 4052 1270 4101 ln

98 4077 131 4179 al
163 4125 257 4198 ἔργον,
288 4123 358 4178 ἀλλὰ
379 4125 520 4195 μεγέθους
542 4123 621 4178 ἔστιν
650 4121 665 4175 ὁ
701 4124 819 4175 Timothei
852 4124 915 4173 libro
939 4131 1023 4173 eontra
1046 4119 1131 4170 concil.
1156 4116 1270 4169 chalced

98 4188 666 4262 Χριστιανός·ὅτανμισῆτοιὺπόκόσμου,
699 4192 755 4254 (alr.
773 4191 878 4242 Cureton
904 4191 919 4240 l.
938 4190 953 4240 l.
971 4204 995 4253 p.
1013 4187 1066 4247 42.)
1083 4187 1194 4235 vortitur:
1217 4185 1271 4236 Noas

96 4263 224 4331 φιλεῖται
241 4258 320 4328 παρὰ
339 4262 418 4314 Θεοῦ.
452 4260 527 4310 Nimis
552 4260 667 4310 audacter
700 4267 734 4308 est
753 4275 811 4323 opos
831 4260 875 4308 hoa
892 4257 1069 4322 persuasionis,
1088 4255 1129 4301 scd
1149 4254 1269 4315 mositat-

98 4347 143 4382 neo
156 4327 476 4382 tamouieliciteromeudat
490 4327 606 4390 Tonpius,
641 4326 665 4375 ui
700 4327 762 4375 dinis
780 4333 815 4376 est
835 4324 989 4384 Christianus,
1007 4318 1100 4385 oscado
1122 4320 1177 4370 odio
1198 4321 1270 4371 lioba·

98 4397 129 4449 ad
147 4398 277 4464 mmmmm
295 4395 438 4462 exemplaris
455 4393 505 4446 sui:
524 4394 597 4458 ,Lego
615 4410 631 4444 ο
688 4399 738 4454 ¹tor
758 4410 773 4443 ο
793 4392 886 4444 morto.
