2886 4882
273 232 399 291 llllld'lll
421 231 584 291 urtsrom
610 231 1072 294 abuenu8108‚v1.vtt.vtlt.
1207 232 1261 292 127

80 416 171 468 suam,
194 399 269 456 huno
292 401 328 456 ita
350 401 474 473 accipere
498 399 637 468 debemus,
660 408 689 455 ιιι
711 399 782 454 illum
802 399 890 472 ipsum
912 401 958 471 qui
973 400 1059 456 mittit
1090 399 1261 455 Manifestum

82 486 169 557 igitur
185 491 236 549 est,
257 484 329 556 quod
341 485 500 556 episcopum
518 484 656 556 respicere
668 491 792 555 oporteat
814 491 843 537 ut
864 484 952 554 ipsum
977 482 1126 539 bominum.
1154 474 1259 556 Etfjpse

82 569 197 640 quidem
222 565 364 622 Onesimus
392 585 474 640 supra
505 568 613 622 modum
644 565 735 620 laudat
766 573 884 620 rostrum
919 565 1057 620 decentem
1086 567 1259 639 divinumque

82 652 220 717 ordinem,
242 651 316 722 quod
338 668 433 706 omues
455 651 604 705 secuudum
625 650 765 704 veritatem
788 649 889 715 vivatis,
912 656 939 703 el
961 648 1033 720 quod
1055 650 1186 704 intervos
1204 666 1258 704 om·

83 736 152 789 uino
174 733 247 788 nulla
269 734 391 790 haeresis
414 733 570 801 delitescat,
591 732 640 788 sed
661 749 750 803 neque
776 731 875 788 auditis
899 731 1013 804 aliquem
1036 731 1157 805 amplius,
1180 749 1259 805 quam

84 817 177 873 lesum
200 817 345 885 Christum,
368 819 413 890 qui
437 817 557 890 loquitur
579 817 605 871 iu
629 815 749 871 veritate.

84 967 232 1032 sanandas,
260 984 320 1023 eum
346 985 392 1023 vos
424 969 459 1023 ita
490 967 630 1040 suscipere
656 973 780 1040 oportet,
812 974 842 1020 ut
870 965 943 1021 illum
975 966 1063 1039 ipsum
1096 964 1142 1036 qui
1173 963 1261 1019 mittit.

84 1050 162 1106 Unde
185 1058 262 1105 certo
285 1059 410 1124 apparet,
431 1051 597 1124 Episcopum
621 1051 656 1104 ita
680 1058 709 1103 ιιι
730 1049 870 1123 proprium
893 1048 1034 1105 bominum
1057 1046 1260 1120 suscipiendum

85 1151 159 1190 esse.
204 1134 320 1188 Proinde
344 1135 400 1206 ipse
424 1135 566 1189 Onesimus
590 1133 680 1188 laudat
708 1139 826 1187 vestrum
849 1134 874 1188 iu
899 1133 952 1189 lloo
984 1131 1052 1188 bene
1080 1132 1260 1204 compositum

85 1218 228 1281 ordinem,
257 1217 331 1288 quod
353 1235 447 1273 omnes
469 1217 618 1272 secundum
642 1217 780 1271 veritatem
803 1217 910 1283 vivatis,
940 1224 967 1272 et
994 1216 1068 1289 quod
1095 1214 1166 1271 nulla
1189 1215 1260 1269 inter

85 1318 136 1355 vos
158 1299 300 1355 delitescat
322 1300 451 1367 haeresis,
474 1317 563 1372 nequae
576 1300 674 1356 auditis
686 1315 847 1371 quemquam
868 1309 1057 1372 praeterquam
1079 1298 1166 1355 lesum
1185 1297 1260 1352 Cbri·

85 1393 158 1439 stum
181 1382 336 1455 loquentem
360 1383 527 1445 inveritate.

87 1549 140 1603 t‘tl.
171 1551 269 1606 Cavete
291 1550 326 1605 ub
347 1549 510 1615 haereticis,-
533 1550 656 1605 cbristus
667 1578 708 1588 -
723 1536 922 1622 θεάνθρωπος
932 1577 972 1586 -
984 1566 1057 1606 unus
1077 1549 1200 1604 medicos
1214 1553 1261 1602 est.

171 1666 265 1721 Solent
287 1667 357 1722 euim
380 1665 500 1720 nonnulli
530 1665 599 1719 malo
628 1665 691 1721 dolo
720 1683 820 1722 nomen
849 1667 958 1739 quidem
986 1664 1179 1731 circumferre,
1209 1661 1260 1719 alia

86 1749 220 1824 quaedam
244 1758 389 1822 patrantes,
412 1748 521 1821 indigna
537 1748 605 1816 beo,
629 1766 698 1821 quos
722 1757 831 1823 oportet
851 1767 898 1805 vos
921 1757 951 1804 ut
972 1749 1163 1805 lerasevitare.
1191 1745 1260 1801 Sunt

85 1836 158 1890 enim
184 1848 264 1888 canes
287 1831 381 1900 rabidi,
404 1831 470 1887 clam
488 1832 660 1900 mordentes3
683 1851 752 1906 quos
769 1833 874 1890 avobis
888 1834 964 1889 vitari
980 1840 1097 1907 oportet,
1119 1842 1149 1887 ut
1160 1827 1258 1886 morbo

85 1916 233 1973 difficulter
256 1916 367 1972 curabili
396 1915 558 1970 laborantes.
600 1915 721 1973 lledious
744 1925 832 1972 autem
855 1935 925 1973 uuus
948 1926 1004 1985 est,
1037 1925 1064 1973 el
1086 1914 1202 1972 carnalis
1231 1920 1258 1969 et

84 2000 242 2073 spiritualis,
265 2000 352 2055 lactus
375 2007 402 2055 ot
423 2016 477 2053 non
500 1998 598 2068 laetus,
622 2001 649 2055 in
671 2000 780 2056 bomine
804 2002 922 2058 existens
945 2002 1023 2069 Deus,
1047 1998 1205 2055 immortalis
1227 1997 1255 2052 iu

83 2087 136 2139 vita
159 2100 228 2151 vera,
252 2091 279 2138 et
300 2100 331 2138 en
353 2082 435 2138 llaria
457 2091 484 2137 ct
504 2099 536 2138 ea
558 2083 620 2152 beo,
643 2084 759 2156 primum
782 2085 918 2158 passibilis
939 2094 966 2140 et
988 2093 1052 2140 tunc
1073 2080 1256 2156 impassibilis,

86 2166 165 2223 lesus
188 2167 319 2234 Christus,
342 2167 470 2221 Dominus
494 2175 595 2222 noster.

170 2312 249 2372 *vll
283 2317 377 2372 Solent
399 2318 470 2371 entim
482 2317 604 2372 nonnulli
620 2316 683 2372 dolo
706 2317 775 2372 tnalo
797 2335 896 2373 nomeu
914 2315 1101 2380 circumferre,
1115 2315 1163 2370 sed
1180 2330 1260 2386 quae·

86 2401 147 2456 dam
170 2400 277 2474 indigua
299 2400 354 2455 lleo
376 2407 549 2473 perpetrant,
584 2416 653 2472 quos
682 2406 790 2472 oportet
817 2417 868 2454 nos
895 2408 1020 2472 tanquam
1051 2398 1120 2453 leras
1144 2398 1260 2463 evitare3

85 2493 150 2539 sunt
170 2485 242 2540 enim
261 2500 342 2538 canes
365 2483 507 2538 rabidius
532 2482 679 2555 improviso
701 2482 876 2547 mordente-s,
901 2499 970 2554 quos
994 2496 1087 2534 cavere
1109 2496 1157 2532 vos
1180 2494 1259 2549 opor·

87 2575 132 2634 tet,
156 2583 216 2622 eum
228 2567 346 2622 remedia
369 2565 419 2620 illis
442 2582 583 2639 opponere
598 2563 707 2620 difficile
729 2564 773 2619 sit.
805 2563 878 2619 Unus
901 2573 943 2619 est
964 2562 1086 2618 medicus
1109 2559 1261 2632 corporalis

87 2659 114 2705 et
137 2649 295 2722 spiritualis,
315 2651 421 2721 genitus
444 2658 471 2704 et
492 2649 637 2721 ingenitus,
660 2647 746 2704 lactus
770 2648 796 2702 in
820 2664 911 2714 carne,
934 2648 1005 2702 lleus
1027 2647 1054 2702 in
1076 2660 1138 2699 vera
1153 2643 1260 2698 immor·

91 2732 136 2788 tali
159 2735 219 2802 vita,
244 2750 276 2789 cn
299 2733 380 2788 llaria
403 2742 430 2788 ot
451 2749 483 2788 er
506 2732 570 2801 beu,
592 2733 707 2806 primum
730 2731 874 2805 passibilis,
898 2739 924 2787 et
946 2739 1001 2786 tum
1022 2727 1204 2803 impassibilis.

114 2914 180 2973 Vlll.
225 2915 265 2972 Ne
284 2915 465 2972 seducemini.
511 2915 561 2972 Vos
583 2918 646 2972 estis
666 2919 763 2990 mupni
785 2923 809 2972 et
830 2916 999 2989 spirituales,
1023 2929 1073 2986 epo
1095 2914 1234 2969 minimus.

168 3031 208 3087 Ne
231 3033 291 3104 quis
314 3032 395 3102 igitur
417 3049 464 3086 vos
487 3032 606 3100 seducat,
629 3034 700 3089 sicut
716 3051 767 3089 nec
791 3033 967 3099 seducimini,
990 3032 1038 3086 toti
1061 3046 1175 3102 namque
1194 3029 1260 3084 estis

87 3116 141 3170 llei.
185 3115 249 3170 Cum
271 3115 342 3170 enim
365 3113 436 3168 nulla
461 3113 505 3169 lite
527 3116 709 3189 implicemini,
732 3134 801 3189 (puae
821 3134 869 3171 vos
892 3117 1057 3172 discruciare
1079 3114 1173 3186 possit,
1196 3128 1257 3183 pro·

87 3197 159 3253 lecto
182 3197 331 3252 secundum
353 3197 436 3252 [leiim
460 3197 553 3253 vivitis.
596 3198 806 3273 Purgamentum
828 3201 910 3255 vostri
932 3216 1000 3264 sum,
1023 3205 1050 3252 et
1072 3195 1226 3251 lustrandas
1247 3209 1262 3249 a

87 3290 175 3336 vestra
197 3279 376 3353 Ephesiorum
399 3280 529 3348 ecclesia,
558 3281 733 3339 celeberrima
763 3285 789 3338 in
811 3283 920 3339 seculis.
964 3279 1089 3338 Gamales
1111 3277 1261 3352 spiritualia

87 3379 216 3419 exercere
239 3372 386 3436 nequeunt,
410 3379 498 3435 neque
520 3365 674 3436 spirituales
698 3368 830 3435 carnalia3
863 3367 934 3422 siout
956 3381 1008 3421 neo
1030 3363 1108 3431 lides,
1131 3378 1199 3434 quae
1222 3362 1260 3417 iu·

170 3506 260 3565 *Vlll
303 3513 341 3568 Ne
365 3513 426 3585 quis
448 3513 530 3585 igitur
551 3531 599 3570 vos
621 3515 747 3586 seducat,
770 3517 841 3572 sicut
863 3534 913 3572 uec
936 3512 1105 3581 seducimini,
1131 3529 1192 3568 cum
1212 3512 1261 3568 toti

88 3595 147 3649 sitis
170 3593 225 3648 bei.
267 3593 331 3648 Cum
360 3598 430 3650 enim
457 3596 528 3651 nulla
558 3597 583 3651 in
608 3598 683 3654 vobis
706 3608 749 3654 est
769 3601 924 3667 contentio,
956 3614 1024 3672 quae
1051 3615 1099 3654 vos
1131 3603 1261 3669 torquere

89 3677 186 3748 possit,
207 3676 300 3748 utique
324 3679 473 3734 secundum
496 3680 578 3736 Deum
601 3682 696 3738 vivitis.
730 3681 785 3755 Ego
808 3684 994 3740 retrimentum
1015 3689 1135 3738 vestrum
1159 3686 1186 3735 et
1206 3680 1261 3753 pia·

89 3759 187 3814 cularis
223 3759 329 3813 victima
364 3769 467 3816 vostrae
495 3761 645 3836 Ephesiuae
674 3765 811 3821 Ecclesiae
846 3766 1037 3822 celeberrimae
1076 3780 1127 3838 per
1162 3761 1262 3819 secula.

89 3841 215 3897 Gamales
238 3842 387 3913 spiritualia
416 3860 541 3902 exercere
565 3856 719 3920 nequeunl;
749 3849 821 3904 sicut
851 3865 902 3906 uec
930 3849 997 3906 fides
1027 3865 1071 3917 ea,
1102 3862 1171 3920 quae
1198 3851 1262 3899 sunt

89 4004 163 4066 Syrus
186 4004 268 4064 uertit,
301 4020 328 4052 ac
351 4003 370 4051 sl
396 4003 493 4063 legisset
519 4005 658 4088 τέρπομαι
693 4023 712 4057 s.
731 4024 779 4057 nus
797 4009 836 4058 ibr
855 4012 989 4072 posuerim,
1010 4008 1052 4058 das
1071 4008 1114 4056 ists
1134 4006 1194 4054 aueb
1213 4018 1261 4052 was

87 4071 251 4140 (reptpopat)
269 4066 349 4138 dour
367 4070 412 4119 καὶ
430 4068 531 4140 δέομαι
548 4069 657 4138 (dapem-
692 4076 752 4125 euch
772 4077 875 4139 helliget,
895 4078 957 4127 denn
971 4077 1046 4126 durch
1065 4075 1104 4123 die
1124 4071 1262 4122 Ueberwiu·

87 4138 151 4204 μαι)
171 4135 241 4205 ὑπὲρ
264 4135 351 4206 ὑμῶν.
383 4138 459 4186 Simili
484 4140 556 4189 modo
575 4142 656 4192 Arme·
692 4143 756 4205 dung
780 4144 907 4194 desselben
934 4144 1024 4193 werdot
1046 4143 1084 4191 ibr
1110 4141 1189 4189 reinor
1212 4137 1259 4186 und

88 4205 148 4253 nius.
185 4206 280 4255 Bunsen
298 4205 468 4270 (Hippolytll.
487 4221 510 4268 p.
530 4208 578 4256 xlv
590 4209 656 4274 sqq.)
691 4212 784 4261 starker
808 4212 823 4261 i.
850 4229 870 4261 e.
894 4228 964 4261 omno
991 4209 1078 4258 malum
1107 4205 1261 4269 proileieuter

88 4272 213 4332 legendnm
222 4287 275 4320 esse
284 4272 401 4321 counierit:
417 4275 564 4342 περίψημα
575 4272 657 4344 ὑμῶν
692 4279 972 4328 lortioresetsanctiores
983 4273 1113 4325 ellieimini.
1123 4272 1162 4332 (ll.
1170 4270 1263 4336 edit.)

86 4340 133 4387 καὶ
162 4336 288 4407 ἅγνισμα
314 4336 395 4407 ὑμῶν
418 4337 557 4406 Ἐφεσίων
582 4343 654 4406 (τῆς)
739 4346 766 4408 4)
784 4344 879 4411 ἀγνίζο
904 4344 965 4402 niC,
979 4339 1263 4403 etTiscbenderllopost

85 4403 232 4470 laniuntur
244 4400 654 4471 τῆςδιαροήιουπιιιιιὸιιιιιιιιιι
689 4426 726 4461 me
740 4363 910 4472 adnotanteE,
927 4425 976 4459 uon
993 4406 1141 4477 ἁγνίζομαι
1157 4414 1184 4457 ιιι
1200 4406 1262 4457 θοή·
