2886 4882
392 248 591 309 dtnttntbtt
611 249 639 309 S.
659 252 792 314 lGNA’lll.
821 254 865 313 111.
889 255 931 314 tv.
954 257 982 314 V.
1210 255 1272 318 213

95 434 127 473 ac
150 432 214 490 prae
237 416 336 472 ceteris
359 425 482 473 sanctum
502 416 695 492 Polycarpum,
717 427 748 473 ut
769 420 848 477 citius
877 439 927 495 per
958 422 1046 493 feras,
1075 423 1269 500 inconspicuas

94 502 123 556 in
144 499 246 557 mundo
268 498 366 569 factus,
388 516 481 556 eoram
502 499 611 557 Christo
634 510 814 575 compareret.

263 647 306 704 lV.
347 647 477 722 Ignatius
497 651 594 707 scribit
613 651 744 715 eeclesiis,
763 653 928 723 praesertim
950 654 1101 711 Romanae.

177 767 265 840 Atque
289 764 356 820 baec
378 765 418 819 sic
441 763 548 821 dicebat
569 766 658 821 etsie
680 765 899 835 contestabatur,
920 785 1006 842 usque
1029 769 1097 825 adeo
1119 772 1268 831 extendens

96 865 216 906 amorem
239 849 266 903 in
289 846 439 914 Christum,
461 855 491 903 ut
511 863 562 921 per
583 847 723 922 pulchram
746 850 948 907 confessionem
971 859 998 907 et
1020 851 1140 908 studium
1163 869 1269 924 eorum,

95 933 141 1007 qui
154 948 206 1006 pro
221 931 281 987 eius
297 931 444 986 certamine
464 929 545 986 simul
558 930 641 986 ileum
663 932 786 1001 orabant,
809 933 913 990 eoelum
936 942 1012 990 esset
1036 944 1207 1007 accepturus,
1227 944 1268 992 ut»

96 1033 147 1090 que
169 1014 309 1081 eeclesiis,
342 1028 410 1084 quae
431 1013 484 1086 ipsi
506 1030 556 1088 per
578 1022 701 1071 rectores
723 1031 789 1071 suos
811 1024 1007 1084 occurrerant,
1029 1018 1185 1074 mercedem
1207 1017 1268 1075 red·

95 1100 180 1165 deret,
202 1097 303 1170 gratias
325 1111 409 1168 agens
430 1094 516 1151 literis
538 1096 572 1152 ad
594 1113 641 1153 eas
655 1098 755 1166 missis,
778 1115 793 1154 e
813 1098 912 1172 quibus
935 1100 1018 1173 gratia
1036 1099 1183 1172 spiritualis
1206 1117 1269 1158 cum

94 1183 162 1237 votis
184 1187 211 1236 et
238 1177 474 1235 adhortationibus
504 1178 629 1237 stillabat.
673 1180 739 1235 Cum
766 1197 833 1253 ergo
863 1199 958 1238 omnes
993 1199 1058 1256 erga
1085 1199 1115 1238 se
1136 1182 1269 1241 benevole

94 1263 206 1319 afl'eetos
229 1267 364 1326 cerneret,
387 1261 488 1316 veritus
499 1269 550 1329 est,
573 1278 607 1317 ne
621 1261 736 1318 fratrum
754 1263 873 1320 charitas
896 1265 1015 1320 studium
1033 1264 1115 1321 eundi
1136 1266 1170 1321 ad
1182 1266 1267 1323 Ileum

94 1346 243 1410 incideret,
272 1343 334 1399 dum
357 1341 470 1415 pulchra
491 1344 542 1418 ipsi
565 1353 640 1400 esset
660 1353 753 1419 aperta
776 1347 897 1421 martyrii
920 1348 1007 1403 ianua.
1052 1347 1125 1416 Quae
1159 1348 1193 1403 ad
1222 1365 1266 1405 ec·

95 1429 204 1485 clesiam
227 1427 409 1483 Romanorum
432 1427 551 1500 scripsit,
573 1427 696 1484 subiecta
717 1436 789 1484 sunt.

301 1534 398 1598 lapitas
414 1535 450 1585 hic
468 1535 571 1600 Epistola
590 1535 613 1586 S.
633 1535 721 1600 lgaatii
739 1537 770 1585 ad
786 1536 908 1588 llomaaos.
946 1539 1000 1588 l'ide
1022 1554 1094 1603 supra
1109 1554 1134 1603 p.
1149 1538 1197 1590 tat
1215 1553 1267 1604 sqq.

341 1675 370 1730 V.
412 1676 540 1749 lpuata'es
569 1694 588 1733 a
610 1676 732 1748 Smyrna
755 1679 872 1735 dorcam
895 1681 1015 1736 dantur.

173 1792 322 1866 Postquam
346 1809 422 1866 ergo,
444 1800 474 1848 ut
494 1791 609 1861 volebat,
632 1794 749 1870 epistola
772 1812 821 1851 sua
843 1803 1027 1870 repugnantes
1049 1795 1148 1853 fratres
1170 1796 1264 1855 Euma-

95 1891 142 1932 nos
165 1877 376 1949 composuisset,
400 1873 547 1949 aSmyrna
570 1875 677 1933 solvens
698 1873 859 1952 (urgebatur
872 1879 943 1935 enim
966 1897 980 1935 a
1003 1878 1131 1937 militibus
1146 1880 1265 1939 Christo·

95 1958 215 2032 phonas,
251 1965 281 2015 ut
301 1959 334 2015 ad
356 1957 466 2032 publica
487 1957 644 2031 spectacula
665 1977 777 2034 maguae
799 1961 897 2019 Romae
919 1971 1096 2036 properaret,
1125 1979 1179 2038 quo
1200 1981 1266 2039 prae

95 2041 179 2098 oculis
201 2041 297 2115 populi
319 2040 430 2097 Romani
453 2040 519 2097 feris
541 2041 635 2098 bestiis
653 2045 768 2100 traditus
790 2061 917 2102 eoronam
940 2045 1095 2101 certaminis
1117 2063 1266 2120 conseque·

96 2121 179 2193 retur)
208 2123 317 2197 adpulit
345 2122 488 2179 Troadem.
530 2122 632 2181 Ileinde
654 2126 728 2183 illinc
749 2126 879 2201 Neapolin
902 2127 1012 2195 duetus,
1044 2144 1095 2201 per
1123 2128 1265 2202 Philippos

96 2207 245 2281 peragravit
274 2205 459 2262 Macedoniam
491 2215 516 2262 et
546 2207 578 2262 ad
606 2224 663 2263 earn
693 2208 768 2282 Epiri
790 2217 909 2282 partem,
941 2224 1009 2282 quae
1032 2209 1066 2264 ad
1087 2208 1265 2283 Epidamnum

97 2292 144 2345 sita
166 2297 221 2356 est,
245 2289 272 2344 in
294 2289 434 2344 maritimis
458 2288 525 2344 locis
547 2290 606 2345 navi
628 2291 742 2357 inventa,
765 2307 815 2363 per
836 2291 999 2346 Adriaticum
1021 2306 1095 2345 mare
1118 2292 1264 2364 navigavit,

98 2373 156 2429 inde
170 2371 342 2445 Tyrrlreuum
358 2372 507 2445 ingressus,
528 2371 631 2428 insulas
654 2381 680 2429 et
698 2373 817 2428 civitates
831 2372 953 2438 transiit3
976 2372 1149 2443 ostensisque
1170 2380 1264 2429 sancto

96 2455 150 2511 viro
172 2453 304 2520 Puteolis,
326 2455 383 2527 ipse
405 2454 514 2527 quidem
535 2455 628 2528 egredi
647 2453 781 2528 cupiebat,
804 2470 864 2510 cum
886 2453 965 2509 vellet
986 2470 1036 2526 per
1057 2453 1170 2524 vestigia
1185 2452 1264 2509 Pauli

96 2536 216 2611 Apostoli
236 2537 376 2617 incedere.
421 2538 487 2593 Cum
510 2554 576 2593 vero
600 2539 708 2594 irruens
736 2544 830 2592 ventus
852 2535 1038 2592 vehementior
1066 2533 1092 2589 id
1115 2549 1169 2588 non
1192 2541 1265 2607 pate·

96 2627 176 2689 retus,
197 2635 264 2674 nave
287 2637 302 2674 a
324 2621 407 2694 puppi
430 2619 552 2694 impulsa,
577 2621 682 2677 beatam
698 2619 862 2695 praedicavit
885 2617 1042 2674 charitatem
1057 2616 1170 2671 fratrum
1193 2615 1264 2672 illius

97 2701 163 2771 loci,
198 2709 226 2757 et
247 2702 288 2757 sic
309 2704 559 2776 praeternavigavit.
603 2702 687 2778 lgitur
707 2720 762 2759 uuo
786 2702 828 2757 die
855 2709 883 2758 et
911 2708 991 2756 nocte
1019 2699 1112 2756 eadem
1134 2699 1264 2755 secundis

96 2786 181 2841 ventis
203 2784 247 2841 usi
268 2782 486 2853 abducebamur,
515 2801 566 2841 nos
589 2788 697 2860 quidem
720 2786 810 2853 inviti,
839 2791 979 2858 gementes
1006 2781 1041 2838 ob
1064 2783 1264 2856 separationem

97 2867 156 2923 iusti
178 2866 290 2924 ilbnsa
318 2866 396 2923 nobis
418 2885 480 2924 mon
502 2867 626 2925 futuram.
667 2869 749 2925 Atei
773 2885 805 2924 ex
826 2876 888 2923 voto
917 2882 962 2922 res
987 2864 1168 2938 contingebat,
1190 2864 1265 2921 festi·

17 3014 20 3020 ¹
96 2950 167 3005 nanti
188 2947 329 3006 emunda
351 2950 502 3007 discedere.
545 2952 632 3019 Quare
655 2968 717 3008 cum
738 2951 887 3024 navigando
916 2949 1086 3022 pervenisset
1111 2949 1138 3003 iu
1168 2954 1265 3021 portus

97 3031 295 3099 Romanorum,
323 3031 440 3106 finisque
462 3035 591 3091 immundi
612 3033 759 3108 spectaculi
782 3035 948 3100 immineret,
980 3030 1079 3086 mibtes
1110 3031 1264 3087 tarditatem

97 3131 172 3187 aegre
194 3113 337 3183 ferebant;
359 3124 386 3171 at
407 3117 553 3190 episcopus
576 3117 696 3191 gaudens
718 3116 879 3190 urgentibus
901 3113 1022 3189 parebat

143 3272 172 3339 3)
192 3275 238 3324 Per
261 3275 334 3324 hasce
363 3273 526 3342 φιλοτιμίας
552 3274 661 3336 intelligo
696 3274 820 3337 (zalus,
841 3269 1052 3336 darbberhinaus)
1071 3269 1203 3339 protraat,
1220 3270 1264 3320 ad-

97 3341 165 3392 lados
183 3340 311 3401 solennes,
334 3356 419 3404 magno
439 3349 534 3403 sumptu
559 3357 587 3390 ac
611 3350 662 3392 stu·
697 3343 746 3391 dita
769 3343 814 3390 hae
841 3350 914 3391 nota:
951 3341 1039 3389 lietera
1061 3338 1110 3400 lgn.
1140 3353 1189 3386 uon
1220 3351 1265 3401 per

98 3411 161 3460 dioa
176 3408 459 3472 munerumpnblieomm
470 3408 662 3470 magistratuum·
696 3408 840 3459 Adriaticum
870 3423 935 3457 mare
955 3407 1113 3470 Epidamnum
1134 3403 1264 3470 (Epimm),

98 3492 141 3541 que
171 3476 321 3535 candidatis,
355 3475 395 3539 qni
422 3475 478 3523 iudc
506 3476 605 3537 gratiam
639 3484 663 3525 ct
696 3477 739 3526 sed
762 3476 792 3524 ab
811 3476 944 3539 Epidamno
974 3474 1004 3522 ad
1031 3471 1176 3522 Adriaticum
1199 3485 1266 3522 mara

98 3544 238 3608 applausum
272 3542 351 3607 plebis
377 3543 497 3592 Romanae
529 3544 663 3606 captabant,
697 3543 812 3606 pervenit.
848 3543 957 3592 Ublhorn
975 3539 1104 3603 (Zeitschr.
1123 3539 1162 3588 fttr
1180 3538 1265 3588 histor.

98 3626 140 3674 pro
157 3626 225 3661 more
244 3610 349 3661 exbiberi
368 3610 462 3659 solitos.
489 3610 571 3659 Smith.
697 3610 781 3659 Theoi.
795 3609 867 3660 1851.
883 3624 907 3672 p.
916 3606 985 3670 268.)
1005 3623 1050 3671 pro
1068 3608 1137 3676 περί
1152 3606 1199 3668 legi
1216 3605 1267 3656 vult

145 3678 173 3743 4)
191 3679 219 3727 la
235 3693 322 3742 mapsa
337 3679 431 3727 civitate
447 3685 493 3726 vet.
511 3677 554 3726 lnt.
581 3676 662 3727 Caien.
698 3678 774 3742 πεζῇ,
796 3676 902 3726 adhibita
926 3675 1036 3724 versione
1060 3682 1154 3735 vetere;
1181 3680 1265 3723 contra

145 3747 172 3810 5)
191 3745 258 3796 Adde
276 3747 359 3816 πεζῇ,
386 3752 412 3793 ut
437 3744 531 3807 legebat
553 3753 599 3793 vet.
618 3745 661 3794 lnt.
694 3731 770 3807 ipsiu's
789 3743 885 3792 Codicis
911 3742 1038 3792 lectionem
1065 3740 1173 3791 defendit
1193 3739 1266 3789 Nolle

99 3814 176 3864 Smith.
195 3813 244 3862 Cfr.
263 3815 313 3863 Act.
334 3813 372 3873 16,
393 3811 431 3861 11.
449 3811 487 3861 12.
510 3811 614 3873 lguatius
624 3812 661 3860 via
697 3811 811 3860 zeitschr.
834 3811 873 3859 ffvr
889 3809 980 3859 bathal.
999 3807 1084 3859 Theoi.
1108 3807 1176 3856 Wien
1191 3804 1264 3856 1851.

99 3881 207 3943 Egnatia,
238 3879 433 3930 Thessalonicam
457 3894 509 3927 cum
529 3879 661 3943 Dyrrachio
695 3894 718 3941 p.
738 3878 795 3928 2³5.
817 3877 844 3926 ll.
861 3879 897 3926 ed.
917 3877 954 3926 ll'.

98 3947 314 4012 (rallpidamno)¹
329 3946 434 4008 iurrgenti
460 3961 517 3994 usus
542 3954 585 3996 est.
614 3946 662 3995 Cfr.
747 3945 774 4005 7)
793 3946 809 3995 Ι.
829 3959 849 3994 e.
868 3944 954 4007 Epirus
974 3935 1265 4015 novafseptentrionalis)

100 4015 173 4076 Talei,
195 4015 305 4077 Epistola
323 4013 477 4076 gratrtlatoria
497 4012 526 4061 ad
545 4012 662 4062 universi·
695 4028 737 4062 sen
758 4011 836 4075 illyris
856 4027 949 4074 graeca,
968 4008 1135 4071 distinguenda
1149 4004 1179 4055 ab
1189 4004 1264 4066 Epiro

99 4090 167 4134 tatem
186 4082 291 4144 Gotting.
311 4081 383 4132 teat.
407 4080 482 4143 ppd.
502 4081 549 4139 15,
565 4087 589 4129 et
606 4080 662 4128 llis-
696 4087 775 4130 vetere
793 4077 976 4141 (meridionali).
1000 4078 1028 4127 ll,
1046 4077 1081 4124 ed.
1099 4073 1136 4122 ll'.

98 4157 153 4200 sert
174 4149 204 4200 de
222 4149 260 4198 via
278 4146 487 4211 Egnatiafubing.
507 4147 578 4197 1811.
591 4147 662 4210 pfh,
749 4145 776 4208 8)
794 4145 810 4194 l.
829 4162 848 4195 e.
867 4145 903 4195 vel
924 4143 1049 4224 Epidamni
1061 4136 1264 4219 veldpolloniae;

98 4216 264 4347 8qqfilstrsepl
297 4279 344 4332 ascl
377 4280 512 4344 uansponit
548 4279 664 4339 Clericus,
699 4213 981 4343 {pl-upppupaperlbpvp
997 4212 1098 4326 1111111111.
1113 4212 1266 4338 1111111111ιοῖ

99 4365 169 4415 quem
185 4356 314 4414 postquam
332 4349 356 4397 iu
380 4348 435 4398 edd.
453 4346 574 4412 prioribus
593 4347 663 4395 etiam
698 4347 725 4397 ll.
743 4349 778 4395 ed.
798 4347 835 4396 ll'.
1220 4355 1225 4362 ·

98 4418 152 4469 llef.
169 4424 266 4470 secans
284 4425 361 4479 esset,
384 4431 462 4481 nuper
482 4414 573 4478 recepit
590 4412 664 4484 πέρα
751 4409 971 4479 maleactae,
993 4407 1032 4460 1³.
1052 4407 1093 4460 ff.
