2886 4882
439 249 629 309 SlMlLlTUIJO
651 249 695 318 Vl,
718 247 806 308 2—5.
835 252 887 309 vu.
1187 251 1248 315 613

159 416 188 470 V.
221 402 306 481 Ἔτι,
339 407 432 487 φημί,
461 402 560 490 κύριε,
590 404 626 470 οά
654 402 781 488 νενόηκα
802 404 877 483 ὅλως
906 409 973 489 περί
994 416 1047 473 τοῦ
1068 407 1174 495 χρόνου
1196 418 1249 495 τῆς

76 486 189 570 ἀπάτης
206 491 255 553 καὶ
277 495 391 571 τρυφῆς
411 489 461 555 καί
480 487 629 571 βασάνου·
659 489 882 593 ιηλανμέστερόν
910 515 960 572 μοι
981 489 1121 572 δήλωσον.
1160 493 1247 560 Ἀπο-

75 576 189 653 κριθείς
208 596 257 653 μοι
277 572 350 656 λέγει
370 571 410 636 Ἦ
427 570 580 656 ἀφροσύνη
601 593 655 638 σου
675 572 847 655 παραμονύς
869 575 937 658 ἐστι,
960 575 1009 638 καί
1030 573 1066 639 οὗ
1081 576 1177 652 θέλεις
1191 599 1245 643 σου

74 655 128 736 τὴν
146 658 268 738 καρδίαν
287 658 459 737 καθαρίσαιι
480 658 530 720 καί
551 653 699 721 δουλεύειν
720 664 759 720 τοῖ
779 664 853 740 θεῷ.
896 657 1006 734 Βλέπε,
1028 660 1115 738 φησί,
1137 657 1247 739 μήποτε

74 737 92 802 6
111 736 213 821 χρόνος
231 745 375 845 πληρωθῇ
396 741 447 803 καί
467 737 504 803 σδ
526 737 630 847 ἀφρων
651 719 786 827 εύρεθῇς.
818 742 929 806 ”Anava
950 731 1014 817 οὗν,
1036 742 1119 823 φησί,
1141 740 1245 818 καθώς

73 820 170 903 βούλει
178 823 201 899 ,¹
228 823 278 886 ἵνα
309 842 418 910 νοησης
448 820 531 889 αύτά.
582 829 747 908 Οτρυφοῖν
767 823 818 887 καί
839 819 1025 903 ἀπατώμενος
1046 826 1116 903 μίαν
1135 819 1247 907 ἡμέραν

73 906 123 1008 κρῖ
143 902 282 1009 πράσσωρ
311 904 330 968 ἀ
357 904 491 987 βούλεται
518 903 628 987 πολλὴν
655 904 828 989 ἀφροσύνην
849 907 1015 985 ἐνδίδοται,
1043 907 1093 971 καί
1122 904 1158 968 ού
1186 917 1250 972 νοεῖ

72 992 250 1155 μου
266 986 678 1157 ιι.
693 985 1243 1158 ’.τέλλινιιλλιιλιη

71 1153 110 1236 ἣν
130 1155 294 1233 ἐνδέδυται,
315 1151 335 1237 ἡ
356 1155 389 1219 δέ
408 1158 531 1239 τιμωρία
552 1156 601 1221 καί
620 1152 642 1237 ἦ
661 1099 790 1237 βάσανος
810 1156 881 1222 ὅταν
895 1163 1027 1245 κολληθῇ
1042 1162 1083 1244 τῷ
1096 1153 1245 1243 ἀνθρώπῳ

71 1240 141 1319 μίαν
161 1236 280 1321 ἡμέραν,
301 1237 399 1344 μέχρις
420 1240 556 1304 ἐνιαυτοῦ
576 1248 741 1324 τιμωρεῖται
760 1241 808 1304 καί
829 1244 1024 1323 βασανίζεται·
1055 1238 1170 1323 μνήμας
1189 1238 1245 1325 γάρ

70 1318 194 1406 μεγάλας
215 1323 270 1401 ἔχει
290 1348 310 1403 η
332 1325 455 1406 τιμωρία
475 1324 524 1387 καί
544 1319 565 1405 ἦ
586 1320 722 1404 βάσανος.
767 1322 997 1404 Βασανιζόμενος
1016 1314 1072 1387 οὖν
1092 1324 1141 1388 καὶ
1158 1349 1243 1405 τιμω-

69 1403 210 1486 ρούμενος
220 1402 289 1469 δ’λον
300 1402 351 1470 τδν
361 1404 497 1470 ἐνιαυτὸν
507 1403 681 1487 μνημονεύει
701 1405 771 1469 ποτέ
780 1413 833 1486 τῆς
842 1414 958 1511 τρυφῆς
977 1406 1028 1468 καὶ
1048 1403 1171 1487 ἀπάτης,
1192 1408 1243 1471 καί

69 1485 201 1570 γινώσκει
219 1487 265 1552 ὅτι
285 1486 326 1551 δι’
352 1487 426 1553 αὐτὰ
447 1486 549 1569 πάσχει
569 1487 605 1550 τά
625 1485 749 1570 πονηρά.
793 1493 863 1563 Πᾶς
882 1514 938 1552 ουν
959 1485 1118 1570 ἀνθρωπος
1138 1487 1157 1552 6
1177 1514 1244 1571 τρυ.

69 1579 136 1649 φαῖν
156 1573 206 1635 καί
227 1569 416 1650 ἀπατώμενος
437 1570 515 1634 οὕτω
535 1571 727 1651 βασανίζεται,
748 1568 794 1633 ὅτι
817 1571 926 1653 έχοντες
949 1567 1028 1652 ζωὴν
1049 1573 1097 1646 είς
1110 1568 1244 1637 θάνατον

68 1650 191 1729 ἑαυτούς
218 1651 450 1736 παραδεδώκασι.
498 1658 605 1729 Ποῖαι,
626 1655 716 1733 φημί,
748 1651 847 1735 κύριε,
880 1655 991 1736 τροφαί
1011 1655 1066 1717 είσι
1085 1657 1242 1737 βλαβεραίς

69 1741 168 1813 Πᾶσα,
190 1737 274 1816 φησί,
295 1740 399 1821 πρᾶξις
419 1733 518 1819 τρυφή
539 1736 659 1820 ἐστιτῷ
680 1731 838 1824 ἀνθρώπω,
861 1733 878 1800 δ
899 1733 951 1801 ἐάν
971 1733 1064 1818 ἡδέως
1084 1742 1170 1826 ποιῇ·
1191 1740 1242 1802 καί

67 1816 121 1903 γάρ
141 1816 160 1883 6
179 1817 315 1923 ὀξύρολος
335 1824 371 1906 τῇ
394 1819 501 1883 ἑαυτοῦ
521 1814 623 1902 πράξει
646 1816 679 1883 τδ
702 1816 806 1884 ίκανδν
825 1826 920 1884 ποιεῖν
937 1826 1050 1906 τρυφᾷ·
1071 1821 1120 1884 καί
1142 1817 1161 1884 6
1181 1846 1242 1902 μοι·

26 1929 30 1935 ·
66 1900 116 1984 χδς
145 1902 194 1967 καί
222 1927 238 1967 ο
270 1901 401 1982 μέθυσος
430 1902 480 1966 καί
512 1898 530 1965 6
552 1898 711 1977 κατάλαλος
739 1904 788 1966 καί
821 1899 988 1987 ἀψεύστης
1017 1904 1068 1966 καί
1088 1902 1107 1967 6
1126 1905 1241 1969 πλεονέ·

67 2011 136 2067 κτης
160 1985 210 2049 καί
231 1981 249 2050 6
271 1981 466 2067 ἀποστερητὴς
487 1985 537 2049 καί
559 1983 578 2049 6
600 1983 713 2062 τούτοις
734 1983 769 2049 τά
788 1985 876 2069 ἀμυια
896 1994 990 2053 παιών
1017 1992 1054 2075 τῇ
1084 1988 1145 2074 ίδίρι
1163 1985 1241 2075 νόσρο

66 2067 98 2133 τδ
122 2065 224 2134 ίιιανδν
244 2076 325 2132 ποιεῖ
330 2084 337 2098 ·
365 2075 464 2155 τυφᾷ
494 2060 549 2132 σύν
575 2065 622 2130 ἐπί
643 2076 679 2157 τῇ
700 2068 800 2150 πράξει
828 2068 929 2137 αύτοῦ.
971 2062 1068 2134 afim
1097 2079 1188 2135 πᾶσαι
1210 2073 1244 2135 αί

65 2153 171 2235 τρυφαὶ
198 2154 337 2234 βλαβεραί
366 2095 419 2216 είσι
451 2159 513 2226 τοῖς
540 2149 656 2226 δούλοις
686 2160 739 2216 τοῦ
770 2160 855 2218 θεοῦ,
897 2150 959 2220 Διά
978 2153 1085 2226 ταύτας
1114 2147 1169 2217 ούν
1189 2153 1241 2230 τὰς

65 2232 177 2310 ἀπάτας
196 2232 356 2314 πάσχουσιν
383 2236 414 2297 σί
432 2232 641 2317 τιμωρούμενοι
661 2235 712 2297 καί
737 2231 965 2316 βασανιζόμενοι.
1010 2235 1098 2298 Είσίν
1125 2235 1169 2299 δέ3
1189 2238 1240 2300 καί

64 2319 173 2400 τροφαί
202 2315 344 2393 σώζουσαι
371 2315 439 2392 τοὺς
469 2314 663 2402 ἀνθρώπους·
695 2319 796 2381 πολλοὶ
824 2315 943 2401 ἀγαθὸν
972 2314 1154 2400 ἐργαζόμενοι
1175 2342 1239 2401 τρυ·

65 2407 143 2480 φαῖσι
171 2406 207 2487 τῇ
236 2400 347 2464 ἑαυτῶν
374 2397 469 2488 η’δονῇ
501 2398 665 2483 φερόμενοι.
715 2398 800 2482 Αὕτη
829 2392 885 2464 οὖν
912 2399 934 2482 ἡ
960 2397 1057 2483 τρυφὴ
1088 2398 1240 2483 σύμφορός

65 2485 123 2548 έστι
144 2490 205 2558 τοῖς
230 2482 347 2558 δούλοις
367 2490 420 2548 τοῦ
440 2491 515 2549 θεοῦ
545 2487 594 2547 καί
621 2480 697 2563 ζωὴν
724 2493 913 2567 περιποιεῖται
941 2490 982 2568 τῷ
1016 2480 1167 2569 ἀνθρώπω
1197 2491 1238 2570 τρῖ

64 2563 198 2652 εοωύτρι·
220 2568 253 2629 αί
271 2567 302 2630 δέ
322 2568 459 2652 βλαβεροί
481 2568 590 2653 τρυφαὶ
610 2568 644 2629 αῖ
660 2568 866 2650 προειρημέναι
881 2565 1030 2648 βασάνους
1039 2567 1088 2629 καί
1099 2568 1237 2669 τιμωρίας

64 2646 164 2724 αὐτοῖς
184 2657 409 2733 περιποιοῦνται.
449 2649 522 2715 Ἐάν
543 2647 575 2714 δὲ
597 2649 751 2730 ἐπιμένωσι
771 2651 821 2714 καί
841 2648 880 2732 μὴ
902 2646 1115 2731 μετανοήσωσι,
1137 2659 1233 2714 θανα·

63 2758 114 2797 τον
136 2734 249 2807 ἑαυτοῖς
269 2739 497 2816 περιποιοῦνται.
1158 2733 1163 2741 ’

149 2946 235 3014 Μετά
255 2947 364 3031 ἡμέρας
384 2947 484 3033 ἀλίγας
504 2945 584 3014 είδον
605 2945 695 3012 αάτδν
717 2950 758 3022 είς
778 2945 811 3011 τδ
832 2949 934 3011 πεδίον
955 2945 988 3011 τὸ
1010 2944 1083 3011 αάτδ
1096 2946 1172 3012 ὅπου
1187 2949 1238 3011 καί

63 3030 132 3106 τούς
151 3033 291 3113 ποιμένας
312 3032 459 3115 έωροίιιειν,
480 3033 530 3096 καὶ
548 3032 622 3116 λέγει
642 3056 693 3112 μοι
718 3034 754 3094 Τί
775 3031 914 3111 ἐπιζητεῖς
933 3026 1006 3112 παρ’
1032 3031 1115 3111 ἐμοί;
1156 3033 1239 3111 Φημί

64 3113 171 3197 Κύριε,
200 3118 250 3179 ἰ’να
275 3112 325 3179 τδν
354 3117 478 3196 ποιμένα
508 3114 561 3179 τὸν
580 3111 744 3198 τιμωρητὴν
764 3112 910 3201 κελεύσρςι
941 3113 973 3178 ἐκ
1001 3121 1053 3177 τοῦ
1075 3114 1158 3179 σ’ίιιου
1180 3139 1238 3195 μου

63 3200 200 3274 ἐξελθεῖν,
220 3196 264 3260 ὅτι
285 3199 352 3261 λίαν
372 3222 406 3279 με
427 3201 534 3279 θλίβει.
561 3206 619 3263 Δεῖ
627 3219 669 3277 σε,
689 3198 774 3280 φησί,
794 3199 952 3279 θλιβῆναι·
976 3195 1053 3263 οὕτω
1069 3196 1134 3281 γάρ,
1153 3199 1239 3278 φησί,

63 3281 232 3363 προσέταξεν
255 3278 272 3342 6
293 3280 410 3355 ένδοξος
432 3278 449 3303 ''
484 3288 547 3356 ελος
567 3278 603 3345 τά
623 3282 689 3363 περὶ
710 3287 782 3345 σοῦ·
802 3280 884 3345 θέλει
903 3277 958 3364 γάρ
980 3300 1012 3343 σε
1031 3287 1236 3362 πειρασθῆναι.

67 3367 103 3428 Τί
120 3363 191 3448 γάρ,
220 3365 315 3443 φημί,
345 3306 586 3444 κύριεῗγέδιοέησα
608 3360 685 3428 ούτω
705 3360 855 3445 πονηρόν,
882 3364 932 3425 ἵνα
954 3369 995 3447 τῷ
1015 3361 1124 3447 ἀγγέλῳ
1144 3361 1236 3447 τούτῳ

63 3450 242 3529 παραδοθσῖς
276 3443 404 3519 Ἄκουε,
432 3448 538 3526 φησίν·
567 3445 600 3509 αί
625 3445 678 3526 μέν
705 3444 842 3528 ἀμαρτίαι
878 3466 932 3508 σου
961 3447 1081 3519 πολλαί,
1112 3441 1176 3506 ἀλλ’
1199 3442 1236 3508 ού
1321 3461 1326 3472 ’

63 3538 199 3595 τοσαῦται
219 3528 292 3593 ὥστε
311 3533 352 3612 τῷ
373 3525 483 3614 ἀγγέλῳ
503 3524 596 3614 τούτῳ
616 3532 840 3611 παραδοθῆναι·
862 3525 925 3589 ἀλλ’
949 3522 967 3587 6
989 3521 1071 3600 οίιιύς
1083 3545 1137 3589 σου
1151 3523 1238 3609 μεγά-

62 3621 115 3687 λας
144 3611 267 3693 ἀνομίας
294 3614 344 3675 καί
374 3607 515 3694 άμαρτίας
543 3610 711 3695 είργάσατο,
744 3612 793 3676 καί
820 3604 1046 3691 παρεπιιιράνθη
1073 3605 1092 3671 6
1118 3609 1236 3686 ένδοξος

63 3695 180 3778 ἅγγελος
200 3694 248 3758 ἐπί
266 3701 327 3769 τοῖς
346 3694 441 3778 έργοις
461 3691 568 3774 αύτοῖν,
590 3688 712 3760 nawa&
732 3700 816 3759 τοῦτο
836 3691 965 3755 ἐκέλευσέ
985 3711 1017 3754 σε
1039 3688 1145 3774 χρόνον
1166 3690 1232 3757 τινά

62 3782 220 3860 θλιβῆναι,
245 3776 296 3839 ῖνα
316 3775 445 3841 κάκεῖνοι
465 3774 662 3860 μετανοήσωσι
686 3779 737 3842 καί
756 3775 971 3857 καθαρίσωσιν’
992 3772 1113 3849 ἑαυτούς
1133 3780 1151 3847 †
1172 3772 1232 3838 ἀπδ

60 3857 156 3942 πάσης
177 3860 338 3941 ἐπιθυμίας
356 3867 408 3924 τοῦ
429 3861 537 3938 αέυῖνος
556 3858 678 3926 τούτου.
711 3859 807 3923 Ὅταν
827 3847 883 3921 ούν
904 3854 1102 3939 μετανοήσωσι
1121 3858 1171 3920 καί
1187 3882 1237 3920 κα-

65 4055 272 4064 ——1-—————-

114 4178 171 4241 Cap.
190 4178 215 4226 V.
253 4176 278 4242 1)
298 4178 352 4227 οοδ.
372 4181 539 4246 καθαρῆσαι.
718 4176 774 4225 Sim.
797 4177 843 4228 vn.
887 4177 912 4242 l)
936 4177 970 4226 sic
996 4176 1048 4239 ipse
1072 4173 1161 4232 codex,
1188 4188 1238 4224 οοο

112 4244 139 4306 2)
155 4239 262 4308 βούλευ
288 4260 346 4308 prae
364 4247 514 4296 correctione
532 4244 628 4310 antiqua
666 4242 704 4309 (υῑ
721 4243 770 4293 vult
787 4245 825 4294 οδ.
846 4243 895 4308 pr.)
912 4237 1058 4300 κελεύσεις.

63 4312 138 4360 altera
158 4309 250 4372 syllaba
268 4328 316 4360 non
335 4312 393 4361 satis
414 4313 496 4377 liquet.
717 4312 743 4372 2)
761 4312 814 4359 cod.
834 4326 918 4361 rursus
930 4305 1137 4377 καθαρήσωσιν.

113 4378 140 4440 3)
157 4377 230 4430 εἰσίν
247 4375 292 4430 δέι
310 4378 383 4428 sich.
403 4380 419 4431 Ι.
438 4381 520 4432 codex.
714 4375 733 4442 †
750 4377 833 4441 incipit
851 4378 893 4427 ῖοΙ.
912 4377 937 4428 2.
954 4390 1055 4427 versum.
