2886 4882
250 220 386 283 lfflfll
403 220 569 283 msrote
589 222 632 281 to
652 222 905 282 PlllLlPPENSliS.
935 224 964 281 V.
985 224 1026 282 tt
1048 223 1101 281 Vll.
1123 222 1188 283 Vlll.
1249 220 1311 283 269

212 424 245 481 V.
293 422 325 479 Si
347 422 420 479 enirn
443 422 526 479 homo
549 442 637 498 purus
659 434 701 482 est
723 426 861 497 llominus,
883 426 1025 483 exanima
1052 434 1080 482 et
1098 443 1224 502 corpore,
1248 426 1312 501 quid

137 506 312 565 matois
341 506 508 562 natidtatem
538 522 712 567 communem
739 518 852 567 naturae
881 510 1037 566 hominumi
1077 508 1162 576 Qarid,
1185 519 1313 584 tauquam

133 608 236 664 parram
259 590 383 665 gloriam
414 591 441 644 in
471 588 582 647 homine
605 590 718 662 laetam,
755 594 913 667 passionem
935 592 1133 647 simulationem
1156 609 1252 661 vocas,
1286 601 1313 648 et

131 682 242 731 mum
272 671 401 729 mortalis
415 671 529 745 gloriam
543 674 700 731 existimas'l
742 675 770 731 Si
793 677 864 733 heus
887 684 930 731 est
952 667 1090 740 ot¹homo,
1113 675 1177 748 quid
1190 676 1311 747 iniquum

131 774 207 814 rotas
227 756 383 813 Dominum
398 746 529 828 gloriae,'
551 755 625 813 illum
641 758 768 816 videlieet
781 750 888 815 natura³
901 755 1118 815 immutabileml
1160 758 1228 826 Quid
1253 758 1311 813 sine

130 840 183 914 ηε
212 840 292 896 dieis
323 837 528 912 legislatorem,
562 841 608 912 qui
638 858 692 896 oon
715 844 858 899 humanam
887 843 1002 898 animam
1025 840 1138 897 hahuitl
1182 831 1311 897 Verbum⁴

128 940 188 979 earo
210 922 324 979 laetum
347 928 404 989 est,
433 920 553 977 Verbum
572 923 670 987 homo,
700 925 825 981 sednon
854 926 881 980 in
904 925 1022 980 homine.
1065 923 1206 992 Quomodo
1229 924 1311 997 igitur

130 1024 223 1080 ngas
247 1013 297 1062 est
318 996 388 1073 ille,⁶
409 1004 456 1077 qui
479 1005 505 1061 in
529 1007 666 1080 principio
689 1024 796 1064 omnem
818 1006 979 1063 sensibilem
1000 998 1247 1081 etintelligihilern⁶
1268 1023 1312 1062 rra·

129 1100 215 1146 taram
236 1088 382 1145 uoluntate
402 1087 492 1144 Patria
514 1091 704 1162 praeparavitl
726 1092 781 1165 qui,
804 1108 865 1147 euru
892 1099 965 1148 esset
988 1091 1014 1147 in
1038 1107 1126 1159 carue,
1148 1108 1253 1147 omnem
1277 1091 1313 1145 in·

129 1163 303 1229 imitatem'
328 1179 409 1245 atque
430 1169 588 1243 languorem
612 1175 734 1230 curavit'l

211 1313 262 1371 Vl.
307 1311 451 1380 Quomodo
473 1321 639 1369 autemnon
664 1322 706 1370 est
725 1314 794 1371 oeus
818 1308 888 1382 ille,¹
919 1316 965 1386 qni
986 1323 1109 1372 mortuos
1132 1314 1310 1381 resuscitavit,

129 1396 249 1453 claudos
272 1395 385 1464 sanarit,
410 1394 537 1468 leprosos
560 1397 704 1465 mundarit,
727 1415 825 1455 caecos
850 1398 1015 1464 illuminavit,
1039 1397 1214 1473 dequinque
1238 1397 1311 1469 pani·

129 1479 179 1536 bus
201 1489 234 1537 et
257 1477 369 1535 duobus
389 1476 511 1551 piscibus
534 1487 574 1535 tot
595 1480 677 1537 millia
708 1482 847 1538 hominum
871 1470 1029 1547 saturavit,¹
1056 1498 1152 1553 aquam
1173 1483 1200 1535 in
1222 1480 1312 1534 vintun

130 1562 288 1631 convertit,
313 1569 443 1635 tuumque
466 1564 616 1619 exercitum
649 1564 733 1620 verho
758 1573 857 1620 tantum
881 1562 1000 1635 fuganti
1044 1562 1112 1629 Quid
1136 1578 1202 1634 ergo
1225 1560 1313 1633 pessi·

128 1664 187 1703 aas
212 1652 343 1701 naturam
366 1645 492 1717 Virginis,
515 1653 542 1701 et
560 1646 682 1705 membra
699 1650 787 1722 turpia
807 1652 910 1702 voeas't
932 1645 1000 1702 haec
1023 1644 1086 1701 olim
1099 1644 1312 1719 praeseminans,

130 1738 159 1786 et
179 1728 285 1786 nudari
307 1727 404 1785 iubens
426 1728 561 1786 masculos
585 1731 612 1786 in
637 1731 706 1787 laeie
730 1732 915 1798 laeminarum,
939 1729 1068 1785 laeminas
1091 1745 1155 1785 vero
1187 1727 1212 1784 in
1236 1725 1312 1782 illici·

131 1822 187 1869 ttun
212 1811 386 1870 desiderium
407 1812 600 1869 masculorum.
642 1815 720 1871 Nunc
744 1816 833 1870 omnia
856 1813 904 1869 tihi
928 1815 1017 1888 turpia
1038 1813 1172 1880 videntur,
1196 1820 1221 1868 et
1236 1810 1312 1884 pudi-

131 1912 193 1953 tum
216 1896 339 1969 teipsum
361 1894 437 1964 lacis,
460 1912 521 1952 eum
544 1899 630 1953 tusis
654 1897 843 1954 fornicationis
857 1898 978 1971 spiritus.
1023 1896 1144 1970 lgnoras,
1166 1897 1227 1970 quia
1248 1904 1314 1951 tune

132 1980 163 2035 or
185 1969 307 2052 aliquid⁸
328 1986 419 2052 turpe,
441 1977 551 2052 quaudo
574 1980 668 2036 illicite
690 1981 855 2054 perlinitur?
900 1980 1042 2038 Caeterum
1057 1980 1140 2037 nichil
1162 1988 1240 2053 turpe
1263 1986 1312 2046 est,

134 2062 213 2136 quod
235 2062 297 2118 sine
318 2070 434 2137 peceato
457 2062 569 2136 geritur,
585 2063 670 2120 nichil
692 2082 812 2140 pravum,
835 2065 883 2122 sod
908 2066 997 2122 omnia
1019 2063 1089 2121 hona
1111 2062 1204 2151 galde:
1226 2070 1253 2119 et
1275 2071 1312 2129 tu,

134 2162 192 2203 non
218 2145 326 2214 videus,
347 2146 480 2219 pessimas
503 2147 553 2201 eal

218 2284 274 2341 Vll.
316 2286 459 2354 Quomodo
482 2304 590 2343 rursum
622 2304 677 2342 nou
701 2286 747 2342 tihi
778 2287 884 2342 videtur
912 2306 974 2343 osso
998 2288 1122 2343 Christus
1145 2302 1178 2341 ex
1199 2286 1312 2357 virgine,

138 2370 188 2427 sed
205 2368 260 2438 ille,
282 2369 329 2441 qui
351 2377 394 2426 est
415 2371 600 2443 superomnia
616 2370 694 2438 lleus,
718 2370 763 2426 ille
779 2369 885 2424 scilicet
907 2371 996 2425 omma
1018 2374 1134 2442 potensi
1165 2367 1230 2435 Quis
1245 2385 1312 2440 ergo

137 2462 187 2523 est,
211 2453 259 2526 qui
281 2452 353 2509 huno
375 2453 462 2520 misit,
488 2451 587 2520 dieito;
610 2454 720 2526 quisve,
744 2453 790 2524 gui
813 2450 875 2505 huic
899 2452 1067 2519 dominatur;
1088 2448 1128 2505 vel
1151 2449 1229 2503 ouius
1253 2466 1312 2504 sen·

137 2537 238 2592 tentiae
260 2535 400 2593 subiectus
422 2534 479 2603 luit,
503 2545 547 2591 aut
567 2537 644 2592 euius
668 2537 755 2609 legem
779 2532 952 2607 adhnplevitl
996 2535 1034 2589 'lu
1058 2534 1113 2604 qui,
1137 2529 1237 2587 nullius
1251 2547 1312 2586 sen·

137 2618 249 2675 tentiam
271 2617 314 2675 rel
330 2626 494 2692 potestatem
510 2611 633 2688 hahens,¹
652 2619 786 2674 Christum
803 2633 915 2690 separas
938 2633 952 2671 a
968 2617 1153 2689 generatione,
1178 2622 1206 2669 et
1221 2613 1311 2687 Legis·

137 2700 254 2757 latorem
276 2701 426 2774 ingenitum
450 2719 511 2757 osse
533 2703 715 2776 pronuncias,
738 2711 764 2758 ot
785 2701 860 2756 rrrrei
884 2699 993 2755 allinunt
1015 2699 1098 2767 illurn,
1122 2699 1167 2772 spui
1190 2700 1311 2754 estsine

138 2783 286 2857 principio.
335 2784 416 2841 Cuius
447 2802 513 2856 orgo
542 2786 676 2859 permissu
707 2785 759 2841 hoo
788 2784 887 2840 lactum
917 2774 981 2851 est¹
1011 2800 1064 2839 non
1097 2782 1185 2838 haheo
1212 2782 1313 2839 dicere.

139 2865 200 2922 Non
223 2868 297 2923 enim
318 2884 361 2923 me
384 2866 484 2923 latuisti
508 2874 554 2923 tuo
578 2868 690 2940 antiquo
705 2867 834 2933 oonsilio3
856 2884 944 2940 neque
958 2868 1065 2941 ignoro,
1080 2866 1207 2940 quoniam
1230 2881 1313 2922 ouree

141 2957 168 3004 et
189 2948 295 3006 lubrice
316 2950 429 3006 incedis.
472 2951 512 3007 Tu
533 2961 621 3008 autom
644 2952 769 3025 ignoras,
802 2942 876 3022 (μιίε8
898 2960 940 3007 est
970 2950 1016 3025 rpui
1047 2959 1126 3007 natus
1168 2957 1225 3017 est,
1255 2939 1313 3021 qui⁴

141 3033 233 3089 omnia
255 3034 327 3090 seire
351 3040 377 3090 te
399 3033 488 3106 lingis.

221 3162 284 3219 Vlll.
326 3163 410 3223 llulta
442 3168 514 3224 enirn
545 3177 571 3224 te
604 3168 703 3222 latent:
732 3166 870 3238 virginitas
901 3165 1006 3225 scilieet
1035 3166 1146 3233 ilariae,
1176 3163 1312 3239 gloriosus

141 3254 252 3320 partus,
276 3247 309 3303 de
332 3252 409 3305 errius
432 3267 549 3323 corporo
572 3250 642 3305 lions
664 3249 816 3324 prooessit:
846 3249 921 3306 stella
944 3251 1078 3318 Orientis,
1100 3266 1168 3322 aptiae
1190 3248 1315 3322 apparuit

140 3346 253 3386 munera
277 3330 428 3388 ferentibus
452 3335 550 3408 llagis3
571 3332 732 3406 Archangeli
757 3333 880 3389 salutatio
903 3334 935 3389 ad
959 3334 1095 3408 Virginem
1116 3334 1201 3400 laota3
1229 3331 1314 3405 Virgi-

139 3413 181 3467 nis
211 3410 332 3486 gloriosa
354 3418 513 3491 conceptio,
543 3425 570 3472 et
591 3418 771 3489 desponsatae
794 3417 898 3489 puellae
921 3418 1100 3490 praedicatio,
1131 3425 1158 3472 et
1186 3417 1213 3470 in
1234 3424 1313 3471 utero

142 3494 260 3569 Virginis
283 3497 424 3571 gestientis
447 3501 557 3556 infantis
586 3499 736 3574 praevisio3
765 3500 930 3574 Angelorum
958 3501 1074 3575 hymnus
1097 3499 1209 3574 gloriam
1233 3515 1313 3572 agen·

140 3608 317 3618 -——-—-

194 3654 223 3720 2)
239 3661 369 3723 apponetur
388 3659 413 3713 li.
431 3660 629 3727 xnpoxlol'OV
643 3660 709 3708 Voss.
744 3661 775 3709 ol.
791 3660 871 3708 naath.
894 3659 931 3716 ll,
952 3661 975 3708 5.
995 3659 1027 3708 lo.
1049 3660 1072 3719 li,
1092 3660 1150 3724 Vsq.
1170 3660 1193 3719 2,
1211 3659 1235 3709 e.
1255 3659 1312 3708 Lnr.

745 3728 769 3789 ὃ,
789 3728 829 3777 30.

195 3790 253 3856 Cep.
271 3793 296 3843 V.
334 3792 358 3857 l)
376 3801 398 3842 et
418 3811 465 3845 ont.
484 3795 540 3858 hog.
796 3794 822 3853 2)
842 3794 913 3842 Voce.
932 3795 959 3842 tie
978 3795 1080 3857 quiaque
1097 3796 1200 3859 panibus
1218 3800 1240 3843 et
1254 3794 1314 3841 tlon-

193 3857 220 3922 2)
238 3860 316 3910 lCor.
334 3862 357 3921 2,
374 3864 399 3912 8.
746 3866 788 3913 hus
812 3862 917 3924 piscihus
935 3867 970 3909 tot
986 3861 1062 3909 millio
1080 3862 1198 3911 horniaem
1215 3867 1311 3910 saturo-

192 3927 208 3976 3
238 3935 346 3979 aelurum
366 3930 414 3979 l‘al.
745 3932 777 3979 oit
799 3944 847 3978 non
866 3936 944 3978 extant
962 3928 985 3977 in
1004 3928 1060 3989 lieg.

193 3995 208 4045 t
238 3997 329 4046 arrhene
347 3998 409 4047 eninr
428 3999 478 4047 l‘ol.
496 3999 553 4061 lieg.
584 3999 663 4048 Locus
676 4003 712 4047 ast
797 3996 823 4055 3)
842 3997 941 4060 aliquod
962 3997 1018 4058 liog.

143 4060 177 4112 lo.
196 4063 217 4122 l,
238 4063 275 4113 tt.
798 4063 855 4127 Cart.
874 4064 921 4114 Vll.
959 4064 983 4128 l)
1006 4066 1093 4115 haheat
1118 4063 1168 4113 Pal.
1206 4061 1313 4111 Subinde

192 4131 219 4193 5)
236 4131 281 4180 iste
300 4131 350 4181 Pal.
371 4134 427 4196 lieg.
747 4147 843 4196 separes
861 4133 971 4183 christum
988 4133 1034 4182 inv.
1050 4135 1107 4194 Reg.

193 4197 221 4261 o)
239 4201 375 4250 sensibilem
395 4208 416 4250 et
436 4203 599 4253 insensibilem
622 4200 711 4249 intelli·
797 4200 824 4261 2)
842 4203 908 4250 cuius
930 4218 983 4264 ergo
1007 4203 1147 4266 perntissom
1166 4200 1207 4249 hoo
1225 4200 1315 4260 foetum

141 4265 235 4327 gihileru
251 4267 307 4327 Reg.
746 4284 797 4319 esse
817 4267 866 4317 Pal.

192 4333 220 4396 i)
237 4335 393 4395 infimitatem
411 4353 499 4387 enarrem
516 4338 562 4387 inv.
580 4336 636 4397 lleg.
798 4335 813 4385 3
845 4338 885 4399 gui
903 4335 952 4384 Pul.
971 4337 1026 4397 lteg.

193 4399 251 4467 Cap.
270 4402 306 4451 Vl.
348 4405 373 4472 1)
389 4406 436 4458 iate
456 4405 574 4469 ratneg.
600 4403 711 4454 Ceterum
797 4403 813 4453 d
845 4405 903 4470 puio
920 4402 969 4453 ru.
