2886 4882
456 220 630 281 amnium
649 221 816 280 corstona.
850 222 906 281 llll.
928 223 995 282 lllll.
1268 222 1304 284 31

127 396 131 401 '
162 388 200 443 tarr
217 406 332 445 morsus
359 389 465 457 luerit,
493 389 581 444 veniat
603 387 637 443 ad
665 398 820 462 serpentem
842 390 869 444 in
900 388 973 462 ligno
997 391 1127 465 positum,
1160 401 1188 449 et
1215 395 1309 451 credat

155 486 202 544 tene
219 481 337 547 speret,
362 473 459 547 quod,
480 471 545 527 lieet
565 469 609 527 ille
631 488 684 528 uon
706 473 788 540 vivat,
810 479 901 545 potest
922 473 1001 528 vitam
1023 482 1176 547 praestare3
1198 485 1226 533 et
1244 495 1307 534 con·

154 566 210 611 enm
235 553 425 614 servabitur}
468 557 553 629 Atque
581 555 617 610 ita
647 554 789 612 faciehant.
833 553 922 611 llabes
945 557 1025 612 etiam
1053 559 1081 613 iu
1110 558 1163 615 hec
1196 560 1308 634 gloriam

128 652 198 697 'em
222 641 303 714 qnod
332 642 363 696 in
387 641 452 714 ipso
476 645 538 695 sunt
566 639 654 693 omnia
677 647 704 695 et
723 641 750 695 in
774 640 870 713 ipsum.
911 638 980 706 Quid
1008 640 1105 696 iterum
1134 642 1200 698 dicit
1218 644 1308 701 bloses

153 721 262 791 ilosue
285 723 386 780 lilium
408 723 510 789 llavae,
534 738 595 777 eum
617 721 670 788 illi,
693 722 859 796 prophetae,
882 721 909 777 id
931 723 1049 778 nominis
1072 718 1308 797 [losue=lesus]

153 817 289 879 mouent,
324 807 395 863 ideo
418 806 521 874 solum,
551 813 581 860 ut
607 806 694 860 omnis
718 806 834 879 populus
856 804 1035 878 intelligeret,
1054 806 1160 862 Patrem
1190 809 1223 865 de
1253 809 1309 866 filio

152 908 177 943 e
192 890 251 946 lesu
284 898 399 946 cuneta
429 889 617 949 manifestasse
647 887 702 944 sdio
724 889 827 945 Navael
865 887 995 961 Imposito
1026 891 1108 964 igitur
1135 893 1310 961 eonomine,

151 974 224 1037 nando
245 976 334 1030 misit
356 990 422 1029 eum
444 974 471 1028 in
493 971 690 1046 exploratorem
711 980 799 1029 terrae
824 965 963 1045 [Canaan],
986 973 1065 1029 dixit:
1088 974 1190 1047 ,accipe
1212 973 1310 1031 librum

150 1074 264 1114 ananus
290 1067 370 1124 tuas,
395 1065 423 1112 et
444 1056 534 1112 scribe
549 1072 617 1127 quae
641 1055 707 1111 dicit
728 1056 871 1111 bernuinus:
893 1055 1030 1112 radicibus
1046 1058 1230 1113 exscissurum
1248 1075 1310 1115 esse

150 1152 202 1195 unu
220 1142 273 1197 llei
300 1142 330 1195 in
355 1140 512 1196 novissimis
535 1137 630 1194 diebus
657 1156 764 1195 omnem
785 1140 894 1196 domum
914 1138 1052 1200 Amaleoi.‘
1093 1140 1165 1196 Eece
1187 1157 1311 1197 rursum:

149 1223 267 1280 mutius
293 1222 440 1290 hominis,
472 1222 588 1279 sedbel
612 1220 682 1277 [ilius
706 1221 796 1290 lesus,
826 1224 872 1295 qui
905 1223 932 1277 in
956 1221 1041 1296 ligura
1063 1232 1091 1281 et
1112 1225 1139 1279 in
1162 1241 1244 1281 carne
1266 1242 1310 1299 ap·

147 1310 212 1363 nuc
258 1306 407 1375 Quoniam
428 1322 492 1361 iero
515 1305 613 1362 dicturi
635 1313 721 1372 erant,
743 1305 878 1362 Christum
901 1322 962 1363 esse
986 1305 1069 1363 lilium
1088 1307 1203 1376 havidis,
1226 1308 1312 1364 reler-

146 1391 221 1446 udans
256 1398 289 1446 et
322 1388 483 1462 intelligens
512 1404 634 1444 errorem
664 1388 874 1458 sceleratorum,
901 1390 937 1444 ait
958 1390 1053 1447 David:
1084 1391 1161 1459 ‚dicit
1182 1392 1311 1448 [lominus

145 1473 232 1529 hamo
257 1489 348 1528 meo:
371 1473 438 1528 sede
460 1489 475 1526 a
498 1472 599 1528 dextris
619 1472 695 1539 meis,
718 1472 805 1527 donec
826 1489 925 1545 ponam
937 1474 1062 1529 inimicos
1083 1481 1144 1530 tuos
1165 1474 1312 1531 scabellum

143 1558 215 1617 ndum
244 1552 390 1613 tuorum!
434 1554 467 1609 Et
487 1555 569 1611 lsaias
600 1571 683 1628 porro
713 1555 749 1610 ita
782 1555 917 1627 loquitur:
948 1555 1025 1622 ,dixit
1050 1557 1181 1614 Dominus
1203 1559 1311 1614 dhristo

141 1657 180 1695 sen
199 1640 347 1705 homino,
374 1639 453 1694 cuins
476 1638 643 1712 apprehendi
666 1638 816 1706 dexteram,
838 1646 868 1693 ut
888 1637 1016 1694 obediant
1037 1640 1061 1695 ei
1084 1649 1186 1713 gentes,
1209 1649 1236 1697 et
1256 1641 1311 1697 lor·

140 1725 264 1780 homnem
288 1739 395 1794 regum
417 1722 601 1796 disrumpam.¹
645 1719 727 1788 Eece,
749 1721 887 1795 quomodo
901 1721 984 1778 David
1004 1740 1065 1780 eum
1078 1725 1219 1780 homiuum
1233 1733 1314 1782 vocet

138 1808 209 1864 ethei
240 1805 350 1862 hlium.

530 1986 596 2044 Xlll.
632 1987 675 2043 tte
690 1988 794 2062 populo
816 1988 941 2046 haerede.

198 2139 261 2196 Sed
295 2137 455 2206 rideamus,
483 2144 572 2193 utrum
602 2137 647 2193 hie
676 2138 792 2211 populus
817 2139 913 2195 haeres
936 2140 988 2207 sit,
1019 2155 1052 2193 an
1080 2156 1143 2196 vero
1165 2142 1256 2213 prier;
1285 2150 1313 2198 et

131 2232 212 2278 etrum
243 2228 447 2279 testamentum
471 2220 505 2276 ad
526 2237 593 2287 nos,
622 2237 654 2276 an
685 2221 718 2276 ad
739 2221 799 2277 illos
828 2223 969 2295 pertineat.
1009 2222 1104 2279 Audite
1132 2239 1218 2291 nune,
1248 2225 1314 2297 quid

129 2310 265 2379 scriptura
292 2306 371 2361 dieat
398 2303 431 2360 de
460 2303 569 2378 populo.
610 2302 710 2359 Orabat
732 2303 839 2361 lsaacus
860 2304 999 2361 Rebeccae
1021 2307 1114 2361 ttxoris
1136 2321 1200 2361 snae
1223 2323 1314 2374 causa,

129 2390 199 2463 pund
221 2395 309 2446 esset
339 2386 459 2454 sterilis3
488 2395 514 2443 et
543 2385 586 2442 illa
614 2387 727 2462 posthae
753 2388 887 2458 concepit
929 2390 962 2442 At
982 2385 1104 2442 hehecea
1131 2402 1244 2458 egressa
1273 2395 1315 2443 est

129 2471 158 2528 et
179 2470 418 2543 interrogandum
440 2467 589 2538 Dominum,
613 2478 640 2526 et
662 2470 728 2525 dixit
748 2469 877 2527 [lominus
899 2469 932 2524 ad
954 2468 1040 2523 illam:
1069 2468 1148 2536 ,duae
1170 2476 1265 2539 gentes
1287 2469 1314 2523 in

128 2565 205 2613 utero
229 2565 287 2611 tuo
309 2560 384 2626 suut,
407 2570 438 2609 ae
453 2553 506 2610 duo
528 2554 620 2627 populi
643 2554 671 2609 in
693 2559 786 2608 ventre
809 2559 863 2618 tuo,
885 2559 965 2625 atque
981 2567 1050 2606 unus
1063 2549 1180 2623 populus
1202 2549 1315 2605 alterum

128 2639 288 2712 superabit,
312 2644 342 2692 et
359 2634 455 2692 maior‘
478 2627 564 2712 [natu]
587 2637 696 2706 ‚serviet
716 2635 833 2692 minori!
874 2633 983 2690 hebetis
1006 2632 1174 2706 intelligere,
1197 2634 1258 2705 quia
1281 2634 1318 2689 sit

130 2722 252 2790 tmeus,
281 2736 352 2793 quae
374 2718 512 2790 Rebecca,
535 2728 561 2777 ct
584 2721 617 2777 de
640 2719 800 2793 quibusnam
824 2718 1012 2786 declaraverit,
1034 2716 1109 2789 quod
1131 2716 1248 2791 populus
1270 2718 1316 2773 hic

131 2807 162 2861 sit
186 2805 285 2861 maior
307 2819 389 2875 quam
412 2803 467 2860 ille.
509 2805 541 2861 Et
561 2804 587 2859 in
620 2803 670 2859 alia
701 2803 845 2878 prophetia
867 2801 1036 2859 manifestius
1058 2799 1180 2874 loquitur
1200 2799 1317 2858 lacobus

131 2888 164 2944 ad
187 2887 285 2943 hlium
308 2903 387 2941 suum
409 2886 564 2960 losephum,
588 2887 697 2943 dicens:
719 2903 804 2956 ,ecce,
828 2887 956 2943 hominus
980 2902 1033 2941 non
1048 2885 1160 2958 privavit
1181 2901 1224 2941 me
1246 2883 1315 2942 facie

133 2981 197 3037 ttta3
223 2970 319 3026 adduc
342 2970 407 3026 mihi
429 2969 499 3027 lilios
523 2979 601 3037 tuos,
623 2978 652 3026 ut
673 2970 833 3027 benedicam
855 2967 913 3027 eis.‘
954 2969 986 3025 Et
1013 2968 1123 3026 adduxit
1143 2967 1317 3042 Ephraimum

132 3064 168 3110 et·
182 3055 350 3121 llanassen,
377 3054 491 3127 cupiens
514 3063 544 3111 ut
565 3053 791 3123 benediceretur,
822 3055 885 3128 quia
914 3060 973 3109 crat
1000 3060 1064 3108 natu
1087 3052 1181 3109 maior.
1224 3051 1317 3124 ltaque

138 3283 223 3342 hacid,
243 3281 326 3330 ludaei
345 3290 435 3330 etcum
455 3282 482 3330 lis
497 3281 644 3331 ludaizantes
665 3280 716 3330 die·
801 3279 828 3341 4)
847 3278 1023 3343 ltninterpunxi
1035 3280 1089 3328 exB
1103 3277 1120 3327 C
1133 3279 1160 3338 0,
1179 3292 1231 3327 cum
1248 3274 1317 3338 elau,

140 3352 184 3400 turi
201 3357 281 3398 erant.
307 3349 714 3409 es.10tt,t.ttaiit.22,43-45.
748 3348 762 3396 i.
782 3365 802 3396 e.
821 3343 934 3409 ἔπειτα,
958 3346 1024 3410 prius
1042 3346 1178 3394 traheretur
1195 3346 1225 3394 ad
1243 3360 1318 3395 mem·

192 3417 241 3476 39)
263 3415 312 3466 ἵνα
328 3431 376 3465 car.
395 3417 448 3466 leet.
468 3432 506 3480 ap.
525 3416 592 3466 Voss.
749 3415 817 3463 braim
839 3428 956 3478 sequens;
985 3412 1146 3477 συνέλαβεν·
1175 3409 1248 3463 εἶτα·
1274 3413 1320 3463 καὶ

192 3484 240 3548 39)
258 3469 341 3540 οὗτος
356 3484 412 3542 to,
430 3484 453 3532 in
467 3484 512 3532 hoe
526 3484 621 3547 quidem
635 3497 715 3532 emen·
749 3483 775 3545 ll,
795 3482 957 3546 συνέλαβεν
977 3477 1046 3544 εἶτα,
1064 3479 1110 3530 καὶ
1130 3480 1185 3529 inl?
1205 3480 1318 3543 distingui

145 3551 235 3610 datum,
252 3557 281 3599 ut
298 3551 345 3599 iarn
363 3552 394 3600 nit
413 3545 507 3609 οὕτως.
545 3551 572 3600 ln
590 3551 607 3599 B
628 3547 716 3616 erate}
749 3550 779 3598 ad
798 3565 835 3599 me
853 3549 954 3598 relatum
973 3557 1009 3598 est

143 3619 290 3681 βασιλείας
307 3633 330 3681 p.
348 3614 474 3697 ᾙσαΐας.
504 3618 557 3667 lsai.
576 3619 617 3679 45,
639 3619 659 3668 1.
799 3632 826 3696 5)
845 3633 902 3682 pen,
922 3631 962 3693 25,
981 3631 1021 3681 23,

193 3686 240 3749 ⁴⁰)
257 3685 321 3764 ΨΒ
337 3702 427 3752 κυρῳ,
442 3700 522 3764 ‚sulm
540 3703 573 3735 ’ω
597 3686 648 3735 ⁸l¹¹⁰
676 3701 716 3734 ³⁰·
801 3700 829 3763 6)
847 3694 1024 3751 αἰσθάνεσθε
1035 3698 1060 3760 ll,
1078 3699 1146 3763 prius
1166 3699 1236 3750 etium
1253 3701 1278 3750 in
1291 3701 1319 3752 0.

146 3760 216 3803 centu
236 3760 261 3801 et
287 3760 336 3801 rota
354 3754 500 3817 subscripto.
535 3752 594 3802 Lxx
619 3768 716 3817 quoque
801 3768 829 3832 γ)
846 3768 904 3817 Gen,
923 3767 964 3827 48,
986 3767 1023 3817 ῃ,
1042 3768 1065 3817 9,

147 3817 241 3887 Κύρῳ,
263 3818 342 3883 Cpro.
374 3821 407 3869 lta
421 3821 483 3870 lorte
502 3835 528 3869 er
540 3821 717 3883 paronomasia.

196 3891 241 3948 tt)
267 3884 422 3958 δεισῤῥήξω
457 3889 516 3938 lien.
552 3888 620 3937 Voss.
656 3888 717 3949 Cot,

147 3951 288 4026 διαρῥῆξω
305 3954 377 4016 Cler,
396 3962 422 4004 nt
442 3954 552 4005 exhibent
572 3955 620 4004 Bc
636 3955 655 4004 0
669 3955 693 4004 V.

801 3848 829 3913 8)
847 3851 907 3899 bedi
929 3849 976 3900 καὶ
998 3847 1178 3918 προσήγαγεν
1192 3849 1320 3920 Ἐφραῖμ

751 3917 798 3968 καὶ
813 3916 866 3998 nde
885 3920 1046 3997 Μανασσῇ,
1068 3919 1161 3971 θέλων
1179 3918 1226 3970 ἵνα
1244 3916 1321 3968 εὐλο-

197 4038 255 4102 car·
269 4038 327 4087 uu·
348 4038 373 4099 o
389 4036 404 4088 ὁ
421 4038 554 4101 addent,
573 4047 635 4089 exe
657 4054 718 4103 iuo—
749 3979 1320 4123 llbldb‘feldhbllllabss⁰⁸1l²b³c⁰lb

148 4121 193 4169 ί1118
209 4107 234 4154 ῑῐ)
252 4107 270 4156 Β
285 4105 302 4153 C
317 4105 337 4154 0
350 4105 376 4154 V·
751 4120 797 4169 καὶ
807 4113 987 4189 προσήγαγεν
996 4117 1102 4188 lcppn'lpa
1114 4116 1165 4169 τὸν
1198 4118 1320 4178 ανασσῆ·

196 4175 223 4238 2)
241 4174 291 4223 eff·
310 4187 385 4235 ¹⁵¹¹l³f¹¹
403 4188 423 4222 ὓ·
442 4173 457 4222 5
477 4180 501 4221 0¹
518 4173 541 4222 θ·
752 4187 844 4239 θέλων
867 4187 914 4238 ἵνα
937 4184 1087 4255 εὐλογηθῇ,
1115 4192 1141 4234 ut
1181 4182 1230 4232 edit
1252 4184 1322 4244 Men,

195 4258 224 4318 ³)
241 4259 308 4308 lnter
327 4253 392 4320 περὶ
410 4263 433 4304 et
448 4251 588 4320 Ῥεβέκκας
605 4263 719 4318 repetun·
752 4254 883 4303 coniiciens
901 4254 996 4318 quidem
1018 4254 1065 4303 καὶ
1089 4244 1250 4318 προσήγαγε
1273 4249 1323 4303 τὸν

149 4332 184 4374 tur
205 4327 230 4375 in
253 4326 271 4375 B
295 4338 365 4372 voce
394 4322 443 4372 τοῦ
465 4323 541 4384 λαοῦ,
569 4332 654 4387 postea
679 4336 719 4372 ex·
753 4323 908 4384 Μανασσῆ,
936 4321 984 4370 καὶ
1003 4318 1141 4388 Ἐφραίμ·
1169 4317 1263 4373 attor
1290 4315 1323 4369 δὲ

148 4401 256 4455 punctae.
291 4391 353 4441 Gen.
368 4389 411 4450 25,
424 4388 465 4441 21.
483 4389 550 4440 llom
568 4390 592 4452 9,
614 4389 720 4442 ro-ta
753 4390 909 4452 Μανασσῆ,
927 4388 961 4438 uti
980 4395 1018 4437 eet
1035 4399 1073 4449 ap.
1090 4385 1136 4436 hrt.
1156 4393 1203 4436 aet.
