2886 4882
178 213 237 279 184
295 211 594 274 tarentinensem
609 207 828 269 tetenstete.
852 205 895 262 xl.
924 203 1191 264 sustinendos.
1214 206 1235 268 Ι.

239 384 281 444 XI.
326 381 440 442 Gratias
461 381 539 439 nobis
560 396 630 452 ορο,
652 378 727 451 qaod
749 376 859 433 comites
877 391 951 431 meos
973 375 1101 431 benevole
1121 375 1290 448 suscepistis.

507 476 637 535 Saiutant
658 494 707 533 eos
727 476 830 548 [ratres
850 477 881 531 t'n
905 474 1022 530 Troade.

263 589 338 673 Περὶ
359 588 390 651 δέ
414 586 556 660 (δίδοονοςι
576 591 629 648 τοῦ
650 580 790 648 διακόνου
820 578 877 645 άπδ
897 582 1046 656 Κιλικίας,
1075 578 1182 687 άνδρος
1208 605 1349 662 μεμαρτυ-

178 673 305 761 ρημένον
343 669 377 746 ὃς
397 671 448 735 καὶ
466 675 523 734 νῦν
551 668 583 731 ἒν
608 665 684 753 λόγῳ
710 669 787 730 Θεοῦ
817 663 956 748 ὑπηρετεῖ
973 689 1024 747 μοι
1054 664 1114 746 ῦμυ
1139 665 1202 751 Pte
1219 661 1349 770 Ἀχυθό-

177 759 276 835 restit,²
305 725 389 838 άνδρί
415 754 554 840 ἒιιλειιτῷ,
586 749 620 827 δς
641 747 700 815 άπδ
722 751 836 830 Συρίας
857 774 905 831 μοι
932 747 1106 825 άιιολουθεῖ,
1134 746 1351 829 ἀποταξάμενος

179 847 220 930 τῷ
250 843 322 928 βίῳ,
349 841 378 902 οἳ
405 839 455 901 καὶ
483 843 680 920 μαρτυροῦσιν
706 833 790 916 ὑμῖν,
824 831 903 918 adytis
931 836 970 920 τῷ
997 836 1062 919 Θεῷ
1091 829 1246 916 εὐχαριστῶ
1276 830 1349 917 ῦπὲρ

178 922 279 1010 δρῦν,
300 922 346 988 δτι
367 922 505 999 ἐδέξασθε
526 916 653 996 αὐτοῦς,
682 915 722 993 ὥς
750 918 800 981 καὶ
828 914 942 998 inuicti
970 915 1078 1000 ιιιίριος.
1124 919 1164 979 Oi
1192 915 1223 980 δὲ
1250 914 1351 998 άτιμά-

178 1030 279 1083 σαντες
306 1003 414 1081 αῦτοῦς
441 1006 659 1087 δυτρεοθείησυν
680 1003 712 1066 ἐν
732 1008 768 1089 τῇ
797 999 890 1086 χάριτι
919 1008 971 1064 τοῦ
988 997 1085 1081 Ἰησοῦ
1109 1006 1247 1082 Χριστοῦ.
1285 999 1349 1064 ’Λο-

178 1090 295 1171 πάξεται
314 1087 391 1171 ῦμᾶς
409 1087 431 1171 η
450 1087 548 1175 άχάπη
569 1093 627 1151 τῶν
648 1083 783 1164 άδείφῶν
803 1093 862 1149 τῶν
883 1085 915 1149 ἐν
932 1081 1061 1165 Τρωάδι·
1083 1083 1158 1147 ὅθεν
1177 1085 1227 1148 καὶ
1245 1084 1350 1168 γράφω

178 1175 200 1242 si
220 1184 248 1241 'v
269 1170 319 1239 διδ
331 1170 490 1257 Βοῦρῤου,8
511 1171 697 1272 πεμφθέντος
719 1168 778 1251 ἄρα
797 1170 861 1251 ἐμοὶ
875 1166 932 1233 άπδ
943 1166 1089 1248 Ἐφεσίων
1109 1170 1159 1232 καὶ
1174 1171 1351 1253 Σμυρναίων

179 1285 193 1326 ε
246 1256 333 1344 λόγον
364 1264 456 1339 τιμῆς.
505 1263 623 1337 Τιμησει
651 1250 758 1328 αι’ποῦς
785 1250 803 1317 δ
829 1252 929 1338 κύριος
946 1250 1061 1335 Ἰησοῦς
1089 1249 1230 1330 Χριστὸς,
1254 1255 1294 1328 είς
1315 1250 1351 1316 δν

180 1344 343 1421 ίίπίζουσιν
363 1341 464 1425 σαρκὶ,
484 1346 584 1426 ψυχῇ,
605 1340 714 1416 πίστει,
737 1334 851 1424 άχάπη,
881 1335 1012 1423 ὁμονοίᾳ.
1045 1333 1205 1420 Ἔρρωσθε
1226 1337 1257 1400 ἐν
1280 1342 1351 1418 Xon·

181 1434 238 1516 στρῖ
256 1424 371 1509 Ἰησοῦ,
391 1431 427 1513 τῇ
448 1430 533 1512 κοινῇ
555 1424 649 1487 ἐλπίδι
669 1420 761 1503 ἡμῶν.

630 1584 888 1594 -ι-ι-ῥη

481 1708 777 1763 ΣΜΥΡΝΑΙΟΙΣ
803 1706 1050 1761 ΙΙἸἸΑἸῚΟΣ.1

258 1841 413 1929 Ἰγνάτιος,
435 1840 452 1906 δ
473 1844 523 1906 καὶ
545 1841 714 1927 Θεοφόρος,
736 1844 872 1928 ἐκκλησίᾳ
897 1845 974 1907 Θεοῦ
994 1840 1103 1927 πατρὸς
1123 1842 1173 1905 καὶ
1199 1848 1252 1905 τοῦ
1281 1839 1350 1927 ι’χχυ-

304 1926 436 2008 πηρὲνου
452 1923 551 2008 Ἰησοῦ
575 1933 722 2010 Χριστοῦ,
743 1925 886 2014 ι’χίεηχιίνη
908 1927 939 1991 iv
959 1927 1045 1991 παντί
1065 1927 1224 2009 χαρίσματι,
1246 1935 1351 2008 πεπλη-

303 2010 418 2097 ρωμένη
437 2009 468 2073 ἓν
488 2013 581 2074 πίστει
601 2012 649 2076 καί
672 2009 778 2096 άγάπη,
801 2008 982 2092 άνυστερήτιο
1004 2007 1077 2098 οῦση
1095 2006 1205 2084 παντὸς
1217 2012 1352 2094 χαρίσμα-

305 2094 382 2170 roc,¹
401 2092 649 2183 θεοπρεπεστάτη*
669 2095 719 2159 sed
740 2075 919 2181 άχιοράρηι,4
941 2077 976 2183 τῇ
998 2091 1072 2182 οῦση
1093 2095 1124 2158 ἐν
1146 2091 1268 2183 Σχιῦρνη
1299 2102 1352 2177 τῆς

16 2211 36 2265 ρ·
84 2179 161 2317 ’μ’
300 2175 416 2255 Ἀσίας,
439 2178 471 2241 ἐν
492 2176 603 2266 άμοίριη)
623 2177 765 2262 πνεύματι
785 2179 846 2243 ιιαίῠ
868 2176 944 2266 λόγῳ
967 2182 1060 2255 Θεοῦ,
1091 2185 1208 2242 πλεῖστα
1233 2181 1352 2264 χαίρειν.

419 2337 438 2393 l.
482 2336 614 2414 Glosifico
637 2340 726 2396 Deam
746 2346 857 2414 ρτοριετ
877 2339 961 2411 fidem
981 2347 1111 2397 vestram.

158 2446 163 2519 i
262 2439 412 2522 Λοξάζων“
429 2443 545 2529 Ἰησοῦν
565 2443 692 2531 Χριστὸν
713 2444 764 2511 τὸν
782 2444 868 2523 Θεὸν,
890 2442 941 2509 τὸν
959 2445 1052 2522 οῦτως
1078 2441 1156 2527 ὑμᾶς
1177 2447 1351 2526 σοφίσαντα·

158 2522 286 2610 thineo
305 2525 361 2613 χδιρ
381 2525 459 2611 sistite
479 2532 720 2616 ιιοπηρτισρὲνους
741 2531 773 2596 ἐν
803 2527 930 2617 ἀκινήτῳ
958 2532 1069 2608 πίστει,
1097 2528 1193 2613 ὥσπερ
1218 2538 1353 2614 καθηλω-

192 2706 196 2713 ’
232 2701 341 2764 dauid.
378 2700 628 2763 1)Psendo·lgnatius
646 2702 749 2751 itshsee
833 2701 849 2751 3
879 2699 964 2750 Ginai
973 2697 1141 2762 smyrnett,
1151 2698 1351 2762 aespnesett.

181 2769 304 2832 accepisse
323 2768 430 2828 ridetur,
449 2776 568 2832 umquam
588 2769 608 2816 si
626 2768 695 2818 Philo
713 2778 748 2819 te·
837 2768 846 2818 i
881 2768 914 2816 ita
937 2768 982 2816 iac.
1000 2773 1023 2814 et
1041 2765 1205 2827 apographum
1220 2766 1351 2831 Heistonii3

179 2835 318 2886 stimonium
337 2851 350 2883 u
368 2834 482 2884 Cilicibus
509 2842 653 2884 consecutus
670 2835 749 2885 inerit.
784 2836 949 2904 σμυρναίοις
972 2834 1024 2882 sins
1040 2825 1176 2898 Ἰγνάτιος
1194 2832 1225 2892 C,
1252 2842 1275 2881 et
1292 2842 1352 2884 teste

181 2902 230 2954 Sed
250 2902 271 2951 si
289 2917 371 2952 verum
389 2902 432 2962 sit,
456 2902 521 2965 quod
545 2902 631 2964 iegitur
649 2903 672 2951 in
691 2903 749 2966 Epi·
784 2903 855 2952 Petro
873 2902 911 2951 dei
933 2901 1003 2950 Furia
1022 2900 1092 2949 etiarn
1111 2899 1137 2948 L.
1153 2926 1188 2934 -
1205 2900 1238 2949 Ex
1256 2900 1350 2952 Troade

180 2967 243 3021 stols
266 2970 297 3019 ed
320 2970 465 3028 Tarsenses,
493 2967 560 3017 ilium
585 2969 658 3019 inisse
680 2971 748 3019 Tarsi
783 2969 887 3032 ignatius
900 2969 1017 3018 Burrhum
1037 2982 1090 3017 cnm
1108 2966 1183 3016 iiteris
1193 2966 1257 3016 misit
1269 2969 1351 3033 Sutur-

180 3036 323 3100 diaconum
351 3051 399 3086 nou
418 3035 514 3097 dubito,
537 3036 594 3100 quin
611 3036 671 3086 iliud
691 3035 749 3087 άπὸ
784 3052 838 3087 nam
866 3039 898 3097 (c.
919 3037 977 3099 tt).
1012 3035 1089 3085 Firmo
1109 3035 1293 3098 Smyrnaeorum
1303 3038 1351 3088 ilde

180 3104 311 3162 Κιλικίας
329 3103 480 3155 referendum
493 3103 525 3152 sit
544 3103 574 3153 ad
592 3105 748 3167 praecedens,
783 3104 807 3153 in
826 3103 913 3153 Christi
932 3104 1077 3154 nativitatem
1099 3118 1127 3151 ec
1144 3103 1281 3166 passionem
1300 3105 1352 3155 leu-

180 3180 325 3223 nouantem
345 3171 376 3221 ad
396 3171 420 3220 id
433 3170 498 3235 quod
509 3171 624 3235 sequitur.
646 3172 748 3222 Vossius.
783 3172 846 3233 dats,
863 3171 920 3220 ilios
938 3172 1062 3235 impugnat
1079 3172 1111 3231 (e.
1129 3170 1224 3232 24),
1242 3171 1282 3235 qui
1302 3175 1352 3224 ito·

181 3239 333 3291 laniiestum
357 3246 394 3288 est
411 3238 535 3288 Philonem
561 3238 675 3289 sCiiisia
699 3239 750 3289 ori·
783 3247 889 3289 cetarum
902 3253 969 3289 more
979 3240 1057 3288 iesum
1066 3238 1186 3288 Christum
1195 3252 1250 3289 rere
1259 3240 1351 3303 vixisse,

180 3307 279 3368 andum,
298 3322 347 3356 non
365 3306 390 3355 in
409 3304 506 3365 Cilicia,
523 3305 567 3355 scd
586 3321 639 3356 cum
657 3307 748 3369 ignatio
783 3322 880 3372 passum
899 3322 961 3368 esse,
979 3314 1020 3356 aut
1037 3306 1196 3355 resurrexisse
1216 3317 1310 3369 negent,
1329 3318 1353 3359 et

180 3373 206 3423 in
223 3372 331 3434 Troade,
352 3383 378 3423 nt
395 3372 537 3438 perhibent,
557 3373 646 3434 tuisse,
677 3390 748 3439 quum
782 3382 912 3439 propterea
944 3374 1012 3423 necui
1041 3373 1089 3422 sint
1116 3380 1182 3423 reeta
1207 3373 1254 3423 ttde
1281 3385 1352 3440 atque

180 3441 243 3491 hanc
255 3440 387 3503 Epistulam
400 3446 518 3491 exereret:
538 3439 570 3488 ita
580 3441 652 3490 Hebe.
663 3441 749 3502 teta.
783 3442 889 3492 caritate.
925 3441 1143 3505 Obternperandum
1153 3442 1270 3491 ecciesiae
1280 3459 1351 3507 prae-

181 3507 209 3559 οί
223 3505 282 3561 tue
299 3511 348 3572 τῆς
355 3506 476 3565 Ἰταλίας
493 3508 602 3557 homines
619 3517 674 3559 sunt
687 3509 748 3570 tuti,
782 3509 888 3570 sidihus,
908 3508 1101 3571 coniunctimqne
1122 3522 1174 3556 eum
1192 3509 1222 3557 iis
1241 3512 1351 3561 standum

181 3591 211 3626 co
233 3575 289 3639 ipso
317 3584 425 3641 tempore
452 3590 500 3640 quo
518 3575 626 3639 Epistola
650 3577 681 3627 ed
700 3578 748 3626 tie·
781 3576 814 3641 (e.
834 3577 857 3627 8.
869 3577 904 3642 9).
940 3575 1033 3624 Gratias
1050 3573 1105 3636 agit,
1123 3575 1206 3637 Syriae
1225 3578 1351 3628 ecetesiam

180 3642 268 3693 δεεσσε
285 3644 422 3708 conscripta
440 3643 492 3702 tuit,
510 3651 574 3693 extre
587 3643 677 3694 italiam
695 3660 749 3694 cum
783 3645 940 3703 commendet,
948 3641 1087 3691 nominatim
1095 3641 1183 3691 salutet
1194 3642 1225 3705 (c.
1236 3645 1352 3707 10-13).

180 3709 249 3760 istius
267 3710 391 3774 Epistoiee
410 3711 533 3774 scriptore
552 3710 622 3772 aiibi,
662 3728 694 3762 uo
723 3712 747 3761 in
833 3712 859 3774 2)
878 3710 1008 3773 Respicere
1026 3708 1120 3758 ridetur
1137 3707 1213 3759 iCor.
1229 3711 1284 3771 tt.
1303 3713 1350 3764 Cir.

180 3776 239 3828 ioco
266 3792 315 3827 non
350 3777 437 3843 liquet,
472 3785 602 3828 versantes.
646 3727 694 3829 δίε.
723 3779 748 3829 S.
782 3778 812 3828 sd
833 3777 915 3842 Polyc.
934 3792 954 3826 c.
973 3776 996 3826 2.

180 3844 325 3964 ww&
346 3847 367 3896 1.
386 3847 469 3910 (idere.
486 3845 510 3905 t,
531 3845 563 3910 1.)
580 3848 631 3896 Act.
651 3846 689 3908 Π,
710 3845 747 3898 13.
831 3844 858 3909 3)
876 3837 1127 3962 θεοῖιῖρεπεστάτης
1150 3842 1175 3894 C.
1210 3845 1267 3896 Vide
1289 3845 1350 3895 inira

251 3915 255 3925 '
284 3949 292 3962 .
782 3929 809 3963 cs
845 3914 909 3963 .11.
961 3948 967 3960 .

230 3978 301 4044 2)1n
320 3977 337 4028 C
359 3976 426 4049 ῥίῳ·
450 3974 622 4047 άχαδόποδι.
657 3980 748 4031 Eodem
810 3927 860 4042 ΡἸ)
878 3980 895 4029 Ι.
914 3994 933 4028 e.
952 3980 1112 4042 quaesanctis
1130 3979 1273 4040 retentaest,
1292 3994 1348 4028 eos·

180 4045 255 4096 ιοδο
271 4047 449 4111 internuncium
469 4063 523 4099 esse
542 4048 567 4096 in
585 4048 603 4097 t
622 4048 749 4098 certiorem
782 4061 829 4112 que
880 4045 1014 4108 nsiparere
1032 4046 1133 4095 ridetur.
1155 4044 1262 4095 Psersen.
1292 4047 1348 4095 Gni-

179 4123 219 4161 ns
236 4112 293 4164 iecit
304 4113 510 4166 Tischendordus.
545 4114 612 4165 Unde
625 4115 748 4165 interduo
782 4113 895 4164 ticcieli:
925 4112 969 4161 che
991 4116 1004 4160 e
1031 4111 1175 4174 deguissirna
1203 4112 1226 4162 di
1250 4113 1308 4174 Dio,
1336 4131 1349 4163 e

300 4179 349 4232 arai
372 4183 485 4246 copulem
516 4182 633 4233 excidisse
661 4182 748 4247 aliquis
782 4182 862 4231 iet-aee
883 4180 907 4230 di
925 4180 1019 4228 santitt.

346 4257 393 4299 stt
430 4251 479 4302 Cir.
503 4261 581 4301 tamen
605 4250 635 4299 sd
655 4250 748 4314 Smyrn.
833 4250 860 4311 5)
878 4247 925 4299 καὶ
941 4247 1012 4297 textui
1031 4246 1147 4298 Vossiaue
1168 4247 1296 4299 exciderat.

394 4332 440 4368 us:
466 4336 517 4372 cem
538 4319 596 4369 dites
621 4321 695 4383 {ram
726 4326 748 4369 et
833 4314 860 4380 θ)
879 4315 939 4366 liedi
964 4309 1097 4375 Δοξάζων
1125 4315 1186 4366 duce
1217 4315 1277 4367 Cod.
1301 4317 1348 4368 Ce-

276 4401 294 4418 ·=
341 4392 345 4427 ῑ
782 4384 919 4447 saunensi,
942 4382 982 4434 ubi
1005 4383 1080 4434 hahes
1098 4379 1245 4449 Δοξάζων,
1269 4385 1349 4437 litters
