2886 4882
378 208 555 269 nuntium:
574 211 744 271 urrsrom.
774 215 814 271 IV.
837 216 865 275 V.
1191 218 1211 281 7

108 375 165 463 rpp'
186 370 265 453 Θεῷ.
310 362 392 447 Ἐφ’
426 366 497 473 Dpov
524 367 601 434 ἐστὶν
642 389 743 439 matum
764 383 835 450 Deo;
857 384 883 440 in
937 395 1029 444 autum
1043 395 1085 445 est
1107 389 1135 445 in
1156 408 1203 447 no·

114 461 184 532 pir,
221 457 397 531 μελετῶμεν
426 478 478 517 τον
504 451 601 535 φόβον
641 465 700 530 bis,
732 459 906 524 meditemur²
941 470 1065 528 timorem
1086 473 1148 543 Dei,
1178 483 1205 531 et

108 540 174 607 Θεοῦ,
196 537 251 599 καὶ
267 533 440 614 φυλάσσειν
460 535 601 621 ἆγωνιζῶ-
642 549 828 606 custodiemus
851 550 975 609 mandata
995 554 1075 612 illius.

108 618 160 696 τὶς
172 617 300 695 ἐντολὰς
314 617 413 684 αὐτοῦ
429 621 490 699 (ἵνα
501 621 600 699 ἕντοῖς

108 727 208 785 umore
230 700 337 767 αὐτοῦ
369 702 600 788 εὐφρανθῶμεν).

108 790 170 855 ms²⁹
192 814 254 853 nou
279 806 402 872 accepta
423 815 540 872 persona
564 801 665 857 iudicet
678 800 824 869 mundum3
844 802 1033 874 unusquisque
1055 805 1204 863 seeundum

113 882 167 939 beit
189 881 331 955 accipiet.
373 880 402 937 Si
426 882 507 939 fuerit
531 882 629 952 bonus,
651 884 758 940 bonius
780 902 842 941 eum
857 885 1010 952 antecedit;
1032 885 1056 940 si
1079 903 1206 959 nequam,

108 966 299 1039 suequitiae
323 980 388 1020 eum
419 958 574 1039 sequitur.³⁰
616 967 775 1035 Adtendite,
801 985 835 1024 ne
869 968 977 1042 quando
1007 962 1204 1041 quiescentes³¹

109 1051 174 1105 nenti
199 1048 419 1104 addormiemus
441 1049 467 1104 in
474 1051 609 1154 speccetis
632 1050 750 1119 uostris,
777 1061 805 1108 et
827 1050 948 1124 Nequam
970 1051 1107 1125 accipiens
1130 1061 1204 1126 pote·

108 1151 111 1187 ι
129 1121 292 1189 nostram³²
316 1132 473 1201 suscitetur,
519 1141 547 1189 et
569 1126 644 1206 [nos]
668 1134 790 1191 excludat
810 1154 826 1192 a
847 1151 933 1208 regno
955 1134 1070 1190 Domini.
1111 1133 1205 1192 ddhue

108 1215 325 1288 diutelligite‚
357 1232 417 1271 oum
437 1208 583 1272 videritis³⁴
605 1226 676 1273 tanta
702 1218 779 1290 signa
800 1227 826 1275 et
846 1225 968 1274 monstra
989 1218 1016 1273 in
1038 1216 1141 1292 populo
1163 1217 1205 1274 lu·

108 1318 157 1368 un,
180 1308 210 1354 et
235 1299 285 1354 sie
308 1297 372 1355 illos
402 1299 546 1372 dereliquit
566 1300 704 1356 Dominus.
745 1302 928 1358 Adtoudamus
949 1317 1032 1376 ergo,
1060 1317 1096 1358 ne
1125 1300 1204 1370 forte,

108 1384 244 1458 seriptum
273 1389 328 1450 est,
350 1373 460 1449 ‚multi⁸⁵
481 1384 576 1451 iocati,
598 1385 677 1458 pauci
699 1381 787 1441 electi‘
810 1386 984 1442 inveniamur.

228 1531 266 1585 V.
314 1530 416 1587 Christi
435 1540 520 1589 morte
540 1550 591 1590 nos
610 1534 722 1597 salvati,
745 1535 845 1592 ledaei
865 1535 991 1591 indicati.

108 1638 217 1708 'ropter
243 1631 304 1686 hoo
319 1629 448 1687 Dominus
470 1634 598 1689 sustinuit
620 1634 727 1690 tradere
749 1652 850 1709 eorpus
864 1651 943 1690 suum
958 1634 984 1689 iu
1007 1633 1203 1702 exterminium,

108 1719 232 1773 ussione
259 1723 437 1788 peecatorum
461 1715 670 1785 sanctificemur,
693 1716 767 1791 quod
788 1727 830 1773 est
848 1718 990 1792 sparsione
1012 1717 1151 1791 sauguinis
1174 1717 1202 1773 il·

114 1800 270 1874 Scriptum
295 1806 339 1854 est
352 1798 423 1854 enini
440 1799 473 1854 de
495 1799 549 1867 dio,
572 1800 702 1874 quaedam
724 1801 758 1857 ad
779 1800 908 1875 populum
930 1800 1099 1869 ludaeorum,
1122 1819 1202 1875 quoe·

108 1884 219 1940 dnos.
268 1881 340 1936 Dicit
360 1873 461 1938 auteru²
484 1883 539 1938 sie:
575 1882 746 1951 ‚vulneratus
768 1893 811 1940 est
831 1893 945 1959 propter
975 1885 1131 1959 iniquitates
1154 1902 1200 1942 no·

130 1975 161 2023 et
184 1972 309 2021 vexatus
332 1972 373 2019 est
395 1973 508 2040 propter
528 1974 639 2042 porceto
662 1976 771 2036 nostro,
800 1968 930 2042 sanguine
954 1967 1025 2024 illius
1048 1968 1134 2024 sanati
1157 1987 1200 2025 su·

122 2050 280 2123 Tanquam
310 2049 366 2104 oris
393 2048 426 2105 ad
447 2049 579 2105 victimam
605 2050 738 2107 adductus
760 2058 815 2124 est3
845 2060 872 2107 et
899 2052 970 2108 sieut
996 2069 1081 2125 agnus
1110 2067 1201 2109 eoram

108 2142 143 2191 rte
166 2151 220 2201 se,
251 2131 295 2188 sic
318 2148 373 2187 non
401 2133 506 2207 aporuit
535 2149 567 2190 os
594 2131 690 2190 suurn‘
730 2133 947 2208 Supergrntulori
974 2150 1040 2208 ergo
1071 2133 1201 2192 debemus

108 2236 141 2285 o,
175 2217 250 2290 quia
274 2221 301 2270 et
321 2217 465 2289 praeterita
487 2215 566 2272 nobis
588 2218 721 2286 ostendit,
750 2227 776 2275 ot
798 2219 934 2293 sapientes
956 2217 1036 2284 feeit,
1058 2218 1140 2274 etde
1162 2219 1201 2275 iu·

108 2319 168 2359 uon
206 2291 320 2357 sumus³
348 2300 406 2355 sine
427 2298 572 2356 intellectu.
615 2300 683 2356 Dicit
702 2310 803 2358 autom:
832 2301 900 2365 ,Non
929 2302 1027 2357 iniuste
1055 2301 1202 2357 tenduntur

108 2376 237 2443 tribus.‘⁴
284 2381 342 2438 tloo
363 2382 436 2447 dicit,
459 2384 522 2456 quia
544 2384 613 2440 iuste
635 2376 733 2457 periet⁵
753 2383 835 2438 homo
858 2383 961 2439 hahens
983 2383 1052 2435 viam
1072 2383 1202 2448 veritatis,

109 2486 167 2535 ιω,
195 2476 224 2522 et
249 2481 281 2519 se
304 2482 319 2519 n
339 2467 380 2520 via
404 2465 547 2523 tenebrosa
570 2483 625 2522 non
640 2466 762 2521 continet
782 2463 878 2519 adhuc.
921 2465 952 2518 Et
974 2461 1008 2515 od
1027 2455 1093 2516 boo⁸
1115 2462 1202 2516 Domi·

108 2551 228 2609 rstinnit
259 2549 315 2622 pati
345 2566 395 2623 pro
417 2550 504 2605 anime
527 2557 634 2614 nostra,
665 2563 725 2602 eum
754 2547 788 2602 sit
813 2544 888 2600 orbis
911 2552 1043 2600 terrarum
1065 2542 1204 2609 Dominus,

108 2627 160 2694 nit'
188 2634 237 2690 die
261 2639 324 2688 rute
347 2633 566 2689 constitutionem
589 2630 704 2688 saeculi:
735 2620 898 2700 ,Faciamus⁸
918 2625 1054 2683 hominem
1085 2625 1119 2681 ad
1141 2624 1203 2681 ima·

122 2726 156 2777 et
181 2714 394 2773 similitudinem
416 2712 556 2772 nostram‘
599 2715 739 2783 Quomodo
762 2728 828 2786 ergo
851 2711 993 2778 sustinuit,
1015 2726 1076 2767 oum
1098 2708 1130 2766 ab
1154 2709 1203 2766 ho·

108 2820 130 2860 u
157 2801 220 2857 hoe
247 2806 395 2872 pateretur,
418 2799 522 2855 discite.
565 2799 725 2873 Prophetae,
749 2797 783 2854 ab
806 2797 866 2871 ipso
888 2795 1018 2852 habentes
1042 2795 1152 2863 donum,
1175 2794 1202 2850 in

108 2885 374 2962 prophetaverunt;
394 2873 451 2939 ἰΙΙο9
473 2891 569 2950 autom,
591 2890 621 2938 ut
640 2899 749 2940 vacuam
773 2881 876 2939 faceret
896 2885 1011 2937 mortem
1027 2886 1055 2935 et
1076 2877 1109 2934 de
1131 2894 1202 2934 mor·

108 2994 239 3008 ——-····

127 3048 185 3098 Cir.
208 3043 267 3093 lsai.
286 3042 326 3101 33,
347 3041 384 3092 ts.
685 3043 712 3099 4)
730 3044 799 3092 Prot.
827 3041 851 3100 l,
880 3042 917 3090 17.
956 3041 1059 3089 Sensus:
1092 3039 1203 3097 Quamuis

129 3114 187 3165 etr.
217 3111 311 3160 ll‘t’lr·
336 3110 362 3167 l,
387 3110 425 3160 li.
456 3111 507 3160 Grd.
531 3110 558 3169 2,
578 3112 601 3161 6.
636 3112 666 3160 ob
685 3111 780 3160 nimiam
794 3108 889 3159 Domini
903 3106 1092 3157 misericordiam
1106 3106 1203 3168 snpien-

111 3184 141 3239 ³,
161 3184 191 3232 8.
636 3187 671 3228 tos
690 3178 777 3228 redditi
795 3192 843 3226 nou
860 3175 996 3224 simussiue
1013 3173 1144 3231 intellectu,
1162 3188 1203 3221 cn-

129 3250 190 3299 cn.
207 3245 264 3296 lsai.
282 3243 323 3301 58,
343 3244 365 3293 8.
635 3246 737 3295 rendum
755 3252 833 3293 tnmeu
852 3242 921 3292 nobis
940 3250 983 3302 est,
1002 3258 1032 3291 ne
1050 3242 1073 3290 in
1092 3240 1151 3290 rotie
1168 3240 1203 3289 uti

126 3317 185 3368 Cir.
209 3312 292 3363 marin.
310 3312 349 3367 25,
368 3313 391 3361 5.
409 3328 462 3376 sqq.
636 3329 690 3361 asos
714 3312 859 3364 incidamus.
883 3311 907 3359 iu
930 3309 967 3358 rin
991 3309 1141 3358 tenebrarum
1159 3323 1203 3370 pe-

108 3404 111 3436 ι
129 3398 217 3448 sopra
239 3379 264 3427 di
283 3379 331 3428 noi.
362 3379 386 3427 G.
635 3389 739 3429 remites.
764 3380 812 3428 Cir.
829 3381 854 3428 A.
866 3376 1018 3495 tpiigenseid:
1040 3376 1083 3426 Dio
1097 3378 1203 3439 Aposto-

108 3453 170 3503 .tta
196 3447 261 3498 coiri.
281 3448 353 3503 Dein,
376 3450 470 3498 suscitet
488 3447 547 3497 Cod.
577 3448 602 3496 ln
636 3449 728 3497 iisehen
747 3448 822 3496 t'nter.
860 3445 930 3495 lude
953 3444 1023 3495 1853.
1042 3459 1066 3507 p.
1088 3444 1125 3494 lt.
1212 3499 1217 3511 ,

108 3538 118 3572 n
140 3522 219 3570 deest
241 3515 320 3575 [uosJ.
685 3516 711 3578 5)
730 3514 814 3565 Merite
837 3512 935 3561 Vossius
954 3512 1058 3563 menardi
1082 3511 1204 3575 improbat

108 3608 111 3637 ι
129 3584 312 3646 Hierosolymo
333 3581 390 3631 urim
403 3583 449 3632 inm
463 3583 539 3631 diruta
552 3590 602 3631 erat
634 3583 808 3632 correctionem
826 3582 910 3645 peribit
928 3595 952 3642 p.
968 3582 1054 3643 periet,
1082 3595 1134 3629 oum
1154 3597 1202 3631 non

108 3674 132 3707 c.
157 3653 230 3715 16.);
256 3650 320 3699 undo
338 3651 442 3700 videritis
462 3666 509 3699 nou
529 3649 600 3698 futuri
635 3651 681 3700 hoc
699 3650 776 3700 minus
801 3663 870 3712 quom
895 3647 996 3696 niternrn
1018 3647 1040 3697 in
1065 3663 1108 3696 usu
1132 3648 1204 3698 tuerit

121 3722 176 3775 sed
194 3718 296 3784 perfecti
316 3719 431 3780 temporis
449 3721 533 3768 seimon.
634 3734 692 3767 nero
705 3717 843 3780 posteriori.
860 3716 893 3764 lto
909 3722 932 3763 ot
944 3714 1000 3763 atini
1020 3717 1120 3773 onerist,
1137 3717 1201 3764 exiet

108 3789 226 3852 matth.
249 3788 294 3846 to,
317 3787 354 3834 td.
381 3787 429 3847 22,
451 3788 488 3836 tt.
531 3786 601 3834 Voce.
635 3794 657 3834 et
675 3787 784 3844 transiet,
804 3785 874 3833 etiam
888 3781 952 3845 nptid
966 3781 1086 3831 Tibullum
1097 3782 1114 3840 Ι,
1126 3782 1149 3841 d,
1162 3781 1201 3830 27.

108 3862 225 3920 seriptum
244 3860 279 3902 est
298 3854 403 3914 glossam
421 3854 494 3903 odunt.
635 3853 682 3902 Cir.
702 3853 853 3901 Dueuemnrm
871 3850 901 3900 ed
922 3850 1029 3899 Laetont.
1047 3850 1082 3908 tt,
1103 3848 1140 3904 13,
1161 3847 1201 3896 24.

108 3943 134 3991 p.
157 3924 183 3972 t.
224 3921 248 3983 1)
267 3921 275 3969 Ι
296 3922 358 3969 Petr.
380 3922 400 3981 1,
420 3922 442 3971 2.
685 3918 750 3982 D)E
776 3918 863 3969 inoltre
894 3917 910 3966 it
942 3918 1043 3980 Signore
1074 3916 1200 3976 comporto

123 3995 168 4043 So.
188 3990 220 4039 ad
238 4005 291 4038 nos.
312 3989 360 4037 Cir.
377 3990 430 4038 isui.
450 3990 491 4049 53,
511 3990 533 4038 5.
552 3988 574 4036 t.
636 3988 720 4051 potire.
747 3987 771 4036 G.
797 3987 868 4036 Forte
887 3985 974 4052 πέρας
991 3999 1030 4050 γε.

118 4061 150 4113 ln
175 4057 250 4106 reteri
275 4056 380 4112 Codice,
415 4073 442 4106 ex
466 4073 513 4121 qno
542 4057 602 4105 Meo.
685 4055 712 4115 i)
731 4056 863 4118 Sopater.
892 4053 948 4102 deu.

108 4127 251 4179 versionem
271 4124 401 4185 evulgavit,
423 4126 458 4174 sie
481 4133 547 4175 oret:
576 4123 602 4172 d't
687 4122 713 4186 ὃ)
732 4121 790 4171 Gon.
810 4123 831 4177 1,
850 4121 889 4170 26.
1069 4179 1074 4189 .
1102 4178 1106 4189 Ι

108 4198 166 4247 uiris
182 4210 232 4242 noir
252 4195 341 4250 soniis,
366 4208 445 4242 snmus
462 4195 513 4241 sine
532 4194 602 4241 intet—
687 4190 714 4250 9)
734 4188 980 4240 Consurlttiaurein
992 4209 1023 4220 -
1035 4194 1090 4244 qum
1101 4193 1202 4229 tuumne

132 4262 182 4315 Sed
202 4259 385 4322 expungendum
397 4276 450 4309 osse
472 4264 543 4309 sinino
556 4258 603 4308 inm
638 4257 766 4322 oportebat
781 4272 834 4306 eum
853 4255 984 4316 adparere,
1008 4254 1034 4322 μὶ
1052 4260 1149 4296 vacum
1166 4246 1203 4297 D·

108 4329 216 4382 oettuii.
254 4329 358 4375 Sensus:
383 4328 450 4377 dlnud
469 4328 544 4390 ignari
562 4343 603 4377 su·
637 4334 702 4376 curet
719 4333 820 4374 mortem
838 4329 862 4372 et
880 4321 909 4370 de
926 4319 1031 4390 witus·
1045 4312 1203 4393 resurrectio·

108 4412 195 4458 norum,
215 4410 277 4459 quoe
296 4402 394 4445 rentum
412 4404 474 4446 sunt
637 4408 691 4443 uem
715 4391 853 4442 ostenderet
875 4411 910 4425 ·-
931 4383 1045 4432 Summi
1062 4384 1088 4450 tt·
1110 4397 1130 4432 e·
1154 4383 1204 4446 pili

944 4506 1132 4602 ,r—
