2886 4882
293 230 492 293 ustulatus
513 232 541 295 S.
561 234 760 297 uolutauit
788 236 866 299 xvtt
886 236 1066 305 utut-111.
1084 238 1142 303 Π.
1238 240 1301 309 405

128 406 189 478 igue
211 418 273 461 eum
295 406 482 471 extracturos3
503 404 598 477 ignari,
622 404 696 478 quod
708 420 761 462 neo
773 404 918 474 Christum,
941 405 988 480 qui
1000 423 1051 482 pro
1065 407 1153 469 salute
1167 410 1298 483 omnium,

127 487 175 560 qui
196 485 223 542 iu
254 493 310 542 toto
332 485 433 541 mundo
456 485 520 543 salvi
542 484 623 554 fient,
642 502 741 562 passus
762 495 791 545 et
813 482 980 564 [inculpatus
1009 507 1061 565 pro
1082 486 1299 567 peecatoribus]‚

126 585 245 643 unquam
278 566 467 640 derelinquere
489 570 658 642 poterimus,
679 586 770 643 nequa
790 570 872 628 alium
893 588 1058 646 quemquam
1079 574 1178 633 oolam.
1218 575 1298 637 Illum

125 652 198 711 euim
229 657 323 726 utpote
346 648 430 706 lilium
459 650 504 708 llei
533 652 693 721 adoramus3
714 660 848 729 martyres
867 668 935 711 uero
963 661 1098 729 tamquam
1125 657 1231 715 bomini
1257 650 1298 719 di'·

126 734 248 810 scipulos
276 740 304 791 et
324 732 475 790 imitatores
507 734 605 793 merito
636 734 780 809 diligimus,
802 743 916 811 propter
936 736 1046 795 illorum
1076 738 1201 797 eximiam
1231 756 1299 817 erga

125 834 219 892 regem
241 833 273 875 ao
294 815 452 889 magistrum
475 834 554 874 suum
575 816 809 890 benevolentiam
833 834 949 893 quornm
970 819 1071 879 utinam
1091 829 1120 879 et
1135 830 1187 879 rtos
1200 820 1299 881 damus

126 907 269 958 consortes
289 914 322 957 ao
344 898 532 974 condiscipuli.

312 1047 400 1105 llVlll.
441 1050 590 1124 Polycarpi
610 1066 710 1124 eorpus
730 1052 909 1110 comburitur·
956 1052 1111 1127 Reliquiae.

208 1164 307 1222 videns
340 1171 428 1221 autem
457 1164 580 1221 centurio
602 1181 618 1221 a
639 1162 746 1223 ludaeis
775 1172 862 1223 ortam
891 1167 1111 1238 contentionem,
1133 1184 1234 1245 eorpus
1267 1170 1299 1227 in

123 1248 214 1305 medio
235 1247 305 1322 iguis
333 1248 454 1321 positum
476 1247 586 1305 exussit
626 1248 715 1321 Atque
743 1248 779 1305 ita
800 1264 851 1305 nos
872 1257 967 1323 postea
994 1265 1058 1308 ossa
1086 1250 1161 1309 illius
1182 1252 1297 1327 gemmis
1375 1302 1380 1313 .
1417 1276 1423 1289 ·

124 1330 329 1406 pretiosissimis
351 1330 526 1404 exquisitiora
548 1339 576 1387 et
596 1326 797 1404 super'aurum
818 1330 977 1405 probatiora
993 1332 1131 1403 tollentes,
1153 1334 1200 1392 ubi
1216 1334 1296 1393 deso·

123 1414 177 1483 bat,
197 1413 383 1487 deposuimus.
425 1413 484 1483 Quo
506 1412 586 1470 etiam
608 1411 662 1469 loei
683 1412 780 1483 uobis,
800 1420 832 1471 ut
851 1412 913 1471 lieri
933 1415 1049 1489 poterit,
1068 1417 1096 1473 in
1117 1417 1298 1475 exsultatione

124 1504 152 1554 et
172 1496 270 1568 gaudio
300 1496 491 1570 cougregatis,
513 1494 643 1552 llominus
664 1494 820 1569 praebebit,
842 1496 957 1555 natalem
984 1499 1108 1572 martyrii
1134 1500 1194 1556 eius
1224 1498 1297 1557 dina

123 1578 281 1647 celebrare,
304 1585 360 1635 tum
382 1579 409 1634 in
430 1579 589 1636 memoriam
621 1593 717 1635 eornm
745 1579 793 1653 qui
814 1578 961 1636 eertamina
977 1580 1165 1654 perimerunt,
1188 1588 1245 1639 tum
1265 1586 1298 1639 ut

122 1663 228 1736 posteri
250 1661 391 1719 exercitati
412 1661 468 1718 siut
486 1668 515 1719 at
534 1661 622 1735 parati
646 1656 694 1732 [ad
716 1661 812 1719 eadem
832 1656 1016 1733 sustinenda}

458 1810 526 1869 lllll.
568 1812 644 1870 deus
665 1812 815 1887 Polgeemi
835 1813 976 1884 mugnis.

209 1927 282 1985 llaeo
303 1927 338 1985 de
360 1925 441 1985 beato
463 1927 625 2003 Polycarpo,
647 1929 694 2003 qui
715 1944 778 1986 eum
799 1926 840 1996 iis,
863 1928 910 2002 qui
931 1944 965 1986 ex
979 1927 1173 2003 philadelphia,
1194 1926 1299 1987 duode-

127 2012 213 2068 cimus
234 2010 364 2084 Smyrnae
385 2011 544 2085 martyrium
564 2018 609 2069 est
628 2026 736 2087 passus,
757 2009 808 2069 sed
830 2009 908 2069 aolus
929 2009 963 2068 ab
985 2009 1112 2068 omnibus
1135 2008 1299 2081 celebratur,

126 2095 161 2150 ita
191 2099 222 2151 ut
242 2111 257 2149 a
278 2092 427 2167 gentilibus
449 2109 561 2168 quoque
580 2092 684 2167 ubique
704 2092 829 2151 loeorum
854 2100 1035 2162 memoretnr3
1064 2094 1187 2166 quinon
1209 2092 1298 2153 solunt
1327 2146 1330 2150 .

126 2176 224 2233 doetor
244 2175 359 2250 insignis
378 2176 490 2244 exstitit,
510 2174 561 2233 sed
582 2175 663 2231 etiam
676 2183 780 2250 martyr
791 2176 913 2243 eximius,
934 2176 1013 2232 buius
1028 2176 1198 2249 martyrium,
1218 2190 1299 2233 eran·

126 2256 196 2333 gello
219 2256 320 2314 Christi
341 2274 509 2331 congruum,
531 2272 628 2313 omnes
649 2257 745 2313 imitari
766 2255 933 2313 desiderant
975 2255 1122 2329 Postquam
1144 2257 1216 2313 enim
1238 2272 1297 2315 sus·

127 2339 237 2397 tiueudo
262 2340 392 2395 iniustum
412 2337 567 2411 praesidem
588 2337 667 2405 vieit,
689 2339 784 2411 sieque
806 2335 1014 2394 immortalitatis
1034 2352 1164 2395 eoronam
1184 2336 1299 2413 reesplt,

126 2439 186 2480 eum
216 2419 347 2495 apostolis
376 2418 556 2492 omnibusque
586 2418 666 2476 iustis
694 2418 848 2487 exsultans,
867 2418 952 2475 boum
973 2434 1006 2475 ae
1031 2425 1137 2492 patrem
1154 2416 1299 2492 giorillaat,

125 2513 153 2562 et
174 2502 311 2561 benedicit
331 2501 444 2558 llomiuo
466 2507 563 2557 nostro
584 2501 647 2557 lesu
668 2499 795 2568 cbristo,
817 2500 966 2557 animarum
987 2506 1141 2556 nostrarum
1161 2498 1298 2569 salamari

126 2594 154 2644 et
176 2600 323 2660 corporum
352 2591 509 2641 nostrorum
532 2582 717 2659 gubernatori,
738 2597 792 2640 nee
813 2597 868 2639 non
890 2582 995 2656 pastori
1014 2579 1167 2639 eatbolieae
1189 2580 1218 2638 in
1239 2584 1298 2641 tou

125 2669 194 2727 orbe
216 2666 357 2725 ecelesiae.

406 2805 459 2863 xx.
500 2802 1023 2877 mmeueeooanpueoo.
1085 2762 1089 2767 ’

208 2924 263 2981 llos
284 2923 394 2999 quidem
415 2921 563 2997 petieratis,
584 2928 615 2977 ut
635 2928 741 2989 cuneta,
763 2936 833 2993 quae
854 2927 931 2993 gesta
953 2925 1027 2989 sunl,
1047 2916 1135 2977 lusius
1156 2918 1235 2978 robis
1254 2934 1300 2979 sn·

126 3015 309 3085 ponerentur3
330 3022 382 3063 uos
401 3020 468 3063 uero
489 3002 742 3079 impraesentiarum
763 3000 1106 3059 summatim'iudieaaimus
1118 3016 1169 3077 per
1189 3000 1300 3059 naum

127 3097 251 3148 nostrum
271 3089 400 3146 llaroum.
442 3086 516 3157 Quae
537 3086 647 3161 quidem
668 3101 730 3143 eum
751 3082 884 3159 legeritis,
905 3082 1046 3159 epistolem
1066 3082 1197 3141 iratribus
1211 3098 1300 3143 remo·

128 3170 244 3229 tioribus
265 3171 463 3239 transmittatis,
485 3176 515 3226 ut
536 3176 564 3226 et
583 3168 638 3243 ipsi
657 3165 814 3243 glorilleeut
832 3166 986 3235 bominum,
1006 3166 1054 3239 qui
1075 3182 1108 3223 ex
1123 3166 1182 3224 suis
1192 3162 1301 3227 tamnus

129 3254 263 3312 deleotum
286 3251 358 3309 laeit
400 3252 439 3323 ut,
461 3251 508 3325 qui
524 3266 619 3309 omnes
631 3264 683 3307 nos
696 3248 784 3325 gratia
798 3265 848 3307 sua
869 3256 950 3324 amno
962 3247 1130 3324 indulgentia
1141 3248 1171 3307 in
1184 3262 1301 3324 regnu

128 3355 207 3395 suum
229 3343 367 3394 aeternnm
386 3340 479 3410 potest
499 3332 630 3391 iuducere
648 3348 699 3407 per
714 3330 884 3407 unigenitum
904 3328 991 3388 lllium
1011 3347 1091 3389 suum
1113 3330 1203 3390 lesum
1222 3328 1300 3391 ctu·

128 3428 215 3487 stum,
245 3418 297 3494 ipsi
326 3417 363 3474 sit
384 3415 485 3490 gloria,
513 3414 621 3483 bonor,
643 3415 802 3489 imperium,
829 3412 974 3483 maiestas,
997 3412 1025 3469 in
1054 3412 1157 3471 seeula.
1197 3410 1300 3473 Amani

127 3503 246 3561 Salutate
268 3515 364 3558 omnes
385 3504 505 3556 sanetos.
549 3496 613 3567 llos,
634 3496 681 3571 qui
702 3495 846 3553 nobiseum
867 3502 940 3566 sunt,
962 3493 1087 3565 salutmt,
1106 3502 1136 3552 et
1160 3495 1209 3570 qui
1229 3494 1298 3555 seri·

129 3586 184 3658 psit
204 3586 279 3652 baec,
300 3582 445 3639 llvaresbss
466 3597 528 3638 eum
549 3579 623 3636 omni
644 3576 727 3635 dotno
748 3594 806 3635 sua

183 3723 210 3788 2)
226 3724 295 3787 lpus
312 3720 400 3772 lluseb.
416 3714 474 3771 dud
492 3712 611 3773 πάντων
626 3716 698 3785 μᾶλ·
731 3714 779 3767 sel
795 3712 870 3786 ripaeis
887 3708 999 3773 πάντας
1018 3711 1221 3775 obsesssorem
1236 3712 1302 3781 (eles

134 3797 182 3846 λον
198 3782 414 3862 μνημονεύεται,
733 3796 830 3851 sepsos
853 3781 900 3831 alla
929 3796 1014 3833 manns
1038 3782 1087 3833 alio
1110 3789 1243 3834 atramento
1269 3782 1302 3832 ad

185 3862 214 3924 3)
228 3856 338 3922 Ἰησοῦν
354 3879 389 3891 -
405 3849 599 3926 quadripedis
613 3850 698 3905 sCod
733 3848 813 3915 oram)
830 3845 1141 3931 αὐτῦνγενίσθαιμμὶ
1155 3846 1205 3901 lm
1258 3848 1303 3899 ala

133 3929 209 3979 Paris.
226 3922 331 3977 restituit
347 3922 394 3972 lae.
733 3919 782 3983 τῆς
798 3914 943 4002 βασιλείας
953 3913 1155 3989 idiotismo,
1167 3912 1220 3968 daie

182 3997 210 4059 t)
229 3994 288 4043 Post
299 3991 359 4040 bueo
372 3985 494 4051 subiungit
503 3985 640 4039 Codlllud.
651 3984 700 4037 sel
733 3984 791 4050 usqi
803 3984 891 4049 Iqooa‘r
901 3984 942 4052 τῇ
951 3985 1050 4057 Κυρίᾳ
1102 3984 1151 4047 ale,
1167 3967 1216 4050 qis)
1227 3976 1247 4031 d

132 4060 164 4115 τὸ
183 4053 262 4114 need
282 4072 327 4111 ιον
343 4052 393 4107 sel
410 4052 547 4117 ζωοπονὸν
563 4055 698 4123 Πνεῦμα·
731 4044 924 4120 aalsdspaiaos
935 4050 1050 4111 eleseba
1060 4068 1079 4102 ot
1091 4052 1167 4107 ὄνας
1178 4049 1237 4100 νῦν
1254 4044 1300 4099 st·

130 4125 201 4182 ὅθεν
229 4075 282 4178 aa(
304 4120 386 4194 ripaeis
412 4116 538 4203 ᾆπανῐες
565 4118 617 4173 τὸν
632 4116 700 4239 μὲν
732 4112 821 4197 slew.
849 4113 942 4189 Ἀμήν.
960 4118 1068 4180 Casum,
1082 4130 1160 4193 usque
1177 4114 1208 4164 ad
1227 4114 1301 4167 dnn
1332 4136 1374 4205 ω

132 4191 494 4309 effluebant
508 4184 627 4312 ab
649 4202 700 4305 r
732 4179 1171 4319 tratuuttletltt
1196 4180 1297 4315 lte
1375 4250 1380 4259 ·

132 4256 542 4397 {atimqaygoeps'gsdzozul'ps
584 4268 702 4378 ,affl
732 4268 839 4373 meran?
848 4318 960 4371 llsssrlna
976 4326 1001 4369 st
1018 4314 1133 4368 Smltbns.

133 4395 242 4466 Kopion
255 4388 414 4461 ὄγαπῦμεν
425 4384 522 4447 tsine
564 4386 703 4455 symm
784 4386 814 4453 2)
832 4384 881 4437 Clu.
896 4384 965 4437 Rom.
983 4382 1023 4446 lt,
1040 4380 1149 4435 2b-2'l.
