2886 4882
181 205 242 267 4¹2
411 209 548 269 uenatu
568 208 708 268 etstan.
750 207 846 267 Ltnun
869 209 888 265 1.
932 206 1019 266 visto
1041 209 1060 267 Ι.
1081 204 1125 280 (Α)

180 396 266 457 opus,
295 386 323 435 ct
343 377 491 452 praecipue
515 376 641 445 Hermas,
673 377 718 450 qui
748 383 791 433 est
814 376 957 434 contineas
980 376 1013 433 ab
1036 377 1109 432 omui
1130 379 1356 453 eoncupiscentia

180 455 329 532 lttelcsta,¹0
351 468 441 518 otest
463 461 535 517 omui
560 460 732 535 simplicitate
752 460 849 534 plenus
871 469 899 517 et
920 461 1076 517 innocentia
1096 460 1209 534 magna‘

263 607 302 680 (a)
318 609 359 666 bl.
380 603 589 678 ,Verumtamen¹
603 628 659 667 uon
674 626 754 667 causa
768 617 812 666 tua
826 611 952 668 irascitur
960 612 1039 678 Deus,
1054 612 1103 666 scd
1118 621 1231 684 propter
1245 613 1356 671 (tomum

183 703 264 759 tuam,
287 710 357 767 quae
378 693 456 749 nefas
478 694 587 750 admisit
607 695 634 750 iu
656 693 798 749 bominum
820 702 848 750 et
869 696 894 750 in
919 702 1046 768 parentes
1070 711 1143 750 suos.
1186 695 1218 750 Et
1240 704 1269 751 tu
1292 713 1355 754 curu

182 779 221 837 sis
243 784 346 832 amator
366 776 499 844 filiorum,
530 793 585 832 uon
607 777 797 833 commonuisti
820 776 929 834 domurn
951 786 1040 847 tuam,
1071 777 1120 833 sed
1145 777 1270 833 dimisisti
1293 780 1354 838 ilios

181 860 337 919 conversari
359 851 516 916 violenter-³
559 857 676 934 Propter
706 861 758 917 boo
788 851 872 916 onim³
892 861 1019 916 irascitur
1048 859 1098 915 tibi
1128 859 1273 927 bominus;
1304 863 1354 920 scd

181 936 298 1002 satiabit⁴
319 944 410 999 omnia
431 960 500 1016 quae
526 951 587 999 ante
611 950 686 1017 gesta
700 949 764 998 sunt
784 943 853 1000 maia
874 945 900 1000 in
916 944 997 999 ‹lomo
1020 951 1071 999 tua.
1114 943 1230 1016 Propter
1244 944 1353 1003 illorum

182 1027 253 1085 onim
275 1034 387 1100 peccata
408 1032 436 1082 et
456 1025 615 1099 iniquitates
643 1034 800 1083 consumtus
823 1043 852 1083 es
875 1045 890 1083 a
918 1025 1089 1082 secularibus
1118 1019 1256 1099 negotiis*
1299 1029 1353 1086 lam

180 1110 252 1168 euim
274 1108 463 1165 misericordia
485 1107 532 1165 bei
554 1101 677 1165 miserta⁶
699 1116 742 1164 est
763 1110 801 1165 tui
823 1116 851 1164 ot
872 1109 968 1166 domus
991 1116 1066 1177 tuae,
1088 1117 1115 1164 et
1137 1111 1305 1166 conservavit
1328 1121 1353 1169 te

181 1193 209 1251 in
232 1192 327 1264 gloria.
372 1192 410 1247 Tu
431 1199 534 1247 tantum
560 1192 615 1247 uoli
645 1193 750 1266 vagari,
782 1192 831 1248 sed
860 1185 1047 1265 animaequus*
1070 1198 1143 1259 esto,
1175 1200 1201 1248 et
1228 1194 1354 1251 conforta

183 1276 292 1333 domum
316 1279 398 1330 tuam.
442 1275 578 1348 Tanquam
600 1276 722 1331 aerarius
744 1275 900 1348 producens
924 1293 992 1348 opus
1016 1293 1093 1331 suum
1118 1276 1228 1348 exponit
1252 1278 1277 1334 ei
1309 1278 1353 1334 cui

180 1357 244 1423 rub,
268 1356 308 1411 sic
332 1365 359 1414 et
380 1364 408 1413 tu
429 1357 540 1413 verbum
563 1357 750 1430 quotidianum
765 1359 864 1414 iustum
886 1359 988 1414 docens
1003 1357 1148 1414 abscindes
1170 1359 1273 1431 grande
1289 1378 1353 1433 pee-

183 1432 292 1499 cetum.a
335 1439 373 1495 Ne
397 1440 505 1496 desinas
528 1458 594 1514 ergo
618 1457 793 1498 commonere
823 1450 900 1497 natos
923 1450 1001 1509 tuos;
1030 1442 1082 1496 scit
1111 1441 1182 1495 onim
1213 1440 1351 1513 Dominus,

181 1515 268 1599 quod⁹
290 1524 482 1597 poenitentiam
505 1532 585 1598 agent
612 1541 644 1580 ex
674 1532 731 1580 toto
761 1525 844 1581 corde
874 1542 940 1592 suo,
972 1532 999 1581 ct
1021 1516 1148 1580 scribct¹⁰
1177 1531 1202 1579 te
1233 1525 1260 1579 in
1281 1525 1352 1581 libro

180 1602 269 1665 ritae!
313 1607 432 1681 Cumque
456 1605 563 1663 bnissct
583 1607 666 1664 verba
689 1607 764 1675 baec,
787 1609 823 1664 ait
844 1607 924 1663 nribi:
946 1608 996 1676 ,vis
1019 1607 1112 1663 audire
1128 1623 1170 1662 mo
1189 1605 1351 1680 tegentcmt‘

183 1691 248 1747 bico
270 1689 294 1747 ei
303 1682 330 1744 :¹¹
352 1689 484 1757 ,domina,
511 1687 592 1745 volo.‘
635 1690 709 1753 ,Esto
731 1707 798 1764 orgo
821 1690 946 1746 auditor!
988 1690 1020 1746 Et
1041 1690 1163 1746 revoluto
1186 1688 1257 1746 libro
1280 1691 1351 1765 loge·

183 1772 229 1829 bat
250 1764 403 1845 gloriose,¹'
424 1770 567 1844 magnifice
589 1780 616 1828 et
637 1771 761 1839 mirifice,
784 1789 853 1846 quae
877 1789 931 1827 non
954 1780 1076 1845 poteram
1097 1774 1123 1828 iu
1141 1774 1270 1829 memoria
1289 1776 1351 1830 roti-

181 1871 255 1911 nere.
298 1854 380 1908 Erant
401 1855 471 1908 euim
494 1854 576 1910 verba
599 1846 757 1920 terrifica,¹³
788 1872 856 1928 quac
885 1872 940 1910 non
968 1864 1075 1928 poterat.
1102 1855 1183 1911 bomo
1208 1858 1351 1913 sustinere.

180 1936 331 1995 Novissima
349 1942 438 1990 brnen
460 1935 543 1992 verba
563 1938 709 1993 memoriae
731 1929 895 2007 maudavi3¹⁴
916 1945 995 1993 erant
1015 1939 1087 1994 enirn
1101 1928 1210 2012 pauca¹⁵
1231 1948 1258 1994 et
1279 1940 1355 1996 utilia

181 2018 276 2075 nobis:
297 2033 371 2086 ,eece
394 2018 465 2073 neus
488 2019 630 2086 virtutum,
660 2021 705 2092 qui
729 2021 852 2076 invisibili
883 2021 980 2076 virtute
1010 2028 1037 2076 et
1065 2038 1162 2093 magno
1191 2038 1273 2077 sensu
1302 2040 1353 2078 suo

182 2101 305 2159 condidit
326 2101 463 2169 muudum,
492 2110 520 2157 et
540 2100 693 2158 honorifico
716 2104 829 2160 consilio
852 2103 1033 2159 circumdedit
1055 2103 1183 2159 decorem
1213 2113 1354 2161 creaturae

182 2201 256 2252 strae,
280 2192 307 2240 et
329 2176 503 2240 fortissimo1⁰
524 2201 574 2240 suo
592 2184 675 2241 verbo
690 2186 800 2242 condixit
814 2186 925 2253 caelum,
949 2192 976 2241 et
990 2185 1110 2243 fundavit
1124 2179 1246 2242 terram¹'
1269 2205 1354 2261 super

183 2283 275 2341 aquas,
299 2275 326 2323 et
347 2267 443 2323 virtute
466 2283 515 2323 sua
536 2270 639 2341 potenti
663 2269 785 2326 condidit
804 2276 924 2325 sanctam
953 2268 1096 2325 ecclesiam
1128 2262 1243 2337 suam,¹⁸
1272 2287 1352 2343 quarn

181 2349 335 2416 benedixit,
357 2365 432 2417 ecoe,
453 2350 600 2407 transferet
622 2350 713 2407 caelos
737 2369 768 2408 ac
789 2360 904 2420 montes,
928 2344 1037 2407 colies¹⁹
1060 2369 1091 2408 ac
1105 2352 1197 2419 maria,
1221 2361 1248 2407 et
1263 2355 1353 2408 omnia

181 2432 258 2507 plana
281 2431 351 2505 fient,
365 2431 459 2489 electis
481 2434 550 2501 eius,
571 2442 600 2490 ut
622 2434 718 2491 reddat
740 2435 792 2491 iilis
815 2435 1065 2506 repromissionem,
1089 2452 1169 2508 quam
1187 2437 1351 2509 repromisit,

182 2531 243 2573 cum
257 2517 342 2572 multo
364 2515 470 2572 honore
489 2523 517 2572 et
537 2517 644 2589 gaudio,
667 2518 690 2572 si
704 2508 861 2574 servariut²⁰
882 2517 1000 2590 legitima
1018 2517 1073 2585 liei,
1097 2534 1167 2590 quae
1190 2526 1354 2590 acceperunt

183 2599 211 2657 in
232 2615 329 2672 magna
351 2596 423 2655 tide‘

267 2726 307 2800 (a)
319 2729 361 2785 tv.
384 2729 503 2803 Cumque
516 2740 705 2788 consumasset
719 2730 845 2807 legendo,
859 2732 1012 2789 exsurrexit
1027 2731 1060 2789 de
1076 2731 1220 2801 eatbedra3
1235 2740 1263 2787 et
1275 2748 1352 2789 vene·

181 2820 245 2870 runt
266 2819 393 2885 quattuor
414 2813 536 2879 iuvenes,
564 2822 592 2868 et
614 2813 732 2870 tulerunt
763 2809 928 2872 catbodram¹
950 2815 985 2871 ad
1012 2815 1154 2871 orientem.
1197 2813 1230 2868 lit
1250 2816 1355 2870 vocavit

183 2912 225 2953 me
248 2895 281 2951 ad
304 2911 342 2961 se,
365 2901 392 2949 et
413 2895 501 2968 tetigit
521 2902 617 2967 pectus
641 2912 729 2954 meum
752 2898 842 2971 aitque
863 2899 945 2955 mibi:
967 2897 1078 2971 ,placuit
1098 2895 1147 2954 tibi
1170 2896 1250 2952 lectio
1265 2895 1352 2952 meat‘

183 3066 389 3076 ——-——-

236 3172 278 3234 ld)
296 3174 322 3222 ln
337 3173 386 3220 iat.
398 3169 529 3220 enuntiatio
548 3169 580 3217 ita
598 3176 679 3219 sonat:
698 3169 749 3219 b'on
783 3170 982 3234 (Kircbcngescb.
992 3171 1010 3220 1.
1024 3186 1048 3235 p.
1060 3168 1137 3233 ote),
1156 3172 1266 3222 Hermam
1286 3187 1352 3222 exer·

182 3243 245 3290 enim
263 3241 376 3302 capitatio
395 3239 435 3285 bec
454 3237 519 3284 debet
538 3251 589 3285 esse
604 3237 750 3286 abhorrendo
785 3239 863 3288 coisse
879 3246 1045 3299 nrcrcuturam,
1065 3239 1207 3304 divitiasque
1221 3255 1277 3290 suas
1289 3240 1353 3290 illio-

183 3323 248 3358 reroo
266 3309 304 3357 dei
330 3312 351 3353 et
370 3306 442 3368 apetie
460 3304 572 3366 probatos
591 3307 750 3368 concupiscere
783 3322 836 3357 rum
853 3307 958 3370 nequitia
970 3308 1113 3368 perdidisse.
1138 3308 1253 3358 Similiter
1266 3308 1352 3371 Fteury

183 3377 208 3425 itt
224 3377 309 3424 nroianr
328 3387 387 3436 opor
404 3377 426 3420 ct
442 3372 551 3435 precipue
564 3371 641 3421 benite
659 3374 699 3436 qui
713 3381 749 3423 cet
785 3376 851 3440 (bist.
870 3375 929 3424 ccci.
948 3375 974 3424 T.
993 3375 1010 3424 Ι.
1029 3375 1081 3424 Lib.
1094 3374 1117 3423 2.
1136 3375 1158 3436 ξ.
1170 3375 1223 3437 dd.)
1242 3376 1352 3437 suspica-

184 3443 304 3493 continens
324 3442 352 3489 ob
366 3440 427 3489 enini
444 3439 690 3500 potictionrrceiesto.
717 3442 750 3490 Ex
784 3451 835 3501 tur,
855 3443 966 3492 Herruam
989 3442 1062 3490 fuisse
1080 3442 1179 3500 mcum,
1208 3441 1295 3489 abbis
1319 3442 1349 3490 ad

182 3508 279 3559 Codice.
300 3506 419 3556 Carmeiit.
439 3505 514 3554 Paris.
532 3505 666 3556 Cotcierius
682 3509 751 3558 affert
784 3511 889 3574 inopianr
912 3511 1035 3558 redactum
1053 3507 1205 3571 (consonans
1223 3525 1237 3556 o
1256 3510 1349 3557 arcado-

182 3577 403 3640 rpiritnprobotas,
421 3572 614 3637 quodpraestrt,
633 3574 749 3625 nisiscri-
784 3580 849 3628 ribos
877 3576 1004 3639 repotiis).
1043 3574 1131 3623 Contra
1158 3573 1297 3625 Dodneiins
1327 3585 1350 3624 ct

181 3642 260 3709 pseris
278 3649 356 3692 costos
376 3643 474 3705 spiritur
493 3647 515 3690 et
532 3643 653 3704 probatos.
783 3644 950 3695 Tiliemoutius
960 3642 1070 3690 Hermam
1084 3641 1192 3690 clericam
1206 3642 1280 3691 tuisse
1297 3643 1350 3705 opi-

236 3709 343 3774 Cep.i{d.
371 3708 396 3771 1)
414 3708 524 3767 rediet,
543 3723 571 3757 cx
589 3724 637 3773 quo
650 3712 748 3774 reposui
783 3718 876 3760 riantur.
901 3708 950 3758 Cir.
976 3708 1141 3768 bethmannus,
1159 3708 1206 3758 Der
1223 3709 1291 3759 tlirtc
1310 3711 1351 3759 des

181 3794 256 3831 caeso
274 3783 313 3827 tua
332 3791 356 3840 p.
376 3790 449 3825 ransc
466 3778 514 3835 tan',
541 3782 564 3824 et
589 3777 681 3827 tanente
699 3778 748 3828 Pal.
783 3778 891 3836 licrruos,
922 3774 1351 3838 lionigsberg1835.p.26et27.11.

184 3847 245 3897 Μ*
270 3859 293 3908 d·
319 3845 437 3920 Dimum
473 3843 498 3890 ¹¹¹
522 3841 572 3891 VM·
590 3846 705 3894 ’'mim‘'
726 3860 748 3906 Ρ·
835 3859 864 3922 6)
882 3860 1053 3908 miseratoVat
1075 3858 1167 3908 Ibidem
1184 3872 1237 3907 mox
1257 3871 1302 3904 om.
1321 3862 1349 3902 tr.

183 3916 299 3964 coicitur.
321 3910 382 3970 Quid
400 3909 518 3973 significet
536 3910 639 3960 Hermae
657 3913 749 3973 domos,
833 3941 861 4005 7)
880 3944 955 3989 mm
971 3945 1026 3991 uim
1045 3942 1087 3990 vat

184 3980 320 4032 distinctius
339 3979 426 4028 dicitur
444 3978 491 4026 Vis.
509 3976 538 4035 2,
557 3976 579 4025 2.
956 3960 970 4007 ‘¹
1079 3977 1095 4034 ,“

235 4050 262 4111 2)
278 4048 406 4098 conviatori
432 4060 483 4094 seor
501 4058 526 4106 p.
544 4045 678 4093 eosocrsori
700 4045 751 4093 aio·
835 4024 861 4089 8)
882 4019 1351 4103 ΜΜΜΜΨΜΨΜΨΜ(κω

184 4115 260 4164 mm
277 4115 327 4163 paq·
785 4106 842 4157 opes
866 4105 934 4141 rcum
956 4104 1075 4153 opnccenr
1098 4104 1121 4136 ec
1143 4100 1182 4134 ror
1202 4086 1258 4133 acb.
1279 4100 1313 4132 sic
1331 4093 1351 4132 et

234 4181 263 4242 3)
282 4184 344 4229 enirn
364 4194 411 4228 om.
430 4176 479 4224 Vct.
785 4165 811 4210 tc
825 4160 919 4209 verm
933 4158 1079 4206 cotidianam
1092 4152 1237 4203 icrtedicens
1256 4154 1351 4201 obsides

235 4248 263 4308 4)
282 4250 377 4296 ,amp
397 4242 447 4292 pgr,
786 4227 874 4287 monde
889 4230 1007 4289 peccatam
1025 4222 1074 4272 Vnt.

235 4309 261 4371 5)
282 4313 344 4362 Hinc
363 4318 386 4362 et
404 4323 431 4359 ex
450 4306 544 4358 verbis:
562 4305 750 4366 rtepototionitos
836 4309 863 4371 9)
880 4310 938 4358 deos
955 4306 993 4372 φῆ
1010 4320 1034 4370 p.
1052 4306 1175 4363 nominor,
1197 4305 1257 4368 quod
1276 4304 1327 4352 vua.

183 4377 314 4441 inplicitos
339 4393 364 4428 ra
385 4376 445 4442 (Vis.
459 4374 483 4439 2,
500 4371 536 4440 3.)
560 4370 664 4422 coniecit
681 4370 751 4422 Cotta
838 4374 881 4439 to)
900 4375 980 4425 scribit
998 4372 1049 4424 Vct.
1068 4372 1094 4423 ln
1116 4370 1166 4423 cat.
1184 4378 1205 4422 et
1225 4373 1354 4424 scribentur

132 4558 277 4604 A
