2886 4882
200 110 261 175 m
637 107 773 169 aalma
793 108 931 168 mswfl„

274 277 331 335 -λλλ,
364 265 436 331 Ἀλλ’
468 263 520 372 066
548 265 632 330 ἕνεκα
657 263 762 331 ιοότοο
784 263 924 370 όργίζεταί
944 285 990 328 σοι
1012 261 1028 328 6
1049 261 1141 340 θεός,
1173 261 1268 326 66⁹
1253 287 1303 327 ινα
1322 260 1374 326 τόν

201 347 286 419 ιίιιόν
311 371 367 417 σου
400 348 451 414 τόν
479 347 663 454 άιρμόσαντιι
693 350 735 424 είς
765 347 817 413 τόν
822 347 940 453 κόριον
961 349 1010 412 καί
1031 345 1112 422 είς
1092 353 1170 428 υμᾶς
1190 342 1259 451 6666
1279 353 1374 430 γονεῖς

201 433 504 540 οόνιῖνίπισιρίψης.
524 430 610 497 Ἀλλά
622 430 836 511 φιλότεκνος
813 459 855 496 ων
875 429 930 495 οὐκ
951 430 1117 504 ἐνουθέτεις
1137 452 1191 494 σου
1212 427 1264 493 τόν
1280 425 1373 506 οἷκον,

201 514 305 585 662
289 542 408 625 αφηκως
435 513 526 580 αὐτόν
551 523 780 619 καταφθαρῆναι
802 518 918 590 δεινῶς
946 513 996 577 διά
1015 521 1101 619 10610
1123 511 1267 597 όργίζιιαί
1288 509 1373 576 σοιό

199 596 314 706 εόριος.
334 597 407 665 Ἀλλ’
424 598 534 664 ι’άοεταί
555 619 609 662 σου
630 596 725 699 πάγια
746 596 782 662 τά
801 596 947 704 γεγριότα
957 596 1076 701 πονηρά
1094 599 1126 661 έν
1146 605 1186 684 τῷ
1209 600 1282 683 οίκρι
1302 617 1370 660 σου

201 687 251 751 διο
279 709 336 768 γαρ
365 681 400 751 τά
429 683 592 748 ἐκείνων
563 679 761 787 αμαριήμαια
780 680 867 746 κάλ’
852 678 1023 799 ανομήματα
1044 678 1080 745 66
1102 661 1331 764 6616666666'
1312 677 1373 744 αιιό

200 775 259 833 τόν
283 771 428 849 βιωτικῶν
451 764 638 874 πραγμάτων.
677 763 749 829 ”Αλλ
779 762 800 846 6
829 769 931 847 ιιολλη1
963 764 1155 844 εὖοπλαγχνία
1182 771 1234 828 τοῦ
1264 767 1370 846 κυρίου

200 848 304 952 666666
334 870 380 928 σι,
411 875 462 913 και
495 874 546 913 τον
572 846 655 914 οίκόν
681 870 735 913 σου
767 851 968 955 ίογυροποίηρε
995 851 1045 912 καλ
1050 849 1272 992 ἐθεμελίωσεν
1279 848 1311 910 ἐν
1336 854 1372 935 τῇ

201 932 274 1040 δόξη
306 931 414 998 αιίτοῦ
446 931 482 996 σι)
509 931 601 1015 μόνον
629 930 669 1037 μὴ
690 934 904 1036 βαθυμήσεις”,
936 929 1007 996 άλλά
1027 929 1167 1012 εάψόχει,
1189 933 1238 995 καὶ
1260 933 1373 1037 661666

200 1038 333 1098 ποιησεις
358 1038 412 1080 σου
439 1014 491 1081 τόν
519 1013 609 1118 οἷκον.
651 1013 703 1091 Ὡς
728 1013 782 1121 γάρ
803 1015 922 1097 χαλκεὺς
929 1023 1139 1121 σφυροκοπῶν
1159 1012 1191 1079 τό
1213 1012 1358 1098 έργον’
1321 1042 1374 1078 ον-

201 1108 254 1207 266
272 1102 448 1183 περιγίνεται
466 1106 520 1163 τοῦ
540 1097 706 1202 πράγματος
727 1124 762 1163 ov
751 1091 880 1178 θέλει,
910 1098 1003 1174 οὕτως
1029 1097 1048 1163 6
1068 1099 1154 1183 λόγος
1167 1095 1375 1203 καθημερινὸς

200 1186 385 1258 καίδίκαιος
405 1185 579 1283 περιγίνεται
598 1183 695 1288 πάσης
714 1187 866 1287 πονηρίας.
909 1182 966 1263 M6
988 1176 1180 1289 διαλίπης
1144 1209 1199 1246 ουν
1220 1189 1375 1246 νουθετῶν

201 1289 256 1333 συν
284 1264 320 1332 τό
347 1267 447 1331 τέκνω·
478 1263 612 1342 οἶδας
580 1293 635 1350 γαρ
654 1265 709 1348 ὅτι,
731 1264 783 1329 έόιν
804 1265 1019 1425 μετανοήοωσιν
1038 1268 1067 1343 ίξ
1088 1245 1172 1370 όλης
1178 1263 1359 1347 καρδίας’
1323 1293 1374 1330 οιν-

202 1376 272 1431 των,
291 1348 525 1457 έγγραφήσονται
547 1352 588 1424 είς
606 1375 657 1457 τας
677 1320 798 1453 βίβλους
817 1356 869 1431 τῆς
890 1356 964 1432 ζωης
983 1348 1054 1431 μετὰ
1073 1357 1131 1414 τῶν
1153 1346 1252 1433 άγίοιν.
1285 1349 1374 1413 Μετὰ

201 1432 235 1501 ιδ
255 1442 413 1517 κλινθῆναι
433 1431 525 1516 αὐτῆς
544 1430 579 1496 τό
600 1432 714 1540 ρήματα
734 1440 825 1497 ταῦτα
856 1433 930 1517 λέγει
955 1458 1007 1514 μοι
1051 1434 1149 1508 Θέλεις
1169 1431 1297 1498 άκοῦσαί
1317 1458 1374 1513 μου

201 1515 471 1623 ἆναγινορσκοόσης·
501 1514 651 1622 ‘1676'
615 1514 696 1622 καγοί
741 1517 838 1593 Θελω,
868 1520 956 1622 κυρία
976 1541 1043 1597 μου.
1084 1517 1172 1620 Λέγει
1193 1542 1244 1598 μοι
1280 1522 1374 1583 stro&

203 1598 368 1705 δοροογτὴς
376 1602 426 1666 καλ
446 1569 536 1666 όίιιουε
554 1598 606 1676 τδις
628 1601 715 1676 δόξας
733 1607 786 1664 τοῦ
808 1606 892 1705 6⁸06.
925 1598 1063 1706 Ἤκουσα
1082 1598 1207 1706 μεγάλας
1227 1601 1277 1665 καλ
1297 1610 1373 1665 θον·

225 1682 321 1760 αοτάς,
344 1676 385 1747 τόν
406 1681 461 1749 οὐκ
464 1686 585 1787 ίσχυσα
606 1690 817 1765 μνημονεῦσαι·
838 1684 934 1748 πάντα
933 1680 1009 1788 γάρ
1031 1682 1067 1748 τά
1088 1685 1210 1788 βήματα
1223 1685 1374 1767 έλιφριιιτα,

203 1710 285 1833 6’
251 1766 288 1831 06
319 1766 440 1830 δύναται
450 1763 628 1871 ἅνθρωπος
639 1767 776 1831 συνιέναι.
823 1773 889 1830 Τῶν
910 1758 965 1831 οὖν
977 1766 1112 1877 ἐσχάτοιν
1133 1765 1268 1873 βημάιαν
1289 1769 1374 1874 ἐμνη-

202 1849 347 1997 μόνευοαὁ
367 1841 406 1930 66
426 1847 480 1964 γάρ
501 1845 572 1952 ἡμῖν
593 1845 729 1958 οόμιρμρα
750 1846 839 1912 καλ”
819 1869 929 1954 6666·
972 1847 1093 1927 ,Ἴδοδό
1116 1862 1189 1927 θεος
1207 1878 1266 1916 των
1288 1852 1372 1919 δννό·

201 1956 347 2015 μεων,ο
441 1928 606 2014 8δυνάμει
635 1935 684 1996 καί
720 1939 860 2042 κρατοιβ,
894 1931 913 1996 6
941 1940 976 2022 τῇ
1004 1931 1111 2022 μεγάλη
1142 1937 1255 2041 συνέσει
1281 1933 1373 2001 αότοό

201 2019 304 2092 κτίσας
336 2014 387 2079 τόν
417 2010 528 2096 κόσμον
559 2017 609 2080 καί
637 2023 672 2105 τῇ
694 2015 776 2094 ένδάξ
761 2021 800 2101 ξμ
821 2015 912 2082 αὐτοῦ
920 2021 1025 2120 βουλῇ
1047 2021 1180 2124 περιθείς
1198 2016 1252 2100 τὴν
1273 2017 1374 2103 είοιρέ·

206 2124 292 2167 ποιων
313 2106 360 2205 τῇ
368 2101 473 2175 κτίσει,
502 2100 552 2165 καί
571 2106 613 2185 τῷ
632 2103 739 2204 ἰσχυρῷ
761 2080 866 2184 βήματι
885 2099 980 2184 πήξας
1000 2128 1051 2166 ιον
1071 2099 1199 2186 οὐρανόν
1219 2104 1268 2167 καί
1291 2110 1373 2186 θεμε·

202 2181 309 2259 λιοίσας
330 2179 383 2265 τὴν
403 2188 460 2268 γῆν
480 2182 527 2246 έπλ
548 2209 606 2248 των
625 2165 762 2261 όδάτων,
784 2185 833 2249 καί
845 2192 890 2291 66
909 2188 969 2272 ίδίμ
992 2188 1094 2290 σοφία
1102 2187 1152 2250 καί
1171 2190 1298 2289 προνοίμ
1318 2189 1374 2252 κτί-

203 2287 256 2374 σρις
284 2263 338 2372 τὴν
366 2266 521 2348 ἐκκλησίαν
551 2264 659 2345 αότοῦ,
685 2265 724 2372 66
752 2269 802 2331 καλ
824 2250 994 2374 εὗλόγησέν,
1033 2265 1098 2334 ίδοά
1119 2267 1288 2351 μεθιστάνει
1308 2268 1376 2349 τοός

203 2347 349 2435 οὗρονοός
369 2351 421 2415 καλ
440 2347 477 2413 τά
498 2346 552 2433 δρη
574 2351 624 2415 καί
643 2347 713 2426 τοὺς
732 2348 860 2457 βοννοός
881 2351 978 2416 καλ
948 2379 1000 2427 τας
1022 2352 1186 2459 θαλάσσας,
1208 2354 1259 2419 καλ
1280 2351 1376 2419 πάντα

203 2430 223 2501 δ
280 2431 299 2497 6
326 2436 455 2518 γίνονται
483 2441 545 2508 τοῖς
565 2431 763 2510 έκλεκιοῖς’
727 2441 832 2514 αυτοῦ,
861 2436 912 2499 ἵνα
939 2434 1097 2544 άποδῷ’
1062 2445 1161 2511 αυτοῖς
1181 2434 1248 2541 τὴν
1257 2438 1374 2545 έπογγε·

202 2524 278 2594 λων,
298 2514 338 2599 ἣν
326 2460 558 2622 y66666666666,
585 2516 655 2599 μετὰ
675 2524 784 2600 πολλῆς
806 2488 894 2620 δόξης
914 2520 963 2582 καί
983 2526 1082 2604 χαράς,
1104 2519 1156 2584 έάν
1175 2519 1322 2606 τηρήσωσι
1340 2518 1375 2586 τό

202 2599 312 2683 νόμιμα
328 2607 380 2665 τοῦ
401 2598 515 2665 θεοῦ”
497 2625 569 2685 ατιερ
591 2602 695 2684 ἔλαβον
717 2601 748 2665 έν
770 2598 876 2691 μεγάλη
896 2606 1007 2668 ιτίστει.ι

288 2760 328 2816 lv,
363 2748 435 2815 Ὅτε
464 2741 519 2815 οὖν
546 2749 711 2816 έτέλεοεν’
695 2752 934 2861 αναγιναίσκοιισα
959 2755 1009 2819 καί
1036 2751 1150 2841 ἠγέρθη
1172 2751 1231 2820 άπό
1253 2758 1307 2838 τῆς
1327 2778 1376 2821 m·

204 2828 329 2919 Ιθέδρος,
358 2825 456 2938 ἦλθον
483 2836 617 2917 τέσσαρες
637 2837 784 2900 νεανίσκοι
805 2837 855 2901 καί
875 2829 952 2920 ἦραν
972 2835 1025 2919 τὴν
1046 2839 1195 2944 καθέδραν
1216 2838 1267 2901 καί
1286 2835 1379 2945 6666-
1398 2834 1417 2867 ¹

202 2920 262 2982 θον
281 2886 405 3000 πρδς
375 2942 429 2999 την
450 2916 611 3024 άνατρλήν·
640 2927 843 3026 προσκαλεῖται
871 2921 903 2982 δέ
923 2944 958 3001 με
979 2920 1069 2985 καλ”
1048 2938 1148 3003 ηψαιο
1168 2926 1220 3027 666
1242 2920 1377 3003 στηθους

203 3024 260 3081 μου
288 3001 338 3064 καί
368 3001 441 3105 λέγει
469 3025 518 3082 μοι
530 2998 675 3147 Ἤρεσέ
659 3021 705 3065 σοι
725 3028 751 3106 η
737 2999 932 3105 ‘666766669
953 3030 1026 3085 μου,
1061 3002 1205 3090 Λέγω
1169 3011 1244 3093 αυτῇ
1268 3006 1378 3107 Καρία,

204 3079 296 3146 ταῦτά
322 3105 372 3163 μοι
392 3079 428 3146 τά
448 3084 550 3165 ἔσχατα
591 3082 690 3166 ρεστό,
721 3080 757 3147 τά
783 3084 814 3149 δέ
834 3084 959 3191 πρότεροι
980 3088 1087 3170 χαλεπά
1108 3088 1157 3152 καί
1166 3082 1297 3193 σκληρά
1342 3085 1383 3151 Ἦ

204 3164 237 3230 δέ
258 3164 315 3246 ἔφη
336 3188 386 3245 μοι
412 3167 535 3251 λέγουσα
580 3173 678 3231 Ταῦτα
698 3165 734 3233 τά
764 3169 866 3251 έοχοτα
886 3179 947 3245 τοῖς
969 3175 1111 3250 δικαίοις,
1142 3169 1230 3235 τόδὲ
1250 3169 1379 3275 πρότερα

204 3257 265 3324 τοῖς
295 3249 429 3354 ἐθνικαῖς
456 3252 506 3314 καί
525 3259 596 3356 τοῖς
627 3249 822 3360 άπρστάταις.
853 3253 1009 3357 Λαλοάσης
1036 3253 1127 3335 αὐτῆς
1148 3251 1204 3336 μετ’
1227 3255 1301 3334 ἐμοῦ
1323 3252 1380 3319 δότ

204 3329 308 3437 άνδρες
329 3323 426 3414 ἦλθον
447 3324 538 3397 καί
518 3359 594 3439 ηρμν
616 3332 708 3415 αὐτὴν
727 3342 786 3400 τῶν
799 3332 945 3444 άγκοίνωρ
973 3339 1021 3402 καί
1045 3337 1196 3419 ἀπῆλθον,
1227 3336 1306 3401 ὅπου
1328 3339 1380 3401 καλ

203 3413 224 3497 6
251 3416 396 3523 καθέδρα,
431 3414 564 3501 πρδς
533 3444 585 3525 την
607 3414 758 3499 άναιολῆν.
799 3416 895 3502 Ἰλαρά
916 3420 947 3484 δὲ
969 3419 1121 3504 άπῇλθεν,
1152 3421 1202 3486 καί
1223 3418 1381 3505 άπάγυιισο

204 3498 276 3584 λέγει
297 3524 347 3579 μοι
384 3498 502 3578 ’ζΑν
438 3502 502 3584 δρίζ
500 3527 551 3580 ον,
571 3500 673 3588 Ἑρμᾶ.

659 3690 847 3750 ΟΡΛΣΙΣ
874 3683 921 3753 B'.

286 3815 306 3874 1.
358 3808 566 3915 Πορειγομένρν
596 3836 654 3890 μου
683 3812 724 3886 είς
753 3807 874 3892 Ιίαίμηνι
903 3806 976 3875 κατά
1005 3806 1056 3874 τόν
1081 3806 1186 3913 καιρόν
1213 3807 1251 3874 δν
1277 3811 1388 3895 πέρυσι

201 3890 409 3976 ιηιειιάιονν,
438 3888 629 3974 ιἰνεμνήσθην
649 3900 702 3975 τῆς
721 3898 880 3977 περυσινης
900 3890 1043 3978 ὁράσεως,
1068 3894 1119 3958 καί
1138 3892 1225 3958 πάλιν
1247 3916 1285 3975 με
1308 3896 1388 3983 αἴρει

203 4012 411 4025 m

253 4064 313 4181 gap.
329 4065 369 4113 Ιλλ.
406 4061 456 4127 λ)
450 4078 474 4111 ιιι
494 4076 577 4125 apogr
597 4069 633 4109 εει
650 4057 666 4123 ἡ
685 4058 772 4125 ιιολλίγ
805 4055 949 4129 δςόγιινᾷ
969 4059 1029 4115 δον.
1047 4061 1161 4129 καίτερ,
1181 4064 1390 4126 ριοοοιιοιιειιὸ

204 4126 336 4272 6626616
347 4212 430 4260 apogr
807 4145 852 4193 pro
871 4129 904 4188 ὃς
921 4131 1062 4192 scribamus,
1080 4145 1130 4180 ιιοιι
1148 4129 1207 4178 τιτλε
1223 4140 1360 4186 sunum.

75 4260 305 4726 Ἱθ)
297 4276 323 4310 ιιι
340 4278 425 4327 apogr.
450 4266 501 4315 λιιι
525 4262 561 4314 sic
587 4261 773 4327 scriptumest:
861 4257 1258 4336 62666660666061.
