2886 4882
295 250 421 337 lfflffl
443 253 608 314 nemroth
626 256 670 313 att
692 254 912 318 releuatus,
941 255 998 316 ΧΠ.
1020 256 1087 316 Xlll.
1216 253 1276 319 163

393 455 449 512 xtt.
481 456 592 516 Hnocte
611 458 643 514 in
663 458 770 514 scitote
791 465 816 513 et
840 458 982 515 charitate

185 568 280 626 Saluto
300 588 349 628 ros
365 570 515 646 eSmyrnn,
538 588 665 630 unacum
686 573 810 631 ecclesiis
826 573 881 643 dei,
903 590 972 646 quae
993 592 1100 633 mecum
1112 585 1183 646 sunt,
1206 593 1274 650 quae

97 656 124 711 in
147 653 274 711 omnihus
297 671 340 713 me
360 665 519 713 recrearunt
540 656 631 730 quoad
654 673 755 731 corpus
776 664 804 713 et
826 658 960 730 spiritum.
991 658 1100 716 Vincula
1115 677 1182 729 mea,
1204 677 1274 734 quae

97 747 214 813 propter
236 736 324 796 lesum
348 737 485 796 Christum
507 739 582 810 lero,
614 757 660 796 vos
690 739 850 797 obsecrant:
880 749 1037 814 permanete
1071 743 1097 797 in
1127 745 1274 802 concordia

97 830 188 879 vestra
203 829 231 878 ct
251 821 374 879 oratione
388 830 488 879 mutua.
521 822 605 880 llecet
617 824 688 880 enim
698 824 821 898 singulos
845 832 973 893 vestrum,
996 833 1024 882 et
1037 826 1185 899 praecipue
1199 845 1274 901 pres·

98 904 230 979 byteros,
251 922 376 963 recreare
398 907 558 981 episcopum
578 907 605 963 in
627 907 761 964 honorem
783 907 884 975 Patris,
906 907 968 964 lesu
990 907 1090 965 Christi
1112 917 1139 965 et
1160 911 1274 983 Aposto·

98 988 199 1045 lorum.
236 987 305 1063 Opto
327 990 406 1047 utin
429 990 560 1048 charitate
581 1006 624 1046 me
646 990 779 1060 audiatis,
802 1008 835 1047 ne
867 991 935 1048 hacc
956 990 1081 1048 scribens
1104 993 1131 1048 in
1152 995 1273 1051 testimo·

98 1072 174 1128 nium
198 1080 293 1129 contra
313 1090 361 1130 ros
384 1073 443 1129 sim.
488 1072 543 1131 Sed
572 1083 600 1130 et
630 1082 706 1131 orate
733 1091 784 1147 pro
806 1091 863 1144 me,
894 1075 940 1148 qni
969 1076 995 1130 in
1017 1074 1064 1131 llei
1086 1076 1274 1134 misericordia

98 1154 232 1212 charitate
252 1164 342 1213 restra
364 1157 488 1230 indigeo,
521 1166 551 1214 nt
572 1156 670 1231 dignus
694 1155 755 1214 fiam
779 1159 826 1233 qni
853 1175 985 1233 assequar
1014 1166 1117 1216 sortem
1145 1159 1211 1216 mihi
1234 1161 1273 1217 in·

97 1247 225 1308 stantem,
248 1255 282 1298 nc
304 1239 439 1313 reprobus
461 1241 590 1298 inveniar.

181 1381 260 1445 *llll
302 1389 396 1447 Soluto
417 1409 465 1448 vos
494 1390 645 1465 eSmyrna
675 1407 726 1446 una
755 1406 817 1447 cum
839 1390 966 1449 Ecclesiis
988 1393 1049 1462 Dei,
1072 1409 1141 1466 quae
1167 1409 1274 1451 mecum

98 1481 171 1542 sunt,
193 1472 240 1547 qui
261 1490 310 1548 per
332 1475 420 1530 omnia
442 1492 484 1530 me
508 1473 661 1530 refocillant
682 1481 710 1529 et
731 1491 812 1531 carne
842 1483 868 1531 et
897 1476 1002 1549 spiritu.
1045 1476 1196 1534 Obsecrant
1224 1494 1272 1535 vos

98 1556 207 1613 vincula
235 1573 307 1624 mea,
338 1573 406 1630 quae
437 1565 552 1632 propter
573 1555 661 1614 lesum
684 1557 819 1614 Christum
849 1558 1028 1628 circumfero,
1062 1576 1142 1615 orans
1173 1568 1203 1615 ut
1224 1560 1272 1617 llei

98 1655 214 1713 compos
237 1639 306 1695 stam.
349 1641 509 1697 Permannte
532 1641 558 1696 in
580 1648 672 1697 mutua
694 1641 849 1709 concordia,
873 1651 900 1698 et
923 1643 948 1696 in
971 1643 1116 1699 coniuncta
1141 1644 1271 1700 oratione

97 1723 182 1778 Decet
202 1723 274 1778 enim
290 1740 337 1779 ros
351 1723 483 1797 singulos,
507 1732 533 1780 ct
548 1724 694 1797 praecipue
708 1723 896 1798 l‘resbptnros,
919 1723 1083 1799 refrigerare
1106 1725 1273 1800 Episcopum

98 1806 126 1860 in
152 1805 286 1862 honorem
307 1805 395 1863 Patris
416 1807 478 1864 lesu
502 1805 602 1863 Christi
625 1814 652 1863 et
673 1806 874 1880 Apostolorum.
917 1806 1079 1882 logicos,
1108 1810 1184 1866 utin
1206 1809 1272 1866 cari·

98 1896 153 1944 tate
175 1904 219 1946 me
241 1888 364 1959 audiatis,
386 1908 420 1946 ne
444 1891 469 1947 in
492 1891 676 1946 testimonium
697 1889 774 1947 vobis
797 1893 863 1960 sini,
893 1891 938 1964 qni
959 1891 1027 1949 haec
1048 1892 1148 1949 scribo.
1191 1894 1271 1951 Orate

96 1972 179 2028 etiam
192 1988 244 2046 pro
256 1989 306 2043 mc,
329 1974 375 2048 qui
394 1975 504 2031 caritate
524 1981 613 2030 vestra
627 1973 735 2049 indigeo
750 1974 776 2031 in
787 1974 1040 2043 misericordiallei,
1061 1983 1091 2032 ut
1108 1976 1166 2033 eius
1182 1975 1271 2048 digna·

96 2057 173 2112 done
195 2064 296 2114 sortem
320 2056 392 2114 illam
411 2057 524 2132 adipisci
546 2074 660 2128 mercar,
682 2076 761 2133 qunnr
783 2058 893 2133 assequi
916 2058 1059 2128 contendo,
1082 2076 1117 2116 nc
1137 2058 1274 2134 reprobus

98 2155 227 2196 inveniar.

305 2304 395 2362 ·xttt.
439 2308 541 2374 Volete,
563 2314 641 2364 mole
658 2325 710 2380 pro
731 2310 847 2365 ecclesia
867 2308 977 2379 senne,
1000 2314 1047 2364 etc.

184 2421 286 2479 Salutat
306 2438 354 2478 vos
378 2422 497 2479 charitas
520 2422 731 2497 Smyrnaeorum
754 2429 780 2478 et
801 2421 987 2495 Ephesiorum.
1030 2422 1164 2478 Memores
1185 2432 1272 2481 estote

100 2508 128 2562 in
147 2505 275 2563 omnibns
297 2504 468 2562 orationibus
489 2508 586 2564 vestris
608 2505 757 2572 ecclesiae,
792 2511 922 2576 quaeest
944 2506 970 2561 in
994 2503 1085 2577 Syria3
1116 2504 1149 2561 de
1171 2521 1224 2577 qua
1246 2514 1274 2562 et

100 2605 157 2645 non
179 2605 238 2646 sum
260 2588 366 2662 dignus,
389 2590 434 2661 qui
450 2589 533 2658 dicar,
555 2590 600 2664 qui
616 2590 667 2645 sim
684 2604 778 2644 corum
790 2587 908 2643 ultimus.
938 2587 1028 2644 Valete
1040 2587 1066 2642 in
1082 2586 1142 2643 lesu
1155 2586 1273 2656 Christo,

100 2671 216 2730 subiecti
238 2673 368 2747 episcopo
390 2680 420 2727 ut
431 2672 478 2729 llei
501 2681 655 2747 praecepto,
679 2670 843 2728 etsimiliter
856 2669 1038 2744 presbyterio.
1064 2670 1102 2726 llc
1116 2669 1272 2744 singillatim

100 2772 195 2813 omncs
218 2755 287 2812 alter
307 2754 420 2812 alterum
443 2755 548 2832 diligite
568 2757 652 2812 corde
676 2753 816 2811 indivulso.
858 2753 1000 2810 Lustratur
1021 2769 1035 2809 a
1059 2753 1135 2809 vobis
1158 2754 1270 2829 spiritus

98 2855 185 2907 mens,
207 2855 263 2895 non
285 2838 373 2895 solum
395 2854 477 2908 nunc,
500 2839 548 2896 scd
571 2846 599 2895 et
621 2837 728 2913 quando
746 2839 829 2895 Deum
851 2844 948 2894 nactus
968 2837 1054 2894 luero.
1083 2836 1177 2894 Adhuc
1198 2838 1271 2894 enim

99 2923 124 2978 in
154 2921 277 2996 periculo
306 2937 420 2989 versor3
449 2923 499 2980 sed
529 2921 617 2979 fidelis
647 2931 688 2980 est
710 2922 789 2979 l‘ater
819 2923 847 2977 in
867 2921 928 2979 lesu
951 2920 1072 2989 Christo,
1104 2929 1134 2976 ut
1161 2919 1273 2995 impleat

99 3006 257 3080 petitionem
280 3012 414 3062 meamet
436 3014 567 3073 vestram3
599 3007 625 3062 in
648 3023 702 3079 quo
725 3013 790 3079 opto
812 3013 840 3060 ut
862 3004 1034 3061 inveniamini
1056 3004 1115 3060 sine
1136 3002 1248 3059 macula

183 3149 276 3211 *xttt
320 3155 422 3212 Salutat
443 3172 491 3213 ros
515 3156 614 3212 caritas
637 3154 848 3229 Smyrnaeorum
870 3161 897 3211 et
917 3154 1106 3229 Ephesiorum.
1138 3152 1271 3210 llernores

100 3246 189 3296 estote
218 3239 245 3295 in
274 3238 443 3296 orationihus
464 3240 562 3295 vestris
584 3238 736 3306 Ecclesiae,
768 3255 836 3310 quae
865 3245 908 3294 est
938 3239 963 3293 in
986 3237 1081 3311 Syria,
1114 3237 1191 3293 cuius
1221 3237 1281 3310 ego'

100 3321 252 3379 membrum
274 3323 365 3378 vocari
387 3339 441 3379 non
461 3339 521 3378 suni
544 3322 650 3395 dignus,
674 3338 734 3378 cum
756 3321 806 3378 sim
829 3321 940 3377 ultimus
962 3322 1094 3394 ipsorum.
1132 3319 1221 3377 Valete
1245 3319 1273 3376 in

101 3405 164 3462 lesu
186 3405 294 3463 Christo
317 3405 431 3475 subiecti
452 3405 604 3478 Episcopo,
627 3412 752 3479 tanquam
774 3413 937 3478 praecepto,
961 3403 1087 3460 similiter
1108 3411 1136 3458 et
1157 3401 1274 3476 Presby-

101 3489 181 3546 tcrio.
225 3488 257 3544 lit
274 3488 429 3562 singillatim
442 3505 490 3544 vos
506 3489 620 3544 invicem
643 3489 746 3561 diligite
769 3488 901 3543 indivulso
924 3488 1017 3543 corde.
1058 3485 1203 3542 Purificate
1225 3501 1274 3543 voe

101 3588 190 3628 mcum
212 3571 338 3645 spiritum
369 3589 423 3628 non
445 3570 527 3627 modo
550 3586 636 3638 nime,
670 3571 718 3626 sed
747 3571 827 3625 etiam
856 3586 917 3626 cum
942 3569 1025 3626 lleum
1055 3577 1149 3625 nactus
1180 3568 1274 3638 luero;

102 3656 201 3712 etenim
223 3653 313 3712 adhuc
342 3656 367 3710 in
391 3654 514 3728 periculo
538 3670 648 3721 versor;
678 3653 726 3710 sed
749 3652 837 3709 fidelis
865 3659 908 3709 cst
929 3651 1008 3709 Pater
1036 3652 1062 3707 in
1084 3651 1146 3709 lesu
1166 3651 1274 3709 Christo

101 3737 250 3813 adimplere
274 3737 432 3809 petitionem
451 3753 538 3795 ineam
561 3744 588 3794 et
609 3745 742 3804 nestram,
766 3736 791 3790 in
811 3752 866 3809 qun
889 3736 947 3792 sine
969 3733 1073 3792 macula
1095 3734 1275 3792 inveniamini.
