2886 4882
178 236 240 299 «164
316 230 454 293 fluunt
474 232 612 292 caston.
653 233 751 291 LIBER
773 234 805 293 ll.
850 235 998 293 llltlllldl'.
1018 234 1085 294 Vlll.
1106 234 1149 292 tt
1169 232 1212 308 (λ)

180 393 313 477 quidem¹⁴
333 401 408 457 valde
431 400 499 456 mala
520 407 584 456 sunt
605 400 691 456 servis
714 402 769 458 liei.
791 429 832 439 -
852 401 891 457 nb
914 401 955 457 his
969 417 1036 474 ergo
1057 402 1182 457 omnibus
1199 400 1281 456 debet
1301 392 1355 456 se¹⁵

179 485 317 542 abstinere
339 500 434 541 servus
456 483 511 539 lici.
552 482 664 539 Abstine
692 476 743 541 te¹⁶
765 500 830 558 ergo
853 484 886 541 ab
909 483 1035 540 omnibus
1057 484 1115 552 his,
1144 492 1174 539 ut
1195 485 1266 539 vivas
1288 483 1353 551 lieo,

180 576 208 626 et
229 566 358 624 scribaris
382 584 442 625 cum
465 565 672 623 abstinentibus.
715 565 857 641 liquibus
880 559 968 640 ergo¹²
999 567 1099 624 debeas
1128 566 1281 635 abstinere,
1311 565 1355 622 illa

181 658 253 708 suut.
295 652 316 706 λ
329 650 428 724 quibus
441 641 554 706 autem¹⁸
572 665 626 705 non
639 647 739 705 debeas
750 658 776 706 te
789 648 934 718 abstinere,
947 650 1017 706 audi.
1059 651 1098 706 Ab
1109 649 1233 706 omnibus
1250 640 1355 706 bonis¹⁹

179 733 312 808 operibus
333 733 389 789 noli
413 741 439 789 te
460 732 605 801 abstinere,
628 732 677 788 sed
699 731 742 788 lac
764 731 816 788 illa.
860 733 937 802 Audi,
960 733 1055 806 iuquit,
1076 734 1201 789 virtutem
1217 732 1354 788 bonorum

180 834 303 893 operum,
327 833 395 889 quae
418 814 518 871 debeas
541 815 666 889 operari,
688 824 718 871 ut
739 816 828 871 salvus
857 833 919 872 esse
946 817 1045 891 possis.
1087 817 1205 886 Primum
1234 815 1354 872 omnium

180 909 224 958 est
245 899 330 969 fides,
354 899 435 954 timor
457 896 576 964 Domini,
598 899 712 966 caritas,
733 899 895 967 concordia,
924 901 1056 972 aequitas,
1074 900 1188 967 ueritas,
1216 899 1354 972 patientia,

180 984 299 1041 castitas.
341 972 402 1038 lis'0
425 979 490 1036 nihil
513 988 556 1036 est
577 979 673 1037 melius
696 981 722 1037 in
744 983 798 1037 vita
819 982 960 1038 laominum
1007 983 1053 1054 qui
1083 982 1150 1039 haec
1171 981 1352 1038 custodierint

180 1075 209 1125 ct
229 1066 345 1123 iecerint
365 1065 393 1120 iu
414 1064 465 1119 vita
488 1080 546 1119 sua.
589 1062 691 1119 Deinde
719 1064 817 1121 horum
839 1065 979 1137 sequentia
1001 1065 1071 1121 audi.
1114 1064 1205 1121 Viduis
1228 1064 1353 1121 adminis·

180 1159 263 1217 trare,
284 1149 421 1223 orphanos
444 1154 471 1202 et
491 1162 626 1220 pauperes
646 1162 701 1202 non
724 1147 875 1220 despicere,
898 1155 926 1202 et
947 1164 1042 1203 servos
1066 1148 1113 1204 liei
1137 1165 1169 1203 ea
1191 1149 1354 1205 necessitate

180 1233 324 1300 redimere,
347 1227 509 1303 hospitalem
530 1244 592 1285 esse
613 1221 832 1303 (hospitalitate¹¹
853 1230 924 1286 enim
940 1231 1233 1304 invenituraliquando
1248 1230 1354 1287 fructus

179 1311 289 1385 bonus),
312 1303 395 1370 uon”
424 1312 630 1379 contradicere,
658 1312 778 1385 quietum
807 1328 884 1380 esse,
914 1305 1118 1369 humillimum²⁸
1146 1313 1206 1370 deri
1234 1315 1354 1370 omnium

181 1397 329 1466 bominum,
352 1395 471 1452 maiores
494 1403 556 1451 natu
574 1395 680 1465 colere,
702 1396 814 1453 studere
843 1388 993 1464 iustitiae,²⁴
1021 1396 1218 1453 fraternitatem
1242 1413 1353 1453 couscr-

180 1497 251 1549 vare,
273 1479 450 1537 contumelias
473 1479 598 1546 sullerre,
621 1480 809 1553 aequanimem
832 1495 903 1547 esse,
925 1480 1015 1552 lapsos
1036 1479 1119 1535 alide
1134 1497 1189 1537 nou
1209 1480 1355 1553 prolicere,

182 1565 230 1622 sed
253 1563 428 1635 aequanimes
450 1562 551 1632 iacere,
572 1570 721 1636 peccantes
743 1562 906 1631 admonere,
929 1562 1068 1618 debitores
1092 1579 1145 1618 non
1169 1580 1304 1637 premere,
1327 1569 1356 1618 et

179 1648 275 1720 siqua
297 1647 330 1702 iis
352 1646 449 1702 similia
472 1654 542 1704 sunt
586 1644 717 1702 Videntur
745 1646 793 1702 atui
823 1647 891 1703 lraec
920 1662 982 1703 esse
1014 1645 1093 1712 bona,
1116 1663 1150 1701 an
1171 1643 1254 1701 ιιοιιλί
1277 1643 1356 1713 ,Quid

73 1745 78 1754 ·
181 1731 252 1787 enim
274 1729 370 1785 melius
396 1727 456 1798 est‘
484 1731 603 1801 inquam,
637 1727 736 1792 ,verbis
767 1720 882 1785 istisl‘²⁵
912 1729 984 1796 ,Vive
1013 1726 1098 1801 ergo,‘
1129 1729 1231 1800 inquit,
1253 1728 1290 1796 ,in
1312 1727 1357 1781 liis

180 1812 330 1885 mandatis,
353 1818 380 1867 et
401 1811 456 1867 noli
484 1811 518 1867 ab
548 1810 588 1866 eis
610 1803 777 1868 recedere-²⁶
819 1811 848 1867 Si
877 1813 949 1868 euim
976 1811 1140 1866 custodieris
1169 1812 1236 1865 haec
1264 1808 1358 1865 omnia

180 1896 313 1964 mandata,
333 1895 406 1950 vires
418 1893 486 1961 lleo;
509 1901 537 1950 et
549 1909 653 1961 omnes,
675 1893 722 1966 qui
736 1893 917 1950 custodierint
926 1894 994 1950 haec
1007 1893 1139 1962 mandata,
1154 1893 1241 1948 vivent
1252 1882 1357 1948 lieo.‘¹²

615 2101 841 2167 MANDATUM
864 2101 913 2169 tx.

370 2260 572 2317 Portutondem
592 2278 612 2316 c
633 2261 693 2317 Deo
715 2261 828 2316 σιτίσαι
850 2261 954 2316 elsim
975 2259 1164 2315 haesitatione.

265 2373 305 2447 (a)
328 2369 448 2432 *lterum
469 2374 536 2430 dixit
555 2375 635 2431 mibi:
666 2375 738 2443 ,tolle
768 2391 783 2429 a
810 2382 837 2431 te
864 2374 1073 2443 dubitationem,
1095 2382 1122 2430 et
1144 2373 1211 2430 nihil
1233 2367 1356 2428 οιιιιιίιιοι

184 2460 300 2518 dubites.
343 2449 457 2515 Petens²
479 2457 580 2531 aliquid
601 2474 616 2513 a
638 2456 766 2526 liomino,
788 2474 823 2514 ne
844 2457 918 2513 dicas
941 2457 1011 2513 intra
1033 2465 1074 2514 te:
1097 2473 1151 2530 quo
1173 2457 1255 2513 modo
1276 2448 1356 2511 νοιο8

182 2604 249 2667 λίαν
268 2598 383 2682 πονηρᾶ
403 2607 464 2675 τοῖς
485 2597 601 2674 δούλοις
621 2605 674 2663 τοῦ
699 2602 785 2667 Θεοῦ,
811 2635 848 2644 -
865 2595 1073 2682 Ἐγκράτενσαι
1090 2588 1144 2660 οὖν
1157 2593 1216 2660 ἀπὸ
1229 2594 1354 2673 πάντων,

182 2687 232 2751 ἵνα
254 2684 342 2772 ζήσης
362 2690 402 2769 τῷ
425 2687 501 2768 Θεῷ,
521 2684 571 2747 καλ
593 2679 760 2769 ἐγγραφήση
782 2678 852 2762 μετὰ
874 2689 932 2746 τῶν
953 2681 1208 2766 ἐγκρατευομίνων.
1242 2677 1282 2742 “A
1304 2679 1356 2761 pic

182 2760 305 2833 οὖνδεῖ
330 2764 569 2851 ίγιιρατεύεσθαι,
590 2763 683 2828 ταῦτά
703 2766 787 2831 ἐστιν.
822 2762 863 2828 “A
886 2764 918 2830 di
938 2768 986 2829 δεῖ
1004 2786 1035 2829 σε
1056 2762 1095 2847 μὴ
1119 2760 1353 2850 ίγκρατεύεσθαι,

183 2848 254 2914 ἁλλὰ
274 2858 383 2926 ποιεῖν,
405 2846 509 2913 ἄκουε·
531 2848 648 2913 πάντων
677 2854 793 2928 πρῶτον
814 2852 926 2925 πίστις,
948 2846 1042 2931 φόβος
1072 2851 1191 2931 κυρίου,
1220 2842 1355 2928 ὁμόνοια,

182 2932 299 3043 ύρύπη,
323 2933 437 3016 ῥήματα
458 2929 659 3013 δικαιοσύνης,
682 2928 824 3012 ἀλήθεια,
844 2929 994 3013 ύττομονή·
1024 2931 1134 2996 τούτων
1166 2926 1356 3016 ἀγαθύτερον

182 3018 271 3083 oudin
292 3018 369 3082 ἔστιν
389 3018 421 3081 ἐν
442 3023 477 3105 τη
498 3022 556 3106 ζωῇ
577 3021 635 3078 τῶν
657 3009 839 3098 ἀνθρώπων·
869 3022 958 3078 ταῦτα
984 3013 1036 3079 irio
1063 3042 1106 3090 τις
1131 3012 1283 3094 φυλάσσει,
1306 3014 1356 3078 καλ

182 3099 223 3184 μὴ
251 3099 447 3185 ἐγκρατεύεται
468 3097 522 3164 ἄπ’
547 3097 660 3174 αὐτῶν,
688 3095 831 3181 μακάριός
852 3099 928 3161 ἐστιν
949 3100 981 3161 ἐν
1001 3106 1036 3186 τῇ
1058 3106 1115 3186 ζωῇ
1136 3097 1237 3166 αὐτοῦ.
1280 3093 1357 3160 Eira

181 3183 293 3249 τούτων
313 3181 348 3245 τὰ
370 3181 522 3246 ἀκόλουθα
541 3182 644 3246 ἄκουε·
666 3178 768 3265 χήραις
787 3177 954 3265 ὑπηρετεῖν,
976 3186 1027 3247 καλ
1047 3180 1195 3266 ὀρφανούς
1221 3178 1357 3263 ύστερου-

181 3267 289 3351 ριίνονς
309 3265 539 3343 ἐπισκέπτεσθαι,
562 3266 592 3342 ἐξ
610 3261 737 3350 ἆνύγκης
758 3262 961 3349 λυτρώσασθαι
975 3265 1043 3341 τοὺς
1059 3264 1183 3341 δούλους
1200 3273 1253 3329 τοῦ
1269 3269 1356 3342 Θεοῦ,

183 3349 336 3433 φιλόξενον
356 3345 431 3413 εἶναι
451 3350 498 3431 (iv
528 3347 583 3435 γὰρ
603 3355 638 3435 τῇ
659 3351 808 3436 φιλοξενίᾳ
829 3346 988 3431 εὑρίσκεται
1016 3349 1260 3436 ἆγοθοποίησις)·
1286 3345 1358 3430 ἡσύ-

183 3460 247 3520 ηιον
268 3430 351 3511 εἶναι,
372 3433 549 3517 ἐνδεέστερον
569 3437 716 3519 γενέσθαι,
736 3430 831 3497 πάντα
851 3431 1011 3518 ἄνθρωπον
1031 3430 1194 3518 πρεσβύτην
1210 3434 1356 3515 σέβεσθαι,

238 3675 282 3734 ll)
303 3674 394 3738 Scripsi
413 3675 439 3724 Et
454 3676 547 3739 quidem
565 3690 584 3722 c.
599 3673 648 3722 vac
660 3680 683 3722 ot
696 3671 753 3720 lab.
842 3671 887 3735 ’20)
907 3673 986 3722 luorum
1005 3672 1069 3730 Vnt,
1094 3681 1142 3720 tum
1162 3674 1201 3719 dcc
1221 3674 1260 3734 ηυιΙ
1279 3677 1355 3719 custo-

188 3742 223 3792 St
241 3756 265 3805 p.
285 3741 397 3804 Equidem
413 3741 476 3803 vulg.
788 3739 857 3787 diorit
876 3745 898 3786 ct
915 3742 996 3800 fecerit
1016 3741 1040 3787 iu
1059 3741 1108 3788 υιία
1126 3755 1177 3787 sun.

242 3807 284 3870 15)
300 3823 325 3857 sc
345 3808 446 3856 accessit
464 3823 490 3857 ex
509 3809 559 3858 tat.
838 3805 881 3868 ll)
900 3808 924 3854 ιἰι
943 3808 1042 3868 bospitio
1061 3822 1084 3869 p.
1103 3805 1263 3868 hospitalitate
1283 3804 1333 3853 Vnt.

242 3876 284 3940 lli)
304 3881 325 3924 ιε
344 3874 438 3924 adiunxi
458 3891 478 3923 c.
496 3876 560 3933 lat,
586 3876 626 3924 ubi
650 3882 674 3924 ut
693 3877 752 3925 scri·
839 3873 882 3935 22)
901 3874 951 3922 ιιολι
972 3874 1022 3922 l'at.

187 3945 252 3995 boris
270 3958 294 4007 p.
313 3943 435 4002 scribaris,
448 3942 555 3991 membro
574 3949 598 3992 ut
615 3945 681 3992 υιύυι
702 3942 751 3990 θεν
839 3939 881 4002 23)
899 3940 1101 3989 bunrilioremllat.
1112 3940 1223 3988 —Vctue
1237 3938 1356 4001 luterpres

187 4012 286 4063 omisso.
790 4009 852 4057 lorte
862 4005 933 4067 legit:
953 4004 1132 4075 ἐνδεέστερον
1140 4006 1276 4072 γενέσθαι
1285 3998 1357 4057 πύκ-

240 4077 282 4140 l'l)
300 4092 354 4141 erpo
372 4091 421 4126 non
439 4076 515 4125 estin
533 4074 590 4134 ilat,
608 4076 681 4138 paulo
699 4082 757 4138 post
791 4088 848 4125 των
855 4070 1025 4140 ἀνθρώπων.
1042 4073 1082 4122 Sic
1096 4080 1119 4122 et
1127 4073 1265 4122 Antiochus.
1283 4072 1357 4121 Aliter

187 4147 227 4196 λετ
244 4160 268 4210 p.
287 4146 339 4195 illc.
791 4140 1048 4192 Pseudo-Athanasius.
1070 4141 1129 4189 Gall.

241 4213 282 4274 18)
298 4220 376 4263 cutem
396 4225 442 4260 ont.
461 4209 525 4268 Vnt,
557 4222 585 4257 er
605 4224 653 4272 quo
673 4208 754 4257 addidi
842 4208 885 4272 24)
903 4209 1021 4257 iustitiam
1043 4206 1108 4266 Vnt,
1132 4221 1186 4255 mox
1210 4208 1357 4270 unicornuum

187 4291 224 4342 ιη.
242 4283 272 4328 ιε.
789 4303 824 4312 -
844 4278 979 4338 οιιίιιτηαοε
1001 4289 1024 4337 p.
1043 4275 1201 4337 oequommcm
1218 4299 1254 4308 -
1270 4288 1358 4337 nequo·

241 4343 283 4405 to)
303 4346 366 4394 imis
385 4345 435 4394 des.
456 4344 479 4393 in
498 4342 561 4403 Vnt,
586 4341 626 4406 qui
644 4341 754 4406 praebuit
789 4346 872 4401 nimos,
894 4349 917 4391 et
934 4355 1024 4391 monere
1042 4354 1065 4402 p.
1086 4343 1216 4392 admonere.
1248 4339 1282 4389 Ex
1300 4339 1358 4388 Feb.

188 4417 210 4460 ιε
228 4416 283 4459 ante
301 4410 418 4461 obstinem
429 4409 619 4476 csqmrietate
636 4416 658 4460 et
670 4411 752 4472 pred.
788 4410 824 4458 St
842 4417 866 4458 et
884 4406 961 4458 Codd.
979 4406 1030 4457 Pal.
1048 4407 1114 4470 lat,
1138 4421 1241 4472 quorum
1256 4413 1359 4472 uterque
