2886 4882
264 226 400 284 tttttunu
421 225 559 283 PASTOR.
602 227 698 283 trualt
719 225 763 285 lll.
807 227 1041 287 Sililbl'l.V.Vl.
1060 227 1103 303 (b)
1207 228 1269 290 toll

96 393 123 447 iu
145 408 175 447 se
198 390 324 463 spiritum
346 400 477 448 sanctum.
519 392 666 464 Propterea
698 391 724 446 in
748 391 891 448 consilinm
920 393 1059 451 advocarit
1086 395 1170 455 lilium
1191 388 1267 472 :nnn-

97 474 203 547 tlosque
225 466 381 540 honestos,⁶
403 482 433 528 ut
463 482 491 529 et
513 474 575 530 lmic
604 490 714 547 qnoque
741 475 868 548 corpori,
900 474 973 548 quod
1004 479 1133 535 servisset
1160 481 1267 554 spiritui

97 557 156 613 siue
178 556 298 628 querela,
321 556 398 611 locus
421 557 503 629 aliqui
525 557 661 612 habitandi
684 557 801 625 daretur,
823 575 858 613 ne
879 559 1083 616 videreturhoc
1097 578 1197 635 corpus
1219 576 1267 637 pu·

95 656 156 696 rnnv
178 655 210 694 ac
232 640 290 694 siue
314 639 417 694 macula
439 641 497 695 sine
518 640 644 695 mercede
667 640 790 708 inveniri,
813 642 840 696 in
863 658 917 714 quo
942 641 1079 697 babitandi
1101 645 1185 716 gratia
1204 660 1266 701 eon·

95 722 201 778 locatus
222 721 321 777 luisset
341 722 452 795 spiritus
473 729 594 778 sanctas.
636 721 715 791 Ecce,
738 723 841 797 iuquit,
862 723 947 781 babes
968 732 996 780 et
1016 725 1097 780 huius
1116 726 1267 784 similitudi·

95 806 139 861 nis
161 803 369 862 exsolutionem.

180 914 217 990 (r)
240 917 291 975 Vll.
332 919 365 975 ut
381 936 433 992 ego
456 919 526 976 divi:
548 921 659 994 percepi
682 920 817 993 gaudium,
841 921 958 991 dominc,
980 923 1072 981 audita
1093 922 1142 978 bac
1163 923 1267 995 exsolu·

97 995 190 1060 tione.¹
232 1001 264 1058 m
287 1001 352 1058 dixit
373 994 466 1058 mibi:²
487 1004 584 1058 iterum
606 1003 677 1058 aradi.
721 1002 754 1058 lit
774 1019 847 1058 nnuc
868 1022 970 1080 corpus
992 1007 1046 1062 boc
1061 1014 1137 1062 tuum
1158 1007 1266 1064 custodi

96 1085 224 1141 anundum
249 1092 329 1157 atque
351 1101 456 1158 pirrum,
478 1094 507 1141 ut
528 1085 639 1158 spiritus
663 1084 715 1153 ilie,
737 1086 782 1158 qui
806 1086 986 1144 inhabitatio
1013 1105 1061 1156 eo,
1084 1089 1267 1146 testimonium

96 1167 193 1223 reddat
207 1167 252 1233 illi,
265 1178 292 1222 et
313 1167 430 1223 salvetur
452 1185 553 1242 corpus
576 1176 659 1222 tuum.
704 1167 768 1223 Vide
781 1185 856 1242 ergo,
869 1187 903 1225 ne
921 1171 1065 1244 aliquando
1077 1171 1268 1243 persuadeatis

97 1250 171 1305 etin
195 1266 244 1304 cor
265 1257 338 1304 tuum
361 1250 504 1318 ascendat,
526 1249 599 1324 quod
623 1266 724 1323 corpus
746 1257 820 1305 tuum
841 1259 950 1325 pereat,
980 1262 1007 1309 et
1029 1253 1149 1308 abutaris
1172 1243 1217 1309 eo⁸
1240 1255 1266 1310 in

97 1329 264 1387 libidinibus.
307 1332 410 1399 Quodsi
432 1340 532 1407 corpus
555 1340 630 1388 taum
659 1331 850 1401 mandaveris,
873 1334 1019 1391 maculabis
1048 1342 1185 1391 momento
1214 1337 1268 1410 spi·

98 1416 178 1469 ritum
203 1422 342 1483 sanctum,
371 1422 398 1470 et
430 1416 451 1470 si
482 1414 659 1471 maculaveris
688 1430 789 1487 corpus
818 1409 914 1484 tuum,⁴
935 1435 989 1473 non
1012 1417 1092 1472 vives.
1135 1417 1201 1472 llico
1228 1419 1268 1473 ci:

96 1497 212 1563 domine,
231 1496 329 1569 quodsi
342 1515 393 1571 per
412 1497 590 1570 ignorantiam
608 1496 709 1568 aliquid
727 1497 873 1553 admissum
887 1507 936 1568 est,
952 1508 1095 1573 antequam
1109 1499 1269 1556 audirentur

96 1580 162 1635 hacc
185 1578 274 1647 verba,
298 1578 435 1650 quomodo
458 1579 574 1635 salvatur
596 1580 692 1645 bomo,
715 1579 761 1651 qui
782 1579 899 1636 maculat
920 1598 1021 1655 corpus
1041 1581 1139 1637 sumni
1179 1581 1211 1636 Et
1231 1584 1269 1639 ait

97 1662 178 1716 mibi:
202 1661 234 1717 de
258 1660 394 1733 prioribus
418 1662 527 1734 quidem
552 1661 643 1730 iactis,
673 1677 742 1732 quae
783 1678 813 1718 er
842 1664 1020 1736 ignorantiam
1053 1663 1169 1720 admissa
1196 1673 1267 1735 sunt,

97 1742 246 1799 remedium
266 1736 386 1800 tribuere
414 1744 490 1801 solus
519 1742 590 1800 bens
611 1750 721 1816 potest;
747 1679 817 1800 iliius
848 1744 921 1801 euim
950 1754 993 1801 est
1020 1747 1107 1801 omnis
1140 1753 1269 1819 potestas.

98 1824 152 1881 Sed
175 1824 280 1880 custodi
302 1841 374 1882 nunc
396 1835 437 1895 te,
461 1828 488 1883 ei
509 1826 665 1882 misericors
692 1826 820 1883 Dominus
851 1824 968 1884 sortasse
996 1827 1135 1901 prioribus
1163 1827 1269 1887 delictis

98 1906 246 1963 remedium
269 1906 350 1977 dabit,
373 1909 396 1965 si
418 1910 444 1964 in
466 1909 587 1967 laturam
602 1924 702 1983 corpus
719 1908 760 1966 vel
776 1909 901 1984 spiritum
915 1918 989 1966 tuum
1011 1927 1065 1966 non
1079 1910 1270 1981 maculaveris;

99 1998 242 2046 consortes
265 1991 336 2046 enim
358 1993 529 2060 ambesum,
553 1999 582 2049 et
601 1991 669 2048 alter
691 1991 751 2049 sine
773 1991 858 2050 altero
873 2010 928 2050 non
945 1993 1110 2066 inquinatur.
1152 1991 1269 2067 Utraque

100 2089 166 2146 ergo
189 2089 320 2130 conserva
340 2076 449 2144 munda,
472 2083 499 2132 et
517 2076 591 2132 vives
612 2072 676 2129 beo.

545 2269 703 2311 stttlmttno
726 2270 821 2309 sttxrn.

181 2350 295 2422 (vllium
317 2353 441 2409 sederem
466 2352 538 2407 domi
560 2361 589 2407 et
609 2366 717 2406 orarem
730 2350 812 2404 benur
834 2349 869 2405 ob
890 2367 922 2406 ea
952 2368 1022 2423 quae
1043 2351 1171 2422 vidoram,
1194 2354 1268 2410 etde

99 2435 232 2492 mandatis
255 2436 315 2490 eins
337 2434 518 2506 disputarem,
552 2448 615 2489 esse
644 2448 675 2488 ea
703 2431 790 2499 bona,
820 2430 901 2487 sortia
930 2448 963 2486 ac
992 2433 1107 2489 honesta
1135 2443 1163 2489 ot
1191 2434 1269 2502 laeta,

101 2528 128 2574 et
149 2533 219 2590 quae
240 2516 347 2588 possint
369 2513 482 2571 salutem
503 2515 606 2571 bomini
628 2513 750 2581 adlerrc,
779 2512 902 2570 dicebam
933 2514 1003 2569 iutra
1024 2530 1067 2591 vno
1090 2514 1173 2570 haec:
1206 2516 1269 2572 ielia

100 2617 158 2668 cro,
180 2601 203 2654 si
225 2599 251 2653 in
277 2598 319 2652 his
338 2598 469 2653 mandatis
492 2597 673 2664 ambulavero,
696 2595 767 2651 etsi
790 2597 836 2669 qni
860 2597 885 2652 in
909 2595 948 2652 eis
970 2595 1151 2666 ambulaverit,
1173 2598 1269 2655 beatus

101 2683 163 2738 erit.
206 2680 238 2735 Et
259 2680 326 2736 lvacc
340 2680 411 2737 intra
430 2697 471 2736 me
485 2680 547 2737 dum
570 2679 679 2753 loquor,
700 2677 779 2733 video
802 2694 872 2747 eum,
894 2670 991 2752 [quem
1012 2687 1040 2735 et
1055 2673 1155 2753 prius]
1178 2679 1268 2738 subito

101 2767 172 2820 iuxta
200 2780 242 2819 me
271 2763 378 2819 sedere.
424 2763 456 2818 Et
485 2764 521 2819 ait
549 2763 629 2818 milri:
664 2761 730 2834 quid
758 2758 865 2817 dubitas
888 2761 1090 2826 demandatis,
1121 2779 1190 2834 quae
1220 2760 1269 2819 tibi

101 2845 250 2922 praecepit
280 2845 354 2901 bona
376 2853 446 2911 sunt
468 2854 494 2902 et
515 2845 581 2903 nibil
603 2845 712 2901 omniuo
735 2842 913 2912 dubitaverim
935 2845 986 2900 sed
1008 2845 1089 2900 indue
1118 2843 1199 2901 fidem
1220 2844 1269 2901 llo·

25 2934 31 2943 “
101 2932 173 2997 mini,
188 2937 214 2985 ct
227 2928 307 2984 iubis
330 2927 508 2984 ambulaveris
519 2952 526 2997 3
539 2945 590 3003 ego
603 2927 674 2984 euim
687 2927 713 2982 in
728 2925 781 2982 illis
796 2925 866 2982 dabo
881 2926 928 2982 tibi
942 2927 1020 2982 vires.
1063 2926 1135 2983 llaec
1146 2926 1271 2984 mandata

102 3011 176 3067 utilia
190 3018 253 3066 suut
268 3011 319 3079 bis,
333 3012 379 3084 qvvi
389 3008 551 3068 delictorum
561 3026 673 3068 suorum
687 3009 773 3065 acturi
787 3015 850 3065 sunt
862 3009 1064 3082 poenitentiam.
1094 3006 1124 3065 Si
1135 3009 1272 3067 enimnon'

155 3170 184 3235 θ)
201 3172 392 3235 quomadmodum
415 3186 440 3233 p.
460 3171 509 3224 Ono
526 3176 596 3233 puoto
620 3168 672 3217 lat.
756 3165 782 3228 2)
800 3168 944 3230 disputarem
964 3167 1022 3227 lat,
1040 3167 1080 3231 qni
1100 3178 1170 3230 pron.
1184 3183 1212 3216 ee
1230 3181 1272 3217 ro·

103 3239 193 3302 absquo
212 3254 263 3302 seq.
280 3240 386 3287 salutem.
706 3234 756 3283 licit
783 3241 840 3296 post
862 3248 914 3297 seq.
934 3249 999 3297 esse,·
1016 3234 1079 3284 idem
1097 3235 1184 3284 deinde
1202 3235 1272 3284 coln·

154 3307 180 3368 l)
199 3305 257 3354 bodi
276 3320 335 3370 poce
351 3320 393 3368 per
410 3306 567 3368 ionoruotiom
582 3305 671 3352 admis-
705 3307 750 3349 tem
769 3300 868 3349 bominis
886 3304 973 3364 offerre
990 3304 1053 3351 intro
1065 3317 1100 3350 me
1113 3304 1216 3352 diccbom
1224 3303 1273 3353 bec.

104 3359 144 3420 cde
163 3379 215 3422 suot
244 3372 343 3420 ducibus
363 3372 417 3420 tiss.
437 3371 477 3430 C.‚
496 3370 592 3429 lamb,
610 3369 670 3427 Vnt,
757 3366 785 3428 3)
804 3366 844 3415 Sic
862 3369 950 3417 rectius
968 3367 1050 3417 Lamb.
1062 3367 1111 3416 Pal.
1130 3368 1179 3417 Vnt.
1197 3383 1221 3431 p.
1236 3369 1272 3419 lo-

104 3440 143 3487 ubi
165 3456 208 3503 pue
225 3455 267 3503 per
283 3441 443 3501 ionororrticm
458 3438 617 3484 admiserunt:
634 3435 671 3483 cui
706 3448 788 3497 onerer
804 3433 866 3495 vulg.
884 3435 911 3483 ln
929 3434 1107 3484 trascritto.
1126 3446 1192 3482 vocc.
1205 3442 1273 3496 pocot

104 3507 200 3555 lectioni
228 3509 291 3555 lavet
309 3505 359 3553 Pal.
385 3507 412 3553 de
437 3505 554 3566 prioribus
579 3504 671 3566 quidem
706 3508 727 3549 et
744 3502 810 3564 prius
832 3517 879 3549 non
899 3508 985 3560 extant,
1002 3501 1046 3548 sub
1065 3500 1135 3548 linem
1153 3507 1175 3548 cl
1193 3502 1271 3550 dices·

103 3577 188 3633 scrtis,
215 3589 274 3636 quos
301 3587 344 3635 per
373 3572 531 3634 ipsorootiom
566 3571 671 3618 admissu
706 3573 750 3615 tem
769 3565 1014 3615 humiliamini.

106 3646 174 3700 surrt,·
195 3638 256 3699 vulg.
279 3642 319 3701 qui
335 3653 377 3701 per
394 3640 550 3700 ipuorontiom
567 3637 671 3685 admise-
756 3634 785 3695 4)
801 3636 827 3682 iu
843 3634 894 3681 illia
913 3647 959 3681 our.
978 3633 1028 3682 ναι

104 3712 165 3755 runt.
185 3705 233 3753 Cir.
252 3704 326 3753 Clem.
343 3705 410 3754 Rom.
428 3704 562 3764 HomlllX,
580 3703 620 3752 22.
634 3703 672 3751 ed.
759 3701 785 3762 5)
806 3706 860 3748 cote
887 3705 1006 3761 pestorano
1029 3701 1080 3749 liat.
1108 3701 1198 3765 absque
1220 3714 1271 3766 seq.

105 3771 210 3822 llresscl.
707 3773 769 3828 suot,
787 3774 836 3815 tum
853 3767 879 3812 iu
895 3766 933 3814 lu's
952 3769 1111 3818 ambulaverit.

156 3837 184 3902 8)
202 3844 224 3887 et
246 3836 333 3886 excidit
355 3837 418 3896 tat,
449 3838 489 3900 qni
514 3837 539 3886 in
569 3838 616 3886 llus
646 3853 673 3886 oc

106 3908 223 3971 spiritum.
756 3898 783 3960 b)
800 3899 894 3948 teman
920 3900 983 3961 Pet,
1017 3901 1105 3951 deindo
1138 3904 1224 3965 spirito
1247 3915 1273 3966 p.

156 3973 184 4037 9)
212 3973 332 4022 Censorias
350 3973 414 4021 enim
431 3977 485 4020 sont
509 3972 576 4019 ambo
600 3971 674 4018 oller·
707 3966 810 4027 spiritui.

105 4047 221 4091 stromat
245 4043 297 4088 sine
316 4040 392 4089 altero
411 4053 456 4088 oon
473 4040 610 4101 moinonis
623 4036 673 4084 lat.
757 4031 815 4094 Cep.
830 4031 876 4082 llll.
912 4033 941 4100 1)
955 4036 1060 4085 ruditum
1069 4036 1128 4085 bose
1141 4035 1275 4086 aaronita

159 4104 205 4170 10)
221 4109 282 4156 roim
300 4106 366 4167 vva,
397 4119 449 4155 cam
474 4119 521 4167 quo
540 4111 564 4153 et
583 4102 633 4151 Pal.
650 4109 674 4150 et
706 4109 760 4146 rtem
778 4097 828 4147 Pal.

108 4173 164 4221 Fab.
175 4175 210 4223 st.
228 4173 330 4222 subinde
347 4173 433 4235 scripsi
451 4183 593 4232 conrerrap.
606 4182 675 4218 serra
757 4165 787 4297 gl)
803 4166 863 4282 dntp
877 4170 961 4282 plnum
977 4167 1111 4234 intevpmi
1129 4178 1186 4217 cam
1200 4167 1252 4219 rot.

106 4238 169 4289 vul.
805 4248 828 4282 et
865 4249 896 4283 a.

147 4254 216 4358 8Sim.
233 4305 269 4357 tlt.
306 4305 331 4371 1)
349 4305 483 4357 Similitudo
510 4301 567 4351 l'lll
588 4299 675 4350 inscri-
761 4301 789 4365 d)
808 4301 967 4351 scribendum
984 4312 1037 4352 esse
1053 4300 1149 4353 ridetur
1166 4304 1279 4368 spirdsrlt

108 4373 143 4423 bit
160 4372 210 4422 liat.
709 4374 814 4421 scrutum
830 4382 855 4431 p.
872 4384 954 4433 corpus
972 4375 1044 4419 tuum.

1015 4452 1070 4504 ³2·
