2886 4882
189 191 249 253 426
406 185 543 245 stultns
565 186 703 245 PASTOR.
744 186 842 244 LlBER
863 189 883 245 l.
927 188 1016 247 VISIO
1037 189 1082 248 tlt
1102 185 1147 262 (t)

189 358 254 417 tar-l
288 356 338 412 Alii
360 354 432 411 enim
453 354 560 427 priores
581 361 609 412 te
631 361 695 410 sunt
715 362 742 410 et
762 354 889 411 meliores
914 363 955 419 te,
987 354 1086 428 quibus
1114 355 1262 431 oportebat
1288 374 1368 418 reve·

189 441 238 499 lari
261 440 379 495 visiones
401 428 506 504 istas3¹²
538 438 588 493 scd
610 443 640 493 ut
661 438 859 495 honorificetur
883 455 981 494 nomen
997 439 1052 506 liei,
1074 438 1123 494 tibi
1145 440 1294 497 revelatum
1310 450 1363 511 cst,

190 531 217 581 et
237 522 400 579 revelabitur
419 514 557 593 *propter
586 520 702 589 dubios,
732 522 777 594 qni
801 521 919 594 cogitant
939 522 966 578 in
988 521 1118 577 cordibus
1140 523 1212 591 suis,
1236 532 1366 583 utrumne

191 607 246 663 sint
276 607 359 674 baec,
391 621 423 659 an
453 620 508 659 nou
537 594 623 661 οἰοῑ.13
666 603 714 659 Dic
736 604 805 673 iltis,
828 595 924 676 quod¹⁴
945 604 1012 660 baec
1034 604 1123 660 omnia
1146 613 1211 660 sunt
1230 623 1316 675 vera,
1338 618 1366 664 et

190 690 258 746 nibil
280 696 353 746 entra
375 688 516 744 veritatem
539 693 595 756 cst;
625 686 674 742 scd
696 688 785 743 omnia
807 685 884 743 firma
905 696 932 743 et
948 696 1030 755 certa,
1048 679 1141 760 quac¹⁵
1158 688 1271 747 lundata
1285 688 1366 746 suet‘

274 833 350 909 (dt.
378 835 456 904 ,dudi
478 843 599 891 nuncet
629 835 661 890 de
689 834 832 908 lapidibus,
859 837 904 908 qui
927 843 992 893 sunt
1012 838 1040 893 in
1060 844 1203 892 structura.
1247 837 1364 912 Lapides

191 924 301 1000 quidem
322 919 362 976 illi
385 919 509 993 quadrati
532 925 560 973 et
580 917 649 985 albi,
673 920 865 976 convenientos
888 920 914 974 in
937 920 1123 975 commissuris
1145 921 1218 988 suis,
1246 913 1277 976 ii¹
1299 931 1364 978 sunt

93 1017 97 1024 '
191 1004 309 1082 apostoli
331 1011 359 1060 et
380 1001 504 1076 episcopi
526 1008 553 1056 ct
574 999 700 1057 ductores
723 1010 750 1057 ct
771 1002 904 1071 ministri,
933 1003 979 1073 qui
1008 1001 1125 1075 ingrcssi
1155 1011 1219 1058 sunt
1247 1003 1275 1057 in
1309 1004 1364 1062 cle·

190 1089 291 1149 mentia
312 1085 375 1154 uei,
395 1093 422 1141 ct
443 1085 629 1157 episcopatum
653 1092 812 1157 gesserunt,
835 1092 862 1140 ct
891 1083 1058 1153 docuerunt,
1085 1093 1112 1140 et
1140 1086 1364 1143 ministraverunt

191 1179 283 1230 sancte
305 1175 333 1225 et
350 1167 474 1224 modeste
498 1166 592 1222 clectis
614 1167 676 1230 uei,
700 1168 746 1239 qui
774 1167 957 1231 dormierunt,
987 1168 1089 1240 quique
1111 1168 1201 1224 adbuc
1226 1177 1307 1237 sunt,
1336 1178 1365 1226 et

190 1269 300 1326 semper
319 1267 380 1307 eum
402 1249 454 1305 illis
477 1259 671 1316 convenerunt,
693 1259 720 1306 ct
740 1250 768 1305 in
790 1266 820 1305 sc
842 1266 937 1322 pacem
960 1250 1123 1318 habueruut,
1146 1258 1174 1306 et
1195 1269 1224 1308 se
1245 1251 1363 1308 invicem

191 1336 342 1395 audierunt.
386 1333 502 1406 Propter
516 1333 569 1388 boc
591 1341 617 1388 et
631 1328 665 1387 'iu
686 1341 851 1389 structuram
868 1333 951 1389 turris
967 1333 1131 1389 conveniunt
1151 1327 1361 1391 commissurae'

191 1435 294 1477 eorum.
336 1415 387 1484 uui
409 1432 473 1471 vero
496 1415 529 1472 de
551 1415 687 1489 profundo
710 1415 872 1482 trahuntur,
895 1425 923 1471 et
937 1416 1115 1490 imponuntur
1131 1417 1157 1470 in
1173 1409 1363 1487 structuram,⁸

191 1511 219 1560 et
241 1499 403 1556 conveniunt
424 1499 619 1554 commissurae
641 1516 736 1556 eorum
760 1515 820 1555 cum
844 1500 959 1555 cacteris
983 1498 1126 1572 lapidibus,
1150 1500 1197 1570 qui
1219 1501 1271 1556 iam
1290 1499 1362 1556 aetli-

191 1584 264 1641 licati
285 1590 364 1648 suut;
395 1573 425 1637 ii⁴
446 1589 524 1649 sunt,
544 1582 591 1654 qui
614 1583 664 1638 iam
688 1582 870 1649 dormierunt,
893 1590 921 1637 et
943 1581 1015 1654 passi
1044 1589 1109 1636 sunt
1135 1598 1215 1639 causa
1242 1583 1361 1640 nominis

192 1663 313 1723 Domini!
357 1664 472 1729 ‚Caetori
493 1672 582 1722 autem
606 1666 723 1739 lapides,
747 1665 793 1737 qui
815 1664 1029 1737 adportabantur
1050 1681 1065 1718 a
1088 1671 1175 1733 tcrra,
1197 1665 1260 1723 volo
1289 1666 1361 1723 scire

192 1750 334 1824 quisunt,
357 1739 507 1802 dominat‘⁵
535 1748 591 1802 dit:
619 1766 677 1816 ,ecs
700 1748 829 1820 quidem,
849 1747 895 1820 qui
918 1748 944 1801 in
968 1739 1079 1803 terram⁰
1109 1749 1225 1817 vadunt,
1256 1757 1284 1804 et
1305 1766 1361 1805 non

191 1840 255 1889 sunt
281 1829 370 1904 politi,
396 1829 456 1884 illos
475 1829 546 1886 Deus
575 1822 728 1903 probavit,⁷
758 1829 885 1902 quoniam
915 1830 1032 1903 ingressi
1058 1838 1121 1886 sunt
1149 1831 1361 1904 inaequitatem

191 1913 314 1980 Domini,
337 1920 364 1967 et
386 1912 544 1967 direxerunt
565 1906 633 1968 vias⁸
655 1914 682 1967 in
704 1911 835 1967 mandatis
859 1913 927 1967 cius.
971 1913 1019 1980 Qui
1041 1920 1131 1969 autem
1151 1912 1311 1982 afferuntur,
1335 1923 1361 1970 et

191 2004 330 2072 ponuntur
352 1995 377 2051 in
401 2003 537 2050 structura
556 1996 653 2060 turris,
676 1988 706 2051 ἰί9
730 2004 794 2051 sunt
815 1995 912 2050 novelli
935 1995 962 2050 in
985 1994 1051 2062 lide,
1081 2004 1108 2050 et
1137 1996 1241 2053 fideles.
1284 1996 1360 2052 Com·

191 2071 359 2136 monentur¹⁰
383 2085 471 2133 autem
495 2078 528 2133 ab
550 2078 652 2151 angelis
673 2078 705 2134 ad
727 2076 962 2146 benefaciendum,
985 2083 1130 2151 propterea
1153 2079 1227 2152 qnod
1249 2088 1362 2136 nonest

191 2165 299 2220 inventa
326 2161 446 2234 nequitia
473 2161 501 2215 in
532 2157 602 2216 illis.‘
644 2161 730 2230 ,Quos
758 2168 847 2216 autem
880 2160 1039 2216 reiicicbant
1068 2167 1096 2215 et
1122 2162 1261 2235 ponebant
1288 2163 1361 2218 iuxta
1433 2173 1436 2178 ·

191 2246 303 2313 turrim,
327 2244 373 2317 qui
398 2252 462 2299 sunt
481 2240 550 2299 itlit‘
593 2244 636 2299 dit
657 2244 736 2300 mint:
770 2244 798 2307 ,ii
823 2251 900 2312 sunt,
922 2245 969 2317 qui
990 2237 1199 2317 peccaverunt¹¹
1221 2253 1248 2301 ct
1270 2245 1360 2303 voluc-

191 2336 257 2386 ruut
276 2326 470 2401 poenitentiam
492 2344 589 2401 agere3
622 2336 735 2401 propter
756 2326 809 2383 hoc
832 2343 886 2382 non
909 2335 972 2383 sunt
999 2325 1078 2399 longe
1100 2328 1217 2401 proiecti
1238 2345 1253 2384 a
1275 2335 1359 2397 turre,

193 2411 320 2486 qnoniam
343 2408 423 2465 utiles
445 2416 526 2466 crunt
546 2411 572 2466 iu
595 2400 773 2479 structura‚¹²
796 2411 819 2466 si
840 2409 1035 2482 poenitentiam
1058 2410 1171 2483 egerint
1214 2410 1263 2478 uui
1293 2429 1359 2484 ergo

191 2493 385 2568 poenitentiam
409 2494 495 2548 acturi
517 2500 595 2560 sunt,
617 2494 640 2549 si
662 2495 767 2568 egerint
787 2492 995 2566 poenitentiam,
1018 2491 1102 2548 sortes
1131 2500 1212 2549 erunt
1241 2493 1269 2548 in
1298 2491 1361 2561 fide,

192 2575 217 2632 si
239 2594 310 2633 nunc
333 2575 526 2650 poenitentiam
548 2577 668 2648 egerint,
691 2577 755 2633 dum
777 2575 934 2632 aedificatur
964 2573 1059 2630 turris.
1102 2573 1168 2633 Nam
1191 2576 1213 2631 si
1237 2592 1360 2632 consum·

191 2668 262 2716 mata
290 2658 372 2715 luerit
399 2665 548 2725 structura,
578 2660 630 2713 iam
657 2651 742 2731 qnis¹³
771 2674 826 2713 non
856 2657 938 2714 habet
958 2657 1062 2725 locum,
1085 2656 1136 2715 ubi
1155 2666 1289 2732 ponatur,
1312 2660 1361 2716 sed

192 2743 245 2799 erit
266 2739 418 2813 reprobus;
449 2740 621 2796 solummodo
644 2749 733 2798 autem
756 2741 809 2796 hoc
831 2739 949 2809 habebit,
972 2741 1018 2814 qui
1041 2731 1116 2797 iam¹⁴
1139 2741 1172 2798 ad
1194 2741 1290 2797 turrim
1312 2760 1361 2816 po-

192 2825 261 2880 situs
284 2818 342 2879 est‘

276 2966 315 3041 (n)
329 2969 370 3024 lll.
414 2970 472 3038 ,Qui
495 2976 584 3027 autem
606 2969 813 3038 recidebantur,
835 2978 863 3026 et
890 2971 971 3044 longe
999 2969 1250 3046 proiiciebantura
1277 2981 1361 3043 turre,

193 3055 231 3111 vis
254 3046 350 3122 scire,¹
373 3054 420 3126 qui
441 3050 531 3110 sunti‘
564 3051 665 3121 ,Volo,‘
687 3055 810 3126 inquam,
839 3050 977 3121 ,domiua.‘
1019 3045 1063 3122 ‚li²
1092 3061 1157 3110 sunt
1185 3053 1233 3111 lilii
1263 3056 1361 3130 iniqui-

276 3157 347 3222 *διὰ
367 3155 437 3233 τοὺς
457 3155 609 3240 ὃιψύχοος,
630 3156 700 3234 τοὺς
721 3160 969 3245 διαλογιζομένους
983 3161 1014 3225 ἕν
1028 3166 1092 3236 τοῖς
1104 3163 1239 3241 καρδίαις
1254 3159 1361 3242 αὐτῶν,

192 3285 401 3296 --.----

246 3340 287 3406 12)
304 3342 337 3389 lta
355 3342 413 3400 Vat,
432 3340 620 3403 annuentePal.,
634 3343 677 3391 ltus
697 3343 758 3407 iulg.
844 3343 871 3408 2)
891 3349 1021 3393 structurae
1040 3343 1092 3393 llat.

194 3413 259 3470 Quae
282 3419 427 3474 sequuntur:
454 3415 549 3472 propter
574 3411 656 3458 dubios
675 3435 710 3445 -
728 3427 758 3459 οο
846 3411 875 3473 3)
893 3412 926 3460 lta
946 3411 1015 3460 bodl.
1033 3411 1083 3460 Vat.
1102 3407 1167 3469 Cot,
1195 3416 1216 3458 et
1235 3413 1360 3474 imponitu-

193 3494 240 3528 non
259 3480 321 3536 sint,
345 3494 429 3540 graece
455 3483 534 3525 extaret
558 3477 581 3525 in
603 3476 676 3526 Clem.
695 3477 758 3527 illex.
793 3485 829 3527 tur
853 3482 878 3526 in
897 3485 1013 3527 structura
1040 3477 1116 3542 prima
1135 3477 1222 3526 llclclii
1246 3479 1285 3527 ed.
1308 3495 1361 3529 cum

197 3547 284 3596 Strom.
304 3545 321 3603 l,
340 3547 379 3595 29.
398 3561 422 3608 p.
440 3545 505 3604 426,
531 3552 557 3593 ut
575 3546 738 3608 apposuimus.
793 3545 928 3595 Gallandio.
960 3545 986 3593 ln
1006 3546 1055 3594 Pal.
1073 3546 1189 3608 adpositi
1208 3548 1232 3594 in
1250 3548 1361 3607 aedifico·

247 3612 289 3674 13)
310 3619 386 3660 astrum
409 3628 435 3659 ce
454 3612 479 3672 (n
497 3611 574 3661 aliena
592 3627 655 3663 man.
673 3611 758 3675 supra)
793 3616 862 3663 tione.
892 3612 939 3661 Cir.
959 3627 1031 3675 supra
1051 3629 1071 3662 c.
1092 3612 1115 3673 2,
1135 3619 1184 3660 not.
1208 3611 1246 3661 12.

196 3684 242 3731 rint
263 3695 293 3729 un
313 3695 340 3727 ue
359 3679 408 3727 Vat.
425 3679 515 3742 absque
533 3681 589 3728 doec
608 3688 632 3730 et
648 3694 684 3744 sq.
703 3683 758 3729 sint.
842 3678 869 3740 4)
888 3680 912 3727 lai
930 3680 979 3727 Vnt.

248 3748 289 3810 14)
309 3747 420 3810 queniam
437 3745 486 3793 Vnt.
504 3744 554 3794 Pal.
844 3745 870 3808 5)
888 3746 921 3794 lta
940 3746 989 3794 l'at.
1008 3754 1031 3794 et
1043 3745 1100 3795 Fab.
1118 3746 1152 3795 Sl.
1171 3748 1361 3807 conuenerat,

248 3815 292 3877 15)
309 3815 342 3862 lta
360 3810 446 3873 scripsi
464 3827 484 3860 c.
503 3813 529 3861 G.
547 3813 597 3863 Vat.
615 3821 638 3863 et
657 3812 713 3863 Fab.
725 3814 759 3863 Sl.
792 3815 832 3878 qui
850 3814 896 3861 sint
915 3813 1032 3862 Domino?
1050 3813 1101 3862 Cot.
1120 3814 1149 3863 ll.
1166 3823 1257 3876 puncto
1273 3814 1360 3864 distin-

194 3885 269 3945 firmo,
287 3887 391 3943 certeque
409 3878 460 3927 Cot.
794 3880 843 3943 guit
861 3887 918 3942 post
936 3881 1034 3929 domiuo.

246 3950 303 4012 Cap.
322 3948 346 3995 V.
384 3944 408 4007 1)
426 3944 523 4002 ditet,
542 3945 582 3994 nbi
600 3949 760 4011 inpediuntur
844 3947 872 4005 6)
890 3946 1063 4009 lieponendnm
1081 3960 1168 3997 censeo
1196 3946 1359 3998 cuminian

196 4031 220 4078 p.
238 4016 341 4078 inpressi
362 4019 424 4070 sunt,
446 4011 500 4059 dein
519 4016 607 4062 sanetis
626 4030 649 4077 p.
669 4016 757 4075 electis,
795 4015 995 4074 aedificationem,
1025 4013 1119 4063 exclusa
1139 4016 1228 4065 Helclii
1248 4014 1361 4078 opinione

195 4082 240 4131 sub
260 4079 428 4132 enuntiationis
447 4080 517 4127 finem
529 4080 666 4130 alterutrum
684 4096 709 4144 p.
722 4084 761 4130 irt-
795 4081 824 4130 de
847 4079 1019 4141 fundamentis,
1038 4081 1130 4130 etiamsi
1147 4083 1210 4143 vulp.
1231 4081 1361 4132 lectionem

195 4150 273 4198 ricem.
310 4147 443 4198 cotelerius
467 4144 593 4195 distinctos
612 4147 760 4198 hierarchiae
794 4148 905 4197 retineas.
933 4147 1036 4197 indicari
1056 4148 1167 4199 videntur
1183 4148 1361 4199 hominoslnsti

197 4215 293 4265 ordines
313 4216 352 4264 bie
369 4222 465 4264 notatos
484 4227 536 4262 esse
556 4212 626 4262 dulce
648 4216 760 4263 somniat.
795 4214 885 4264 Veteris
907 4215 1059 4265 Testamenti.

195 4283 334 4331 decoration
352 4281 399 4330 loci
418 4281 544 4344 explicatio
562 4279 665 4343 petenda
685 4288 721 4330 est
734 4295 761 4330 er
845 4279 873 4341 7)
889 4283 932 4332 bos
949 4284 1007 4332 deur
1018 4284 1126 4346 prebebit
1138 4282 1196 4345 vat,
1208 4281 1249 4333 ubi
1261 4282 1361 4333 lebiales

197 4347 255 4396 Sim
272 4350 295 4409 9,
313 4350 336 4398 3.
355 4350 379 4399 4.
401 4349 440 4400 15.
461 4348 500 4398 16.
795 4347 859 4397 band
876 4361 931 4398 raro
951 4357 1106 4412 permutatae.
