2886 4882
372 226 498 285 lOlldTll
519 230 681 288 narsaeus
702 232 743 287 ao
767 229 1002 289 pontenurum
1030 230 1050 287 Ι.
1230 226 1293 328 lllO¹

476 470 923 520 antelucandum,

198 584 333 657 ignatius,
363 585 409 658 qui
432 594 460 641 et
480 585 675 658 l'beophorus,
699 584 860 659 Polycarpm
884 585 1015 657 episcopo
1038 585 1171 643 ecclesiae
1194 587 1284 662 Smyr·

240 683 379 736 naeorum,
401 668 447 740 qui
470 669 527 741 ipse
550 669 640 741 potius
664 669 823 742 episcopum
846 666 927 723 habet
948 665 1031 724 [lcum
1061 675 1164 741 patrem
1187 678 1214 726 et
1235 670 1286 729 Oo-

239 750 341 805 minum
366 749 454 806 lesum
478 750 622 817 Christum,
644 750 787 824 plurimam
808 749 930 806 salutem.

408 872 576 924 ‘EPlSTOLd
598 875 709 925 lGNll'lll
728 877 764 925 Al)
784 874 990 926 roulcauruu.

197 973 355 1055 *ignatius
386 983 431 1054 qui
463 989 489 1037 ct
522 982 716 1056 l'beophorus,
747 982 899 1058 Polycarpo
939 982 1077 1038 Ecclesiae
1111 981 1285 1055 smyrnensis

238 1064 388 1138 Episcopo,
418 1064 458 1119 vel
490 1066 580 1138 petius
612 1064 662 1120 sub
683 1065 819 1140 Episcopo
842 1065 896 1122 Oce
929 1065 1007 1122 Patre
1036 1074 1063 1120 et
1085 1065 1197 1120 Domino
1223 1065 1285 1121 lesu

238 1146 361 1215 Christo,
384 1146 496 1203 salutem
519 1147 669 1221 plurimam.

517 1280 537 1337 l.
582 1281 658 1336 laos
679 1288 703 1335 et
725 1279 889 1336 adhortatio.

196 1391 268 1449 Piam
290 1402 407 1449 mentem
429 1403 508 1462 tuam,
531 1396 605 1452 velut
626 1413 708 1469 supra
731 1402 834 1469 petram
856 1392 1019 1451 immobilem
1042 1393 1187 1462 fundatam,
1211 1409 1283 1461 com·

111 1474 246 1548 probans,
277 1478 388 1531 summis
411 1477 497 1531 erebo
517 1478 656 1546 laudibus,
683 1477 756 1551 quod
779 1478 876 1550 dignus
906 1478 956 1533 sim
988 1476 1095 1532 babitus
1117 1483 1210 1532 sancta
1240 1484 1285 1532 tua

114 1558 190 1625 facie,
214 1574 267 1629 qua
289 1560 389 1614 utinam
412 1576 520 1633 semper
543 1560 595 1617 frui
618 1562 720 1634 possim
744 1562 770 1614 in
793 1561 857 1615 Deo.
900 1559 1022 1614 Obsecro
1046 1568 1070 1614 tc
1093 1558 1283 1632 pergratiam,

113 1656 164 1713 qua
194 1639 303 1695 indutus
326 1657 370 1708 es,
401 1650 430 1696 ut
462 1659 561 1715 augeas
585 1660 694 1699 cursum
717 1650 800 1710 tutam,
822 1659 973 1715 omnesque
995 1642 1157 1707 adhorteris,
1179 1650 1209 1694 ut
1230 1639 1285 1695 sal-

112 1730 214 1777 ventur.
242 1720 361 1778 Defende
385 1723 474 1781 locum
497 1735 571 1781 tuum
594 1727 619 1781 in
643 1727 716 1781 omni
739 1742 803 1780 cura
825 1724 923 1780 carnali
949 1732 976 1780 ot
998 1721 1138 1796 spirituali.
1169 1721 1282 1779 Unitatis

114 1820 207 1860 curam
228 1804 307 1872 habe,
331 1823 382 1879 qua
405 1807 473 1863 nihil
495 1808 599 1864 melius.
643 1809 741 1864 Omnes
763 1807 862 1881 perfer,
883 1814 913 1863 ut
935 1814 961 1863 et
983 1813 1008 1862 te
1029 1804 1134 1879 perfert
1146 1805 1282 1862 Oomiuus.

114 1885 212 1942 Omnes
227 1887 312 1944 tolera
327 1888 353 1943 in
376 1889 515 1958 charitate,
538 1893 608 1946 sicut
624 1897 650 1946 et
666 1890 742 1946 facis.
772 1889 902 1946 Precibus
916 1906 981 1945 vaca
994 1888 1143 1962 perpetuis,
1172 1886 1283 1944 Postula

112 1970 269 2041 sapientiam
293 1971 423 2027 maiorem
445 1990 525 2046 quam
548 1973 641 2030 babes.
685 1971 785 2045 Vigila,
809 1973 960 2029 insomnem
982 1972 1106 2045 spiritum
1126 1968 1282 2045 possidens.

112 2051 231 2125 Singulis
252 2051 375 2125 loquere,
398 2062 426 2109 ut
448 2063 526 2128 potes
540 2057 594 2112 lieo
618 2055 767 2114 adiuvante.
798 2056 962 2111 Cunctorum
978 2054 1180 2128 aegrotationes
1195 2059 1283 2127 porta,

112 2135 182 2190 sicut
203 2134 342 2207 perfectus
364 2137 470 2192 athleta.
513 2137 560 2194 Ubi
587 2139 646 2212 plus
668 2139 780 2205 laboris,
803 2137 839 2193 ibi
861 2155 986 2211 magnum
1010 2137 1140 2219 lucrum..

193 2245 241 2304 *l
285 2248 407 2309 Probaus
434 2255 550 2310 animum
580 2264 654 2309 tuum
688 2256 714 2309 in
736 2254 791 2309 Oen
815 2253 963 2319 liruiatum,
985 2251 1056 2307 velut
1074 2269 1157 2325 super
1178 2259 1282 2324 petram

113 2332 289 2399 immobilem,
310 2337 422 2391 summis
444 2336 526 2392 Deum
550 2336 672 2392 laudibus
696 2336 789 2402 evelao,
813 2335 886 2410 quod
908 2344 978 2390 tuam
1002 2333 1163 2406 inculpatam
1186 2333 1282 2390 faeiem

111 2415 202 2472 sidere
236 2418 396 2486 meruerim,
427 2437 480 2491 qua
511 2421 611 2474 utinam
642 2419 668 2473 in
691 2419 745 2473 lteo
775 2416 856 2472 fruar.
899 2415 1018 2471 Obsecro
1042 2423 1068 2469 te
1090 2414 1281 2487 pergratiam,

112 2514 164 2571 qua
191 2498 302 2554 indutus
332 2516 377 2568 es,
413 2509 441 2556 ut
469 2519 579 2557 cursum
609 2509 682 2556 tuum
710 2515 886 2572 promoveas,
917 2514 1065 2569 carnesque
1093 2495 1230 2560 horteris,
1252 2504 1283 2553 ut

113 2579 257 2637 salventur.
301 2581 411 2638 linifica
432 2593 460 2639 et
483 2592 558 2639 tuere
581 2583 671 2638 locum
693 2591 767 2637 tuum
790 2599 851 2637 cum
874 2582 946 2637 omni
968 2577 1106 2652 diligentia
1135 2583 1188 2630 tam
1220 2593 1279 2632 cor·

113 2662 214 2733 porali,
236 2679 317 2737 quam
340 2665 480 2737 spirituali.
525 2665 636 2720 Unitatis
659 2682 751 2719 curam
774 2663 852 2730 laabe,
875 2679 929 2735 qua
948 2660 1014 2717 uibil
1036 2658 1141 2715 melius.
1182 2659 1281 2716 Omnes

112 2752 205 2817 porta,
236 2746 463 2818 quemadmodum
494 2755 519 2802 te
541 2749 684 2812 [lominum
714 2764 808 2802 omnes
840 2745 924 2801 tolera
950 2746 976 2800 in
1007 2743 1132 2809 caritate,
1164 2742 1234 2797 sicut
1255 2748 1282 2797 et

112 2825 184 2882 lacis.
226 2826 355 2883 Precibus
378 2847 441 2885 raca
462 2830 521 2884 sine
544 2831 753 2886 intermissione.
794 2828 904 2884 Postula
927 2826 1091 2883 intellectum
1113 2823 1279 2897 ampliorem,

112 2925 191 2981 quam
223 2907 315 2964 babes.
359 2909 459 2985 Vigila,
487 2912 611 2984 spiritum
641 2914 792 2968 insomnem
821 2910 932 2967 babens.
982 2907 1101 2982 Singulis
1130 2907 1280 2963 secundum

110 2991 272 3047 adiutorium
294 2991 340 3047 Oei
371 2993 492 3067 loquere.
538 2995 661 3051 Omnium
695 2994 863 3050 inlumitates
885 2993 992 3067 perfer,
1013 2997 1044 3048 ut
1065 2988 1164 3046 athleta
1193 2989 1280 3062 perfe·

112 3080 179 3128 ctus.
223 3071 272 3128 Ubi
293 3073 356 3148 plus
378 3075 496 3145 laboris,
515 3077 551 3132 ibi
574 3077 634 3150 plus
656 3077 840 3134 emolumenti.

162 3230 191 3296 O)
209 3232 316 3282 imitatur
333 3235 357 3282 S.
376 3234 482 3294 Paulum,
501 3233 540 3298 qui
560 3250 618 3283 roce
636 3231 679 3286 fv·
712 3235 820 3285 studiose
835 3233 961 3283 forandam
972 3248 1000 3281 ac
1012 3245 1098 3295 preces
1117 3228 1213 3279 assidue
1224 3229 1278 3280 fun·

109 3291 169 3349 daim
186 3306 210 3348 et
227 3295 362 3369 ἔνδύομαι
381 3301 427 3349 lmc
445 3316 515 3350 sensu
539 3316 612 3365 saepe
631 3302 679 3351 uti·
714 3303 804 3351 dendas
823 3303 932 3350 hortatus
950 3308 993 3349 cst.
1023 3298 1193 3348 Ouesterdierk.

110 3372 155 3425 mr,
173 3381 193 3415 e.
212 3382 233 3429 g.
251 3368 312 3430 pr.
330 3370 354 3426 6,
375 3368 412 3417 ll.
431 3367 483 3417 Col.
504 3369 580 3427 3,12.
601 3369 678 3418 Perre.
767 3369 806 3430 ll)
825 3368 1082 3431 lpudbamascenum,
1101 3365 1141 3429 gari
1158 3365 1222 3414 hune
1240 3363 1278 3414 lo·

162 3464 203 3530 10)
228 3466 296 3517 cong
321 3467 445 3535 πληροῦν
480 3467 530 3519 τὸν
558 3463 677 3537 δρόμον,
713 3451 765 3485 curn
794 3434 864 3495 citat,
895 3435 982 3495 legitur
1009 3433 1161 3501 ἀκοίμητον
1188 3424 1204 3481 ὅ
1227 3448 1278 3500 μοι,

110 3534 159 3582 ΑΕ).
180 3533 270 3592 l³‚²5,
289 3535 412 3585 τελειοῦν
430 3536 480 3586 τὸν
493 3530 609 3603 δρόμον,
628 3538 677 3584 lel.
713 3503 776 3619 {lllffll
800 3503 862 3581 lllffll}
887 3509 936 3615 lllllpi
971 3498 1083 3615 llllellllssll
1110 3500 1172 3613 Oflllm
1214 3515 1279 3614 μΙμα

110 3600 215 3658 21),24.
243 3601 335 3651 llTim.
362 3603 392 3663 1,
412 3604 434 3651 l.
459 3603 569 3652 Pearsoa.
610 3603 636 3651 ln
659 3601 676 3650 C
731 3587 761 3632 'l‘
787 3578 885 3635 'Wlff-
933 3583 993 3617 ³⁰⁷⁵·
1039 3574 1203 3646 1119110111.οἣ
1245 3572 1278 3615 nl·

712 3645 769 3697 ret,
788 3638 841 3699 Syr.
864 3644 887 3684 et
903 3638 965 3684 Arm.
984 3642 1079 3683 tuentur
1097 3647 1218 3701 πνευμα.
1252 3632 1278 3682 ln

111 3669 280 3734 ”mmuh
712 3704 756 3765 Ep.
774 3702 901 3751 Clementis
920 3703 986 3750 llorn.
1013 3701 1043 3748 ad
1060 3700 1180 3749 lacobum.
1199 3716 1219 3748 c.
1239 3700 1278 3749 12.

161 3767 205 3829 11)
224 3768 241 3817 Ι.
266 3783 286 3818 c.
314 3770 422 3828 vindico,
448 3777 518 3819 tuere.
553 3768 676 3819 Graziani:
712 3770 747 3821 Οἱ
765 3769 818 3838 μὲν
839 3759 889 3820 οὖν
913 3770 961 3831 τῆς
985 3764 1130 3830 ἐκκλησίας
1153 3761 1280 3817 διάκονοι

110 3833 232 3885 Custodici
257 3834 429 3895 (Gallicanon
455 3836 572 3899 Sostieni)
597 3836 612 3884 il
636 3844 676 3886 tuo
711 3838 760 3887 τοῦ
785 3831 944 3886 ἐπισκόπου
966 3836 1089 3891 συνετῶς
1110 3827 1278 3901 ῥεμβόμεκοι

110 3908 190 3963 posto.
228 3901 399 3951 Petermannus
429 3902 534 3968 quaerit,
573 3904 625 3967 Syr.
654 3912 678 3953 et
710 3901 839 3954 ἔστωσαν
856 3902 882 3952 ol
898 3901 1053 3970 ὀφθαλμοί.

109 3964 676 4038 Arm.mlegerintrdnpdnovpadvrdrrov.
763 3970 803 4032 15)
821 3964 978 4037 dproajderav
1002 3967 1129 4030 lnterpol.,
1159 3971 1203 4012 ret.
1233 3963 1277 4012 lnt.

710 4038 792 4086 Laertio
812 4045 925 4101 corrupta
943 4050 970 4084 ex
987 4030 1134 4099 βοήθειαν,
1152 4029 1218 4094 quod
1236 4044 1275 4079 ea·

710 4105 792 4153 bibent
814 4104 872 4153 CL.
906 4102 973 4166 Apud
998 4104 1050 4164 Syr.
1073 4107 1097 4148 et
1118 4099 1180 4147 Arm
1205 4093 1277 4146 κατὰ
1352 4119 1354 4127 ·

162 4167 204 4231 13)
223 4169 260 4220 Nil
285 4170 357 4219 babet
384 4170 423 4219 bic
446 4171 513 4220 locus
537 4170 676 4219 rusticitatis
711 4172 820 4239 θέλημα
835 4187 877 4220 scu
894 4167 994 4234 βουλὴν
1013 4167 1091 4218 Θεοῦ.

108 4250 150 4285 seu
167 4237 326 4298 arrogantiae,
345 4245 371 4287 ut
383 4237 495 4287 Pellaeus
508 4237 675 4287 contendebat.
763 4238 804 4300 lo')
823 4238 920 4288 aleina
931 4236 948 4283 C
961 4235 988 4284 L.
1024 4235 1098 4294 Syrus
1113 4245 1151 4294 ap.
1162 4229 1275 4310 Curetop.

109 4302 224 4353 Fraterno
252 4310 344 4353 tantum
373 4319 453 4354 amore
480 4305 565 4354 dactus
593 4304 676 4352 beatus
711 4319 763 4353 curn
781 4305 906 4354 Antiochia
925 4299 997 4350 ὅπου
1010 4295 1088 4367 [γὰρ]
1108 4298 1213 4349 nietam
1228 4312 1278 4349 κο·

106 4369 212 4432 lgnatiua
230 4369 390 4435 Polycarpum
413 4387 482 4421 saum
500 4371 530 4422 ad
550 4369 676 4421 ecelesiam
711 4386 772 4433 nor,
790 4369 862 4421 πολὺ
881 4368 951 4434 [καὶ]
973 4360 1080 4432 κέρδος.

162 4067 204 4134 12)
222 4065 417 4127 ἀδιαλείπτοις
436 4085 481 4119 om.
501 4070 554 4133 Syr.
572 4077 596 4118 ct
614 4072 675 4119 Arm.
