2886 4882
270 239 406 298 titanae
427 239 567 297 PASTOR.
610 239 707 296 LIBER
728 236 771 296 tlt.
818 237 953 296 Sttttttt.
974 240 1028 299 Vll·
1050 235 1094 313 (B)
1204 237 1264 301 509

93 407 161 474 veni,
184 406 301 473 domine,
324 423 436 479 rogare,
459 414 489 461 ut
514 414 650 478 pastorem
673 404 858 478 praepositum
879 421 984 477 poenae
1004 405 1098 462 iubeas
1126 406 1262 463 dedomo

94 506 153 545 mea
174 489 255 552 exire,
279 490 342 562 quia
365 488 540 544 veliementer
562 505 603 543 me
627 486 731 560 aflligit.
774 486 806 542 Et
827 486 893 543 dixit
913 488 994 542 milri:
1023 503 1135 544 necesse
1156 497 1212 559 est,
1234 495 1264 545 ut

94 573 203 645 patiaris
227 572 398 628 incommoda
418 578 445 627 et
467 571 637 637 vexationes3
660 571 712 625 boc
735 571 807 626 enim
829 571 969 642 praecepit
990 570 1024 626 de
1046 577 1073 626 te
1094 571 1203 627 nuntius
1218 570 1263 628 illa

93 656 235 718 honestus,
259 655 321 727 quia
344 662 474 726 temptare
497 652 606 709 texult.
648 652 680 707 Et
702 669 752 726 ego
775 651 843 708 dixi:
864 645 948 725 quod¹
971 653 1050 720 enim,
1073 652 1188 720 domine,
1210 662 1263 710 ιιιιι

95 738 196 809 grande
220 737 345 793 delictam]
368 736 473 805 admisi,
495 744 524 791 ut
547 735 610 790 lruie
633 735 728 791 nuntio
752 734 892 791 traderent
912 735 945 790 Et
966 735 1002 790 ait
1024 735 1103 791 milri:
1125 734 1265 808 complure

95 819 205 892 quidem
224 827 336 892 peecata
359 818 457 886 babes,
488 817 615 874 sednon
645 825 733 874 tamen
762 815 859 885 multa,
889 825 920 873 ut
946 819 1009 873 buic
1038 817 1134 874 nuntio
1163 815 1263 874 debeas

95 902 172 957 tradi.
215 900 270 957 Sed
294 901 388 957 domus
407 909 451 955 tua
475 901 585 973 copioso
600 900 697 956 delicta
720 907 748 955 et
769 899 873 957 scelera
896 900 1047 966 commisit3
1069 899 1173 955 idcirco
1196 916 1263 956 nun·

94 984 149 1039 tius
171 983 218 1039 ille
240 983 373 1040 honestus
397 981 574 1039 exacerbatus
596 991 645 1052 ost,
669 991 696 1038 et
716 981 796 1038 iussit
820 989 845 1037 te
866 981 976 1054 aliquod
1000 981 1130 1056 temporis
1147 982 1262 1038 vexatio·

96 1083 157 1123 nem
179 1067 312 1138 experiri,
340 1073 369 1121 ut
396 1075 424 1121 et
444 1065 481 1121 illi
511 1065 690 1121 admissorum
720 1072 800 1137 agant
820 1064 1027 1138 poenitentiam,
1058 1073 1084 1120 et
1106 1062 1215 1120 abluant
1234 1079 1264 1120 se

97 1148 130 1204 ab
154 1151 227 1203 omni
249 1148 396 1221 cupiditate
419 1148 504 1204 seculi
526 1148 615 1203 liuius.
660 1146 726 1203 Cum
749 1148 831 1220 igitur
852 1147 958 1219 egerint
978 1148 1188 1221 poenitentiam,
1217 1164 1265 1220 pu·

97 1230 249 1303 rilicatique
267 1230 374 1297 luerint,
397 1220 534 1286 discedet²
556 1247 571 1285 a
594 1239 620 1286 te
641 1230 752 1285 nuxrtius
773 1246 888 1303 poenae.
932 1229 963 1285 Et
984 1247 1035 1303 eqo
1058 1230 1124 1286 dixi:
1148 1230 1266 1299 domine,

97 1315 120 1368 si
142 1313 182 1369 illi
204 1320 355 1386 gesserunt,
380 1319 407 1367 ut
429 1312 626 1369 exacerbarent
639 1313 761 1368 nuntium
778 1312 852 1369 illum
868 1312 1021 1381 honestum,
1044 1312 1110 1387 quid
1125 1329 1177 1386 ego
1193 1311 1265 1369 lecil

96 1397 139 1451 llit
159 1396 241 1452 mibi:
270 1395 349 1451 aliter
370 1394 406 1450 illi
428 1412 484 1451 aon
505 1404 622 1469 possunt
643 1395 744 1452 sentire
764 1395 945 1463 vexationem,
975 1395 1029 1451 nisi
1051 1402 1095 1463 tu,
1117 1395 1163 1467 qui
1186 1400 1267 1468 caput

96 1495 126 1534 es
149 1479 230 1535 totius
253 1478 358 1546 domus,
380 1476 504 1546 labores3
533 1478 664 1551 quicquid
692 1477 762 1535 enim
791 1485 939 1550 topasius
967 1477 1067 1545 lucris,
1098 1484 1124 1533 et
1146 1476 1182 1532 illi
1205 1492 1265 1534 sen·

97 1562 162 1617 tiant
190 1577 305 1617 necesse
336 1568 386 1616 est.
437 1559 540 1616 Etenim
569 1551 701 1633 quandiul
728 1569 756 1617 tu
785 1560 926 1617 commode
949 1559 1096 1628 habueris,
1126 1559 1200 1615 nulla
1228 1558 1279 1625 itti,

96 1646 236 1700 vexatione
251 1645 397 1716 patientur.
440 1642 494 1699 Sed
517 1643 579 1710 iam,
603 1643 719 1718 inquam,
742 1643 858 1710 domine,
881 1649 996 1716 egerunt
1018 1642 1211 1716 poenitentiam
1233 1656 1267 1699 ex

97 1728 160 1782 totis
182 1725 352 1799 praecordiis
374 1725 440 1781 suis.
484 1724 516 1780 Et
538 1725 574 1782 ait
595 1726 674 1782 mibi:
697 1727 755 1782 scio
778 1726 897 1799 quidem,
920 1726 1048 1799 quoniam
1071 1726 1266 1798 poenitentiam

97 1817 211 1881 egerunt
239 1825 271 1863 ex
292 1807 356 1863 totis
378 1807 548 1881 praecordiis
570 1810 636 1877 auia,
658 1809 707 1866 sed
730 1826 794 1876 non,
817 1817 847 1865 ut
862 1816 890 1865 tu
907 1816 995 1882 putas,
1011 1810 1135 1881 protinus
1152 1798 1265 1864 debera¹

97 1890 194 1946 delicta
216 1906 319 1959 eorum,
341 1890 387 1963 qui
410 1898 492 1964 agunt
512 1891 722 1964 poenitentiam,
744 1890 857 1948 aboleri.
899 1891 1012 1965 Oportet
1033 1891 1104 1948 enim
1126 1906 1196 1954 eum,
1219 1890 1267 1963 qui

98 1974 153 2047 agit
171 1973 378 2046 poenitentiam,
401 1974 525 2031 cruciare
553 1974 667 2032 animam
695 1992 788 2042 suana,
811 1983 839 2031 et
861 1974 888 2030 in
911 1975 985 2030 omni
1006 1975 1116 2048 negotio
1139 1972 1268 2030 humilem

98 2072 127 2111 se
150 2073 255 2129 gerere,
285 2064 313 2112 et
333 2058 487 2113 vexationes
509 2057 605 2113 multas
626 2057 768 2130 variasque
791 2058 923 2130 perterre.
967 2055 1090 2131 Cumque
1119 2072 1269 2131 perpessae

97 2137 178 2195 luerit
199 2138 297 2207 omnia,
320 2139 438 2195 tormsse
462 2140 509 2212 qui
530 2140 631 2196 creavit
653 2139 861 2197 eteonlirmavit
875 2141 973 2208 omniu,
996 2139 1149 2196 movebitur
1167 2139 1269 2197 ineam

98 2220 240 2277 clementia
262 2238 326 2285 sua,
349 2228 376 2277 et
400 2221 512 2293 aliquod
540 2221 633 2277 salutis
655 2222 806 2277 remedium
837 2220 912 2276 dabit
940 2223 982 2285 ci,
1004 2221 1028 2276 ei
1056 2228 1145 2276 tamen
1173 2221 1271 2277 viderit

98 2304 164 2371 eiua,
188 2304 233 2374 qui
255 2301 447 2375 poenitentiam
469 2303 531 2373 agit,
551 2302 713 2375 praecordia
735 2319 797 2358 esse
819 2318 888 2374 pura
898 2300 931 2357 ab
944 2302 1017 2358 omni
1029 2318 1113 2374 opere
1125 2303 1269 2374 nequitiae.

98 2385 157 2439 Tibi
179 2392 267 2439 autem
289 2384 435 2454 domuique
458 2390 519 2438 tuae
543 2400 615 2439 nune
636 2385 724 2440 vexari
757 2383 874 2456 expedit
918 2382 986 2450 Quid
1008 2382 1092 2438 multe
1115 2383 1164 2439 tibi
1186 2383 1268 2438 dicul

101 2467 271 2524 l'exutionem
294 2473 323 2520 ut
344 2465 454 2538 patieris
486 2481 600 2522 necesse
623 2473 675 2533 est,
697 2466 768 2522 siunt
789 2466 929 2538 praecepit
951 2465 1062 2521 nuntius
1084 2464 1198 2533 llomini,
1221 2464 1269 2536 qui

99 2558 123 2604 te
147 2548 211 2604 mibi
235 2547 351 2603 tradidit.
399 2548 432 2603 Et
453 2547 506 2602 boc
538 2548 636 2620 gratias
659 2563 708 2621 age
730 2547 858 2615 llomino,
881 2546 956 2620 quod
985 2554 1011 2602 te
1031 2547 1146 2618 dignum
1168 2545 1269 2615 babuit,

100 2632 143 2687 aui
166 2631 219 2685 hoc
244 2630 315 2685 istud
337 2631 518 2704 praediceret,
541 2636 570 2685 ut
591 2629 704 2686 validius
718 2631 745 2687 id
768 2630 918 2687 sustineres
930 2628 1071 2702 praescius
1083 2628 1175 2685 laturi.
1203 2627 1270 2685 llico

99 2715 141 2768 ei:
164 2713 280 2780 domine,
302 2721 331 2768 tu
353 2731 459 2770 mecum
481 2720 556 2786 esto,
580 2720 607 2768 et
628 2712 705 2769 facile
728 2729 835 2769 omnem
857 2713 1025 2769 vexationem
1047 2710 1197 2768 sustinebo.
1238 2710 1272 2769 Et

100 2795 165 2851 dixit
183 2796 263 2851 milri:
286 2804 313 2851 ot
334 2813 385 2869 ego
405 2813 454 2853 ero
477 2803 576 2862 tecum,
598 2802 625 2851 et
649 2794 722 2852 illum
745 2796 868 2852 nuntium
892 2795 1078 2869 praepositum
1100 2810 1205 2868 poenae
1227 2810 1270 2852 ro-

99 2878 177 2950 gabo,
200 2888 230 2934 ut
252 2888 277 2934 te
299 2878 384 2936 levius
412 2879 531 2951 adlligat.
572 2877 674 2951 Exiguo
692 2886 780 2935 tamen
803 2888 925 2952 tempore
956 2878 1068 2952 patieris
1090 2876 1219 2946 adversa,
1243 2884 1272 2935 at

99 2961 138 3015 aio
160 2962 187 3016 in
210 2961 298 3017 locum
321 2970 395 3018 tuum
418 2962 578 3018 restitueris.
621 2959 779 3018 Submissus
809 2970 912 3017 tantum
934 2975 1080 3034 persevera
1111 2959 1137 3015 in
1165 2960 1271 3017 lrumili·

100 3049 151 3098 tate
174 3043 263 3112 animi,
285 3051 312 3099 et
332 3053 393 3118 pete
416 3039 459 3113 [a]
483 3043 595 3100 Domino
617 3052 707 3101 mente
730 3062 797 3118 pura
820 3045 976 3116 domusque
995 3051 1039 3100 tua
1060 3050 1088 3099 et
1105 3043 1159 3098 nati
1172 3042 1221 3110 tui,
1243 3049 1272 3100 et

101 3263 187 3312 deindo
204 3280 271 3327 apere
285 3280 308 3328 p.
317 3272 447 3330 praestare,
466 3267 488 3316 in
504 3269 580 3318 altero
594 3285 667 3319 mcm·
703 3269 751 3332 psit
768 3269 791 3317 in
812 3269 875 3328 vat,
905 3268 945 3317 nbi
971 3284 1025 3318 mox
1046 3272 1145 3333 patieris
1164 3271 1271 3319 aduersa.

102 3332 145 3379 bra
158 3345 260 3393 pergens
269 3332 366 3397 Canaque
373 3350 498 3397 perpera-oe
507 3340 578 3396 suerit
589 3339 668 3384 omnia
704 3337 805 3399 itemque
835 3337 888 3386 uolo
922 3351 974 3385 eum
1000 3339 1133 3388 restitueris
1168 3344 1271 3387 tantant-

100 3414 143 3461 qoe
170 3400 323 3448 instituerint.
366 3400 391 3448 tt
414 3407 467 3448 tutte
495 3404 599 3462 saraitan
629 3406 668 3465 qui
702 3404 771 3451 modo
793 3418 844 3451 cum
871 3403 1009 3452 bumilitate.
1051 3406 1084 3453 lo.
1111 3404 1217 3453 llorinua
1246 3403 1272 3452 ia

99 3469 184 3514 creavit
203 3473 224 3514 ct
244 3469 504 3526 confirmaeituniocrea
520 3470 668 3518 commovebit
703 3469 880 3518 Commentario
906 3469 1022 3517 historico
1046 3470 1075 3518 de
1101 3469 1228 3531 discipline
1246 3467 1271 3517 itt

101 3549 152 3581 enm
169 3534 291 3582 clementia
315 3550 359 3582 arta
385 3540 405 3582 ot
431 3535 525 3597 aliquod
543 3537 669 3584 remedium
703 3536 907 3584 administratione
932 3534 1093 3596 poenitentiae
1112 3535 1162 3584 lllll
1187 3533 1271 3600 primis

101 3601 165 3647 dabit
185 3607 253 3662 atque
270 3603 314 3649 ita.
340 3600 600 3650 llcllermaedoctrina
615 3603 668 3650 llel.
702 3602 790 3651 seculis
808 3605 832 3650 in
850 3601 952 3650 ecclesia
978 3600 1118 3661 observata,
1141 3601 1271 3665 poenitan-

101 3666 174 3713 relort
191 3666 577 3729 adSemleruminllaumgarten‚
593 3668 667 3718 tbcol.
705 3670 760 3718 tiam
789 3669 851 3717 inter
883 3667 1019 3730 primaevos
1046 3666 1194 3718 Christianos
1222 3682 1270 3718 noa

103 3731 182 3779 Streit.
203 3731 217 3778 l.
239 3748 258 3780 c.
277 3746 301 3794 p.
315 3732 353 3782 tt.
372 3741 421 3782 not.
441 3737 471 3785 lb'
484 3743 507 3784 at
522 3735 560 3786 19.
705 3737 840 3785 diuturnam
858 3733 932 3782 luisse
951 3732 1007 3782 hinc
1025 3743 1209 3795 argumentatur.

756 3800 797 3862 18)
817 3800 888 3849 Voce.
907 3814 934 3848 ac
952 3803 1004 3850 nati
1024 3801 1119 3851 omissio
1131 3802 1209 3865 pergit
1221 3800 1270 3849 Vnt

704 3875 725 3917 et
752 3867 913 3915 inemendatis
937 3869 995 3917 meio
1021 3871 1115 3919 ambula
1139 3883 1183 3931 que
1199 3881 1270 3930 prae-

703 3935 754 3996 cepi
771 3934 821 3982 tili.

155 3830 195 3893 15)
215 3831 263 3880 Tibi
288 3838 365 3881 autem
389 3840 411 3882 et
440 3835 518 3883 domui
546 3840 584 3885 tue
609 3851 669 3886 nunc

100 3901 183 3948 ateoart
200 3901 285 3962 capitit
302 3898 359 3963 (sic)
371 3903 433 3963 quod
451 3903 547 3951 mallant
563 3905 670 3952 necatio·

101 3969 264 4030 nempotioria.
282 3966 380 4016 Necesse
389 3970 611 4034 eateicatproeeepit
621 3969 669 4018 liat.

155 4067 195 4132 lb)
212 4068 238 4116 ln
257 4068 306 4117 vat.
327 4066 385 4117 baec
414 4068 528 4131 legimus:
553 4071 610 4133 quin
626 4083 669 4131 po-
753 4065 811 4115 Sim.
831 4065 878 4115 ιιι.
914 4065 941 4132 1)
958 4070 1015 4133 quid
1041 4067 1091 4117 Pal.

102 4136 151 4182 tiae
169 4137 222 4197 apic
240 4138 331 4197 pratiae
343 4136 384 4185 deo
401 4138 464 4200 quod
481 4139 576 4197 dipnum
594 4135 669 4183 teba·
754 4165 780 4229 ²)
799 4167 897 4215 dmum
916 4167 956 4218 Pup

106 4202 154 4248 buit
172 4204 210 4249 cui
226 4204 362 4265 praedicent
383 4204 549 4251 incommodant
567 4201 611 4248 tibi
630 4201 668 4248 in·
959 4205 965 4216 '

102 4272 163 4314 ctare
187 4268 316 4319 nolentibus
346 4269 372 4316 td
405 4269 521 4318 sustinere
544 4267 668 4329 praescius
753 4265 780 4328 3)
798 4265 831 4314 lta
851 4267 974 4315 emendati
999 4272 1087 4315 textum
1105 4262 1201 4315 Codicis
1219 4263 1270 4319 Pet

100 4334 184 4394 saturi.
704 4335 779 4384 atilli
798 4335 904 4381 sentient.
926 4331 1024 4382 Necesse
1042 4338 1077 4382 eat
1095 4335 1154 4384 enim
1173 4332 1272 4399 t'atttdt'n.¹

155 4400 196 4466 ll)
215 4415 273 4465 pene
293 4400 444 4453 amanuensis
462 4397 562 4464 margini
577 4399 670 4452 adoeri-
754 4399 782 4463 t)
800 4397 943 4461 Seripeerim
961 4398 1050 4451 delent.
