2886 4882
463 236 507 305 ιιι
527 238 664 308 nemum
686 250 739 313 ou.
761 250 846 310 mm.
868 252 988 313 roure.
1236 238 1317 323 rui

207 406 289 469 llaec
311 408 408 487 igitur
430 417 529 470 contra
548 410 781 495 probabilitatem
803 418 1062 495 argumentationis
1083 420 1113 483 in
1134 422 1178 485 cd.
1188 434 1236 503 pr.
1253 424 1316 499 col-

143 492 190 567 luis
217 492 301 551 inter
331 512 367 553 se
395 490 507 553 Latinis
534 498 564 555 et
589 492 707 557 Graecis
731 496 900 591 proposime
928 501 1003 563 elicta
1032 510 1127 567 sum..
1149 505 1258 569 Taruen
1279 529 1317 573 uc

142 575 230 655 iduaris
251 574 501 641 aestimantibus
527 576 603 639 insto
625 576 689 657 plns
711 579 817 641 dixisse
833 581 986 657 uideamur,
1001 585 1093 663 pudeo
1107 586 1215 651 scimus
1228 610 1316 669 prosse

141 658 209 719 uam
233 656 329 719 talem
355 658 624 739 interpretationem
637 660 771 724 Latinam
793 664 923 743 rogitari,
942 686 1014 747 «princ
1028 686 1140 729 summa
1153 670 1211 733 side
1224 672 1315 737 Grae·-

141 756 189 801 run
210 740 323 803 reddat
348 742 551 823 archetypum,
579 744 654 804 unde
676 745 701 805 si
726 745 790 825 (pris
812 744 919 809 Graeca
941 748 1092 829 interpreti
1111 739 1313 837 potiusquam

140 822 391 967 rpdorrffleberi
425 824 589 899 concludat,
629 844 719 907 nugas
754 829 808 908 agi.
863 832 968 893 Nostra
1004 852 1071 893 rero
1101 852 1202 907 caussa
1229 837 1315 917 louge

138 914 207 967 atet·
313 916 337 967 l..

205 990 317 1069 Neque.
345 1004 415 1051 tero
443 990 534 1071 nangis
563 992 803 1075 acquiescendum
832 996 863 1079 ip
891 1018 926 1059 eo
955 998 1107 1072 existimo,
1135 1002 1211 1079 ‹ptrud
1239 1001 1316 1065 inter

136 1078 261 1153 excerpta
285 1082 389 1147 vetera
411 1081 440 1135 et
456 1072 597 1135 Graccum
619 1082 727 1138 testum
749 1088 882 1141 nostrum
903 1080 1025 1159 insignis
1046 1081 1160 1143 inventa
1183 1092 1229 1145 est
1242 1104 1314 1153 colar

136 1156 234 1235 sensio,
287 1154 380 1237 Quid,
400 1158 491 1247 eriirn,
515 1175 641 1237 ¹quaeso,
670 1158 766 1222 obstat
787 1164 942 1243 ‹prorniuns
963 1163 1152 1241 interpretem
1174 1168 1315 1233 Grannum

135 1238 212 1299 aredii
244 1238 314 1299 acri
348 1249 482 1318 emerpta
511 1246 604 1301 vetera
632 1242 705 1303 bene
734 1263 823 1305 riosse
852 1246 1028 1325 collectaque
1049 1246 1184 1309 babuisse
1204 1258 1314 1313 statua·

135 1320 217 1383 uns?
262 1322 299 1381 Si
330 1320 378 1381 cui
398 1342 415 1382 e
436 1322 530 1383 doctis
553 1318 667 1384 illorum
690 1334 854 1405 temporum
876 1326 1043 1390 liondnibns
1064 1328 1094 1391 in
1115 1338 1243 1393 ruentem
1264 1352 1314 1395 re·

134 1404 200 1466 uerit
218 1394 336 1479 librum
358 1404 482 1466 llermae
500 1424 534 1465 eu
556 1424 667 1467 sumum
688 1409 857 1491 antiquitate
878 1410 1041 1473 Glrristiana
1062 1412 1169 1475 clarum
1181 1414 1217 1475 ad
1231 1420 1314 1477 coiu-

133 1486 317 1567 pensandum
347 1488 528 1567 deperditum
557 1488 742 1585 archetypum
770 1492 878 1553 Graece
905 1494 1042 1555 reddere:
1070 1496 1139 1575 quid
1159 1496 1267 1560 mirum
1288 1499 1313 1563 si

131 1590 191 1631 uun
217 1578 294 1633 ante
323 1568 564 1633 circumstetisse
589 1571 769 1651 ¹imemamus
796 1576 897 1637 Graec-i
922 1574 989 1637 libri
1010 1576 1193 1657 fragmenta?
1234 1580 1315 1643 llairc

131 1652 156 1714 iu
180 1672 249 1715 rem
286 1672 363 1733 eptae
389 1672 406 1713 a
434 1671 468 1714 c.
495 1654 609 1735 elegero
631 1656 661 1733 (l.
683 1656 700 1716 l.
722 1676 783 1737 pag.
804 1656 864 1735 xl.)
890 1658 998 1737 scripta
1018 1658 1117 1721 rideo:
1139 1660 1244 1735 ¹„illico
1265 1680 1314 1739 res

130 1756 162 1799 co
192 1737 373 1813 conficitur,
400 1736 492 1833 garod,
524 1754 611 1816 qutun
640 1738 686 1799 illa
713 1738 822 1820 scripta
851 1740 909 1803 sirit
937 1741 985 1801 diu
1012 1750 1164 1823 anteepmm
1192 1764 1311 1825 graecae

131 1822 214 1883 buius
241 1819 316 1881 libri
345 1818 500 1900 partrurlae
527 1828 710 1883 curetarum
740 1822 876 1903 operibus
895 1822 989 1903 colligi
1012 1834 1132 1905 coeptae
1153 1836 1236 1905 sunt,
1267 1838 1311 1891 ta-

130 1924 195 1969 men
224 1921 300 1965 cum
329 1904 377 1963 his
405 1902 547 1981 excerptis
574 1902 687 1983 egregie
716 1906 931 1979 corrsentiruit“,
961 1908 1028 1987 qiud
1058 1908 1114 1969 sibi
1145 1910 1230 1972 relirat
1252 1930 1313 1975 nun

129 1988 199 2049 satis
227 2004 386 2066 assequor.
428 1985 503 2059 Quid
525 1985 603 2047 enim
625 1986 740 2048 tandem
759 1988 795 2048 ad
817 1988 948 2051 codicem
969 1990 1061 2070 quarti
1084 1992 1187 2054 dccind
1210 1994 1262 2069 rel,
1281 2001 1314 2055 ut

130 2070 158 2129 in
180 2070 226 2133 ed
251 2088 298 2151 pr.
320 2068 471 2141 statuitur,
492 2068 584 2147 quinti
606 2068 711 2130 decimi
732 2071 835 2133 saeculi
857 2106 898 2117 —
922 2079 953 2133 ut
974 2072 1189 2153 acepriescamus
1209 2076 1240 2137 in
1260 2096 1312 2139 cu·

129 2152 203 2214 diris
233 2150 423 2231 antiquitate,
452 2150 538 2231 quam
564 2152 627 2233 ipsc
655 2150 799 2233 interpres
827 2155 912 2235 longe
934 2163 1051 2235 superet
1069 2176 1188 2219 raecesse
1205 2168 1251 2223 est
1272 2192 1313 2229 -,-

130 2236 317 2297 recentiores
350 2234 553 2315 particularum
586 2236 709 2297 llermae
741 2237 913 2301 Graecarum
949 2238 1134 2301 collectiones
1160 2241 1313 2321 pertinent,

132 2317 373 2399 cpuaradoqnidem
401 2314 547 2399 quaeritur
574 2337 610 2379 an
639 2318 704 2399 quis
732 2318 829 2380 nrodio
850 2340 920 2381 aero
942 2320 1085 2382 eiusmodi
1106 2322 1262 2401 particulas
1283 2322 1313 2383 in

132 2412 268 2463 onerum
299 2399 436 2481 operibns
460 2408 587 2465 semotas
614 2401 650 2462 ad
678 2400 780 2462 Latina
809 2403 918 2461 Graece
945 2401 1079 2462 vertenda
1100 2402 1237 2463 aellidrere
1259 2424 1313 2483 po-

134 2482 254 2545 tnerit?
296 2482 360 2557 Qua
387 2491 480 2545 aetate
509 2482 581 2545 nibil
610 2483 788 2563 frequentius
815 2482 905 2543 brisso
935 2482 1043 2544 scimus
1072 2500 1157 2559 qrram
1187 2490 1314 2545 veterum

136 2564 394 2645 interpretationes
415 2564 550 2644 colligere
570 2564 693 2645 indeque
715 2572 830 2625 catenas
851 2563 981 2643 aliosque
1002 2562 1113 2625 similes
1132 2560 1223 2624 libros
1242 2583 1315 2625 corr-

137 2650 241 2716 titere,
267 2648 369 2711 eadem
388 2648 510 2727 aliquem
532 2666 653 2727 enmepae
674 2646 797 2709 Hermae
819 2646 1027 2727 interpretandi
1049 2644 1213 2707 studiosum
1233 2644 1314 2723 latin,-

138 2732 178 2793 ris
207 2730 254 2795 sui
283 2730 411 2793 strbsidia
430 2726 450 2791 i.
472 2752 497 2792 e.
518 2732 625 2792 Graeca
649 2730 777 2793 eiusdem
800 2730 923 2793 llerma'e
945 2732 1104 2809 fragmenta
1123 2748 1158 2792 er
1178 2726 1313 2813 antiquir-

139 2810 309 2876 mm‘libris
330 2812 590 2895 cullepp'sse,que1n
613 2812 728 2875 tandem
752 2814 857 2875 nrirmn
879 2810 989 2875 babet?

222 2898 280 2959 Sed
307 2896 403 2977 pratillo
431 2896 590 2958 accuratius
619 2895 772 2957 dicendum
800 2905 846 2957 est
875 2916 946 2976 «perae
968 2914 1069 2960 revera
1088 2895 1243 2960 consensio
1267 2900 1312 2961 iu-

140 2982 269 3043 veniatur
287 2978 364 3040 inter
384 2988 492 3042 textum
512 2986 646 3041 nostrum
667 2988 697 3039 et
718 2979 825 3041 Graeca
847 2988 972 3041 veterum
995 2989 1134 3060 excerpta.
1160 2980 1214 3042 Est
1235 2983 1313 3044 enim

142 3060 283 3124 eiusmodi
305 3072 337 3123 ut
357 3062 468 3141 passim
486 3062 571 3123 rerba
594 3062 654 3141 ipsa
678 3061 801 3141 singula,
822 3082 876 3123 ner.
896 3062 1023 3141 inceptis
1043 3062 1207 3141 particulis,
1229 3083 1313 3143 egre-

143 3148 186 3223 gie
207 3145 391 3219 conveniant,
419 3145 528 3227 passim
549 3163 617 3204 vero
639 3152 684 3205 sat
703 3144 789 3205 imdta
810 3146 951 3205 eliderent
993 3148 1054 3219 Qua
1075 3146 1111 3205 dc
1133 3164 1164 3205 re
1185 3144 1224 3207 ita
1245 3164 1313 3207 sen-

144 3228 270 3290 tiendrmr
303 3226 541 3301 nobissimum,
574 3226 776 3306 interpretem,
810 3246 864 3307 epra
894 3226 1025 3287 laudabili
1055 3235 1133 3288 osset
1160 3228 1314 3307 diligentia,

145 3314 257 3391 ttraeea,
277 3311 364 3373 variis
393 3310 466 3373 locis
492 3316 624 3388 excerpta
657 3328 715 3371 nam
741 3310 840 3389 utique
870 3310 1070 3389 anteposuisse
1100 3310 1201 3371 Latino
1223 3310 1313 3373 textui

144 3416 159 3453 a
179 3416 211 3455 se
229 3394 382 3469 vertendo,
409 3392 466 3455 nisi
489 3394 563 3453 barte
592 3391 637 3451 illa
659 3410 779 3469 prorsus
801 3391 836 3452 ad
859 3392 934 3452 lrurro
956 3391 1136 3471 epradrareut.
1178 3392 1313 3454 Ceterum

145 3484 173 3537 ul
193 3477 233 3537 'in
261 3476 325 3537 aliis
354 3476 454 3537 multis
481 3476 520 3535 ita
542 3474 577 3535 ab
599 3474 652 3533 bac
672 3484 754 3551 parte
775 3474 809 3535 cl.
830 3474 935 3553 brigeri
957 3472 1168 3553 argtrrnentatio
1190 3476 1316 3554 graviter

145 3558 308 3620 lalrlactata
334 3568 383 3619 est·
398 3564 568 3639 recuperato
587 3575 657 3617 reru
680 3556 839 3617 Simonidis
857 3554 1041 3635 apographo:
1073 3555 1210 3619 iriruirum
1232 3556 1314 3621 locos

145 3642 297 3721 plerosque
318 3642 428 3703 Graece
448 3641 505 3702 iam
527 3638 602 3720 aliud
622 3646 736 3699 veteres
758 3638 889 3697 imeritus
913 3636 1064 3697 terneraria
1086 3637 1131 3698 illa
1153 3638 1314 3701 Simonidis

145 3726 246 3785 imasit
268 3722 390 3794 licentia,
410 3724 486 3783 rnrde
507 3726 659 3800 tantopere
688 3720 829 3800 procidebat
854 3720 990 3798 primeps
1019 3719 1117 3781 editio
1157 3722 1252 3783 Instar
1281 3740 1315 3780 o·

144 3808 253 3867 mairam
284 3805 323 3867 sit
350 3806 431 3866 locus
460 3804 586 3865 b'isiunis
614 3804 646 3863 ll.
668 3802 724 3863 iam
750 3802 786 3861 ab
806 3802 930 3879 (trigeno
953 3801 982 3860 in
1002 3800 1077 3861 libro
1098 3802 1134 3862 de
1155 3802 1317 3883 Principiis,

145 3888 345 3950 tantrrmmodo
383 3885 550 3967 fragmentis
578 3884 749 3965 sarperstite,
778 3883 947 3962 exscriptus.
994 3882 1035 3943 lbi
1066 3884 1192 3946 Graecus
1222 3891 1316 3946 textus

144 3970 305 4053 lipsirusls
333 3990 368 4031 eu
394 3988 463 4031 reru
490 3968 609 4029 baustns
630 3966 797 4047 aprrrgrapbo
825 3964 867 4025 sic
888 3965 987 4026 lialret:
1016 3960 1151 4044 Γράψεις
1173 3954 1234 4029 οὖν
1253 3956 1316 4027 orto

143 4051 333 4135 drdlrdatpau,
355 4048 408 4114 uad
427 4044 555 4128 πέμψεις
571 4048 609 4113 tv
630 4050 679 4111 na
693 4048 788 4129 'perra
809 4042 862 4110 καὶ
887 4046 922 4111 ’ἐν
950 4048 1088 4129 Γραπτῇ.
1117 4042 1229 4127 πέμψει
1256 4036 1316 4109 οὖν

144 4130 277 4219 Κλήμης
304 4134 348 4207 εἰς
375 4130 431 4207 τὰς
460 4129 518 4207 ἔξω
545 4129 664 4206 πόλεις·
681 4070 789 4215 tuoe
817 4125 878 4211 γὰρ
899 4126 1114 4210 ἐπιγέγραπται
1134 4129 1315 4217 (corruptum

145 4224 257 4283 ridetur
283 4220 338 4281 leri
366 4220 526 4279 litterarum
555 4216 766 4297 pernmrtatione
795 4234 828 4275 ex
850 4208 1088 4311 turrtrpurrrarp·
1131 4206 1262 4313 thornig
1283 4206 1317 4273 di

144 4298 327 4384 νουθετήσει
356 4298 413 4381 (sic.
441 4298 514 4377 bre)
541 4295 597 4371 τὰς
622 4292 722 4401 γήρας
748 4294 800 4358 καὶ
826 4292 901 4395 τρὺς
922 4290 1090 4377 ὀρφαιιους.
1119 4284 1160 4351 σὺ
1176 4288 1223 4393 ,δὲ
1244 4313 1317 4357 ava.

145 4384 270 4469 γνώσεις
298 4382 342 4457 ele
373 4374 473 4465 αὐτὴν
502 4375 561 4464 τὴν
587 4384 682 4445 πολιν
707 4376 782 4462 pecul
813 4402 877 4443 των
904 4369 1120 4461 πρεσβυτέρων
1146 4394 1213 4445 auu
1231 4385 1318 4459 προῐ.

210 4488 306 4539 l’ama
324 4494 410 4537 noar.
1094 4464 1304 4610 ‘¹-
