2886 4882
343 1004 491 1055 INCIPIT
512 1006 700 1055 LIBEbbUS
720 1005 859 1056 saltent
878 1006 1073 1058 PnsrntttS.

419 1166 519 1203 INCIPIT
536 1165 606 1202 visto
625 1165 716 1215 tantun,
731 1166 804 1210 Quint
818 1166 893 1203 Vllll'l'
909 1165 1010 1207 neuun.

206 1276 243 1349 (a)
258 1280 275 1334 l.
317 1281 366 1348 Qui
389 1298 431 1336 me
451 1281 568 1347 nutrivit,
592 1281 711 1336 vendidit
732 1298 774 1337 me
798 1283 823 1337 in
846 1282 913 1338 urba
931 1282 1014 1337 Roma
1037 1272 1154 1337 cuidam¹
1177 1279 1291 1337 lemInae

126 1366 233 1420 nomine
255 1363 351 1419 badae.
394 1364 459 1419 Post
480 1364 592 1419 multum
614 1365 743 1437 temporis
766 1382 824 1420 eam
847 1366 961 1438 cognovi
984 1373 1010 1420 et
1028 1366 1108 1438 coepi
1124 1364 1202 1436 quasi
1216 1379 1293 1419 sora·

127 1465 183 1503 rem
205 1464 304 1502 amare.
348 1447 430 1514 Quam
455 1464 515 1502 enm
537 1456 632 1520 postea
653 1448 679 1502 in
695 1447 812 1516 donnino,
838 1449 882 1520 qui
905 1448 1055 1520 appellatur
1069 1446 1183 1512 Tiberis,
1206 1446 1294 1501 lavan-

128 1539 179 1586 tem
203 1526 262 1599 [se]
285 1531 421 1595 vidissem,
444 1531 552 1603 porrexi
575 1530 600 1585 ei
622 1547 743 1593 manum,
766 1538 792 1585 et
813 1532 926 1604 produxi
950 1547 1016 1585 earn.
1059 1530 1089 1584 Et
1112 1530 1210 1584 lionam
1234 1545 1294 1602 spe·

127 1615 195 1668 eiern
218 1614 276 1667 eius
292 1612 479 1675 considerans,
497 1613 575 1686 eoepi
593 1615 618 1668 in
634 1613 722 1668 aniuro
740 1631 800 1670 meo
818 1614 937 1686 cogitare
952 1613 1061 1668 dicens:
1084 1613 1178 1668 beatus
1194 1628 1292 1679 essem,

127 1697 149 1751 si
173 1696 251 1750 talem
274 1711 384 1750 uxorem
407 1695 534 1751 haberem
557 1695 636 1751 bonis
659 1696 779 1753 moribus
804 1705 831 1752 et
845 1698 946 1770 optima
961 1696 1063 1769 speeie.
1106 1696 1225 1767 Cumque
1240 1695 1293 1750 hoe

127 1776 215 1833 solum
238 1778 400 1849 cogitassem
423 1787 448 1833 et
470 1787 565 1852 postea
588 1781 722 1835 venissem
744 1780 815 1854 apud
839 1781 970 1836 civitatem
994 1778 1131 1834 Ostiorum
1156 1785 1183 1833 et
1205 1785 1292 1850 gratn-

127 1860 198 1915 larer
218 1860 243 1915 in
267 1859 391 1917 omnibus
421 1863 553 1918 creaturis
583 1863 643 1929 liei,
674 1864 748 1936 quod
779 1881 890 1935 magnae
917 1872 944 1919 et
973 1870 1083 1918 ornatae
1113 1871 1140 1917 et
1169 1868 1294 1934 potentes

128 1951 237 2009 essent,
267 1943 406 2000 ambulans
435 1944 594 2001 obdormivi.
638 1946 669 2000 Et
690 1949 801 2018 spiritus
831 1964 872 2003 me
902 1945 1025 2011 sustulit,
1053 1954 1080 2001 et
1109 1945 1169 2000 tulit
1197 1961 1240 1998 me
1266 1944 1294 2000 in

128 2026 205 2081 altam
227 2025 312 2092 viam,
341 2044 390 2100 per
412 2045 491 2101 quarn
513 2028 595 2083 bomo
617 2028 753 2084 ambulare
782 2047 836 2084 non
859 2037 980 2102 poterat;
1009 2029 1159 2085 eratenim
1182 2025 1294 2100 rupibus

126 2117 154 2164 et
173 2110 301 2165 scissuris
332 2109 523 2167 delabentibus
555 2103 696 2166 conrosa.²
738 2112 884 2167 Transiens
914 2127 980 2183 ergo
1014 2111 1113 2165 [lumen
1144 2109 1207 2165 illud
1234 2110 1295 2165 veni

127 2192 153 2245 in
175 2190 243 2247 loeis
265 2191 400 2258 mollibus,
423 2200 451 2247 et
471 2193 549 2264 posui
573 2209 660 2263 genua
683 2209 740 2248 mea
763 2202 790 2248 et
812 2195 890 2265 coepi
922 2209 999 2248 orare
1021 2193 1162 2247 domiuum
1183 2199 1210 2245 et
1232 2207 1294 2247 ean·

128 2273 197 2329 literi
221 2290 280 2329 mea
310 2282 429 2346 peecata.
474 2273 514 2327 lle
537 2282 625 2328 antem
648 2283 741 2329 orante
763 2282 885 2347 apertum
908 2283 950 2329 est
970 2273 1088 2335 caelum,
1109 2282 1137 2328 et
1159 2273 1236 2327 videa
1257 2272 1294 2327 le·

126 2356 222 2411 rniuam
247 2355 328 2420 illam,
351 2372 430 2427 qnam
452 2354 676 2421 desideraveram,
689 2354 850 2410 salutantem
865 2373 907 2409 me
920 2355 953 2409 de
970 2352 1050 2409 caelis
1072 2348 1121 2424 [et]
1143 2354 1294 2409 dicentem:

125 2456 172 2494 ave
195 2438 300 2493 Herma.
343 2437 500 2509 Respiciens
524 2445 612 2490 autem
633 2438 758 2491 eamditri
780 2438 818 2491 ei:
841 2436 957 2499 domina,
981 2435 1045 2508 quid
1059 2435 1095 2490 ibi
1111 2435 1197 2489 laeisl
1222 2435 1294 2502 Quae

126 2520 267 2592 respondit
291 2519 371 2573 mibi:
407 2535 514 2575 sursum
539 2517 644 2573 sublata
665 2536 737 2585 snm,
767 2528 796 2574 ut
819 2527 862 2573 tua
890 2527 1000 2591 peecata
1030 2517 1189 2590 redarguam
1221 2516 1292 2590 apud

125 2679 151 2713 ea
171 2667 307 2726 scriptoram
325 2666 604 2722 oeterantnsnrpaaernnt
623 2662 689 2709 testi·
774 2659 801 2722 6)
819 2659 978 2710 Euhibetb'at.
1003 2659 1098 2723 litaque
1109 2674 1136 2706 ea
1148 2658 1211 2707 etat.
1228 2657 1290 2719 [ἀίω

124 2733 209 2780 amaria.
234 2730 279 2778 Sed
290 2729 353 2793 apad
366 2730 452 2776 latiens
463 2743 523 2789 pene
534 2730 628 2790 inaratae
647 2733 689 2776 eat.
724 2743 799 2776 essem
817 2730 839 2776 si
862 2729 932 2776 talem
950 2742 1046 2776 atrorem
1064 2727 1176 2775 baberent.
1195 2731 1216 2773 et
1236 2739 1291 2788 spe-

318 2797 376 2845 Iiber
392 2796 496 2858 pastoris
725 2798 781 2845 ciem
803 2810 853 2844 cern
881 2796 992 2843 vidissem
1012 2795 1142 2856 capitatione
1168 2794 1192 2839 in
1222 2792 1291 2841 eorde

125 2865 193 2913 biber
209 2867 309 2927 pastoris
327 2864 403 2911 arandi
420 2864 554 2924 penitentie.
580 2862 690 2911 blandula
724 2878 773 2911 meo
795 2864 882 2911 dicens.
900 2864 962 2922 felia
982 2877 1057 2910 easena
1071 2863 1093 2908 si
1111 2862 1181 2909 talern
1196 2873 1294 2908 nearent

126 2948 152 2980 aa
171 2934 336 2981 siaaiiitadInes
357 2934 407 2978 eins
433 2931 516 2992 quibua
542 2932 651 2992 apparead
669 2937 689 2978 et
725 2932 830 2978 baberent
849 2935 869 2977 et
888 2932 959 2992 spatie
976 2937 998 2978 et
1016 2929 1126 2977 moriens.
1152 2927 1199 2975 Hae
1218 2927 1293 2976 cotan

125 3001 214 3047 loeutus
233 3007 266 3047 eat
285 3000 368 3047 berne.
392 2997 433 3045 Cui
452 2999 559 3045 etiamen
573 2999 689 3059 prinea'pia
725 2999 824 3060 capitoni
848 3012 889 3046 nea
914 2999 974 3045 altra
1000 2997 1092 3059 aliquid
1111 2996 1220 3056 cenitari.
1237 2999 1292 3056 part

127 3068 234 3128 apparuit
253 3067 351 3114 eeclesia
369 3067 393 3112 ln
410 3066 483 3112 variis
507 3065 596 3125 doerit.
633 3064 690 3113 Sunt
726 3072 815 3126 tempas
835 3065 929 3129 aliquod
945 3065 1093 3126 proficiteens
1112 3061 1291 3123 eantbiaeapi-

127 3147 180 3192 erpa
206 3133 311 3180 ditiones
334 3133 428 3180 eealeaie
455 3145 547 3180 nanneno
580 3137 691 3194 qtaattaar
726 3133 855 3180 talionibus
871 3130 1186 3195 proficiscensbonarifieans
1202 3133 1295 3177 ereata-

125 3202 230 3262 pastoria
248 3200 326 3246 nuntii
342 3200 469 3260 penitentie
481 3201 691 3246 aisiannrnnume·
725 3200 837 3247 rarndei·
854 3214 923 3262 qnam
936 3193 1296 3260 anapnifieaetpnlelrerrimaril.

126 3281 167 3314 rua
194 3267 309 3328 quinique·
334 3266 444 3312 mandata
469 3266 573 3313 elnsdem
599 3280 691 3313 tranrero
777 3266 804 3320 tt
823 3266 926 3327 SpIritus
954 3267 1034 3314 nillatu
1061 3265 1090 3313 ad
1115 3263 1231 3311 risionern
1250 3260 1294 3311 ab·

127 3333 262 3381 duodecim·
297 3332 465 3380 similitudines
492 3334 567 3394 Ipsius
597 3347 690 3382 errantem
728 3332 838 3381 tuendam
858 3332 959 3381 idoneus
978 3346 1081 3394 superne
1100 3330 1215 3378 redditur.

115 3402 213 3457 ⁸decem.
780 3401 805 3459 8)
824 3401 939 3461 adrepens
952 3414 975 3460 p.
990 3401 1109 3459 abruptas,
1127 3402 1147 3444 et
1157 3398 1236 3444 iarius
1245 3396 1294 3444 tae

177 3466 285 3529 Capitoni
308 3466 417 3515 lemmata
437 3464 550 3514 Cotelerii
571 3473 634 3514 stant.
781 3465 806 3524 q)
826 3472 860 3515 est
881 3481 926 3514 om.
938 3465 997 3523 I'at,
1015 3479 1042 3511 ex
1061 3479 1107 3526 quo
1127 3462 1190 3520 dedi,
1208 3463 1295 3512 subra-

177 3533 204 3594 2)
224 3537 300 3582 rendit
319 3533 368 3581 Ilat.
405 3533 463 3580 Esse
484 3533 594 3582 Hermam
620 3534 693 3581 Roma
729 3541 797 3593 ganto
818 3532 922 3581 editione
942 3530 1051 3593 principe
1069 3528 1295 3592 traorisuputen-

128 3599 262 3658 oriundum,
280 3601 335 3648 hine
354 3600 415 3647 rnale
437 3599 544 3647 nonnulli
564 3599 693 3659 cottiarum
728 3599 779 3658 sis)
807 3606 830 3647 et
856 3597 944 3646 Codlee
969 3596 1076 3644 Palatina
1098 3598 1152 3646 150.
1178 3598 1296 3646 ntnlieretn

127 3667 277 3727 Romaeplus
290 3667 396 3714 minusve
409 3666 524 3727 temporis
535 3680 588 3714 eum
600 3666 693 3723 uixisse,
728 3664 1047 3729 illant‚naamronettpierum
1056 3679 1077 3726 p.
1087 3665 1212 3723 mulierem,
1226 3677 1296 3726 paam

127 3731 190 3782 haud
211 3732 281 3780 dubie
301 3732 367 3781 illine
386 3739 494 3793 apparet,
512 3732 577 3795 quad
589 3733 693 3782 Tiberim
728 3735 901 3796 carmnpiaeram
918 3730 980 3792 vulg.

127 3816 154 3848 ae
180 3798 296 3848 civitatem
319 3798 440 3847 Ostiorum
467 3797 575 3862 viamque
594 3800 693 3862 tlppiarn
782 3799 822 3860 10)
842 3799 899 3861 qaid
917 3799 953 3846 bie
971 3800 1033 3860 (aeis
1051 3800 1146 3847 damiata
1166 3797 1215 3846 l'at.

126 3867 295 3929 (Campanam)
320 3874 344 3914 et
367 3879 448 3927 agrurn
468 3863 597 3914 Cumanum
622 3881 693 3930 prae·
782 3866 823 3926 ll)
841 3865 870 3912 da
889 3880 913 3927 p.
932 3866 959 3912 At
978 3881 1038 3914 curn.
1058 3866 1108 3914 lat.

126 3948 181 3983 sens
200 3933 264 3980 vidit.
785 3931 825 3990 ta)
842 3938 952 3995 precepta
986 3948 1037 3981 sam
1067 3947 1091 3994 p.
1120 3937 1212 3993 recepta
1244 3944 1296 3979 rana

177 4001 204 4050 3t
223 4002 321 4061 capanei
339 4000 396 4057 Vnt,
416 4015 481 4048 vooe.
496 4005 572 4047 antem
584 4006 607 4048 et
619 3999 695 4046 nisam
728 4000 770 4047 bna
789 3998 838 4047 Vat

129 4080 230 4114 omissas.

177 4134 203 4190 4)
218 4141 273 4196 post
291 4140 381 4196 tempas
401 4133 630 4196 atiqaodp.b'eaeta
648 4145 693 4178 aa·
781 4128 805 4196 l)
824 4133 850 4180 ln
877 4132 936 4181 Cnd.
962 4132 1070 4181 Palatino
1098 4129 1174 4192 prima
1208 4143 1291 4180 manns

132 4204 175 4244 tem
196 4205 294 4261 tempore
313 4201 394 4261 aitqua
413 4200 464 4248 Vat.
728 4199 858 4261 scripserat
877 4200 969 4262 prandii,
988 4198 1051 4246 unde
1075 4195 1182 4244 radenda
1202 4197 1289 4248 laetam

178 4262 206 4320 5)
223 4266 281 4313 daei
301 4281 351 4315 eam
364 4263 568 4332 denuntiarint,
587 4262 693 4326 quiante
728 4272 764 4314 est
781 4267 859 4316 auida.
893 4264 984 4314 Deinde
1003 4263 1113 4313 distinete
1130 4263 1210 4315 rodae.

128 4341 174 4376 ser.
194 4329 270 4378 tibere.
779 4333 805 4395 2)
825 4347 938 4381 conrasas
960 4329 1010 4379 rat.

1342 4412 1416 4536 A
