2886 4882
186 216 247 281 220
294 219 418 280 multu
440 218 692 280 cussouottrtu
714 221 875 282 urtsrotu
898 223 1129 285 truttmunt
1161 226 1192 287 ll.
1214 228 1258 286 lll.

187 379 261 454 υἱεῖς
279 382 356 443 Θεοῦ
370 378 440 442 τῶνο
452 375 570 442 πάντων
582 380 676 443 αἰτίον
689 405 758 462 κρο-
792 390 898 448 nientcs
930 393 1000 449 lilios
1032 393 1087 450 llco
1116 396 1236 452 omnium
1265 414 1367 455 causac

185 460 344 544 τετιμήκει,
364 463 414 525 καί
439 464 604 540 aroldum?
634 465 675 538 είς
706 462 759 546 τὴν
791 476 1007 547 praehonoravit,
1031 485 1058 534 et
1079 478 1202 535 ludentes
1224 480 1251 535 in
1273 498 1367 538 sacer-

186 543 346 630 ίερωσύνην
365 545 427 608 καίΙΙ
448 548 489 621 εἰς
508 543 560 610 τὸν
579 543 651 610 λαὸν
679 544 758 612 ἆσελ-
791 557 894 614 dotium
922 567 951 616 ct
979 560 1004 615 in
1035 561 1165 634 populum
1199 562 1366 620 luxuriantes

186 632 338 715 μαίνοντας
357 630 452 693 είασεν
471 626 677 714 ἀτιμωρήτους.
791 639 891 697 dimisit
913 643 1069 715 impunitos.

127 890 130 895 ⁴
192 822 311 879 omnium
334 822 438 878 auctori
460 821 626 896 praetulerit,
649 830 676 879 et
698 823 881 880 sacerdotium
903 823 1020 882 ludibrio
1042 825 1182 897 habentos,
1202 829 1363 904 populoque

186 907 317 979 nequiter
339 904 501 962 insultantes
524 907 698 979 incastigatos
720 904 871 980 reliquerit.

250 1095 293 1150 lll.
331 1083 444 1167 Δανιὴλ
468 1085 499 1148 δὲ
523 1082 668 1164 δσοφδς,
692 1086 757 1160 νίος
852 1099 896 1155 lll.
919 1092 1021 1156 Daniel¹
1037 1107 1126 1155 autem
1150 1101 1267 1173 sapiens,
1289 1103 1361 1160 inre·

188 1165 247 1252 olo,
287 1170 407 1250 λ’κρινενι
439 1166 637 1274 ὠμογέροντύς
666 1194 756 1246 τινας,
791 1185 832 1240 nis
849 1185 977 1251 existens,
999 1183 1125 1238 iudicavit
1141 1183 1265 1240 crudeles
1280 1202 1360 1243 senes

187 1253 282 1328 δείξας
303 1250 415 1329 ἐξώλεις
436 1250 544 1328 αυτούς
558 1255 608 1318 καὶ
622 1250 657 1317 ού
672 1273 756 1334 ορεσ-
791 1267 930 1340 quosdam,
951 1265 1099 1322 ostendeus
1117 1264 1257 1323 adulteros
1272 1269 1359 1340 ipsos,

185 1335 325 1419 βυτίρους
346 1331 435 1411 είναι,
459 1336 509 1400 καὶ
529 1343 569 1422 τῷ
590 1337 666 1420 γένει
682 1334 756 1400 Ἰον-
790 1358 817 1406 et
848 1366 902 1404 non
938 1350 1061 1405 seniores
1093 1365 1170 1415 csse,
1201 1357 1229 1404 ct
1257 1366 1359 1423 genere

188 1417 445 1496 δαίουςύντας,τῶ
459 1415 555 1507 τρόπῳ
568 1422 756 1495 Χαναναίους
790 1432 904 1489 ludaeos
927 1433 1082 1498 existentes,
1104 1431 1185 1486 modo
1205 1432 1359 1490 Chanauae-

186 1499 332 1585 ύττύρχειν.
377 1482 601 1585 ΚαίἸερεμίας,
630 1501 678 1566 διδ
707 1501 754 1567 κδ’
790 1532 821 1570 os
842 1516 968 1572 existere.
1013 1513 1044 1569 llt
1065 1505 1221 1582 Ieremias,²
1244 1525 1360 1589 propter

187 1586 254 1650 νέον
264 1584 494 1670 παραιτούμενος
507 1585 560 1668 τὴν
575 1587 755 1674 ἕγχειριζομί-
789 1598 953 1654 iuventutem
977 1612 1096 1653 renuens
1119 1596 1245 1653 tributam
1269 1599 1321 1672 ipsi
1344 1618 1359 1656 a

188 1695 245 1751 νην
261 1668 341 1756 αὐτῷ
353 1667 429 1754 πρὸς
445 1677 498 1734 τοῦ
512 1674 589 1736 Θεοῦ
602 1673 756 1755 κροφητεί-
790 1680 844 1737 lleo
870 1680 1049 1754 prophetiam,
1063 1673 1162 1736 audit:
1191 1680 1355 1750 ,Nondicas,

186 1778 232 1830 σιν,
243 1751 359 1817 δικούει·
383 1751 440 1834 Μὴ
452 1755 524 1839 λέγε,
534 1753 671 1838 νεώτερος
685 1757 743 1836 είμί
750 1773 755 1786 ·
791 1764 918 1836 qnoniam
941 1763 1031 1818 iunior
1053 1780 1122 1831 sum,
1136 1762 1200 1836 quia
1213 1763 1246 1818 ad
1262 1780 1357 1822 omues

187 1835 262 1900 διότι
282 1833 356 1919 πρὸς
368 1833 489 1915 κύκνοις,
507 1836 560 1913 οὓς
581 1837 633 1902 ἐὰν
657 1838 757 1913 trano-
791 1862 969 1920 quosounque
990 1846 1092 1902 mittam
1113 1853 1149 1913 te,
1172 1843 1239 1915 ibis,
1268 1856 1296 1903 et
1316 1866 1357 1904 se·

189 1926 276 1983 στελῶ
292 1939 333 1996 σε,
344 1916 482 2008 πορεύσῃ,
497 1923 546 1985 καὶ
559 1919 633 1985 κατὰ
649 1919 754 1998 πάντα,
790 1930 908 1985 cundum
931 1930 1036 1997 omnia,
1059 1944 1237 2002 quaecuuque
1259 1932 1359 1987 mando

186 2000 242 2067 ὅσα
269 1999 306 2066 ἂν
334 2002 500 2086 ἐντείλωμαί
520 2025 580 2082 σοι,
601 2001 755 2083 λαλήσεις,8
791 2011 847 2079 tibi,
869 2011 999 2085 loqueris,
1022 2011 1085 2086 quia
1105 2018 1195 2068 tecum
1209 2028 1260 2085 ego
1282 2010 1361 2070 sum‘

188 2084 234 2150 δτι
254 2082 324 2167 μετὰ
345 2092 399 2150 σοῦ
418 2084 474 2172 ἐγώ
503 2090 569 2169 είμι,
615 2094 756 2169 Σολομῶν
791 2086 931 2150 Salom0n³
953 2101 1042 2151 autem
1065 2095 1188 2167 sapiens,
1214 2095 1358 2153 duodecim

189 2168 221 2234 dl
250 2167 268 2233 δ
289 2168 392 2249 σοφός,
413 2172 590 2236 δυοκαίδεκα
606 2171 756 2258 τυγχάνων
791 2179 909 2235 existens
931 2194 1071 2245 annorum,
1089 2176 1220 2234 intellexit
1235 2194 1360 2252 magnam

186 2254 266 2331 trev,
289 2260 397 2335 συνῆκε
414 2252 532 2340 τδμίγα
547 2254 632 2337 τῆςᾶ
669 2261 758 2331 ωσίας
791 2261 958 2334 ignorantiae
980 2261 1122 2317 mulierum
1145 2259 1178 2315 de
1209 2261 1265 2315 suis
1296 2259 1359 2316 tiliis

188 2343 405 2422 τῶνγνναικῶν
420 2339 468 2402 ἔτι)
480 2347 542 2415 τοῖς
556 2359 627 2420 σφετ
642 2365 704 2423 ροις
716 2339 757 2404 τί·
791 2343 986 2418 quaestionem,
1008 2351 1038 2399 nt
1060 2343 1147 2399 omnis
1170 2342 1286 2415 populns
1311 2343 1358 2398 ob·

187 2446 268 2496 κνοις
279 2417 397 2504 ζήτημα,
407 2418 457 2497 τίς*
467 2420 563 2488 πάντα
573 2420 756 2488 τὸνλαδν’ἕκ·
792 2435 963 2502 stupesceret
986 2425 1019 2482 de
1040 2432 1112 2481 tanta
1124 2426 1203 2499 pueri
1219 2427 1359 2500 sapientia,

188 2512 289 2587 στῆναι
311 2505 358 2568 tot
378 2511 414 2592 τῇ
434 2505 558 2595 τοσαύτῃ
579 2514 632 2571 τού
652 2505 758 2582 παιδδς
792 2518 820 2566 et
840 2510 947 2566 timeret
968 2525 1022 2565 nou
1046 2516 1075 2564 ut
1096 2525 1227 2581 puerum,
1250 2508 1299 2565 sed
1331 2517 1361 2564 ut

189 2590 290 2675 σοφίᾳ,
311 2590 362 2652 καί
382 2592 558 2673 φοβηθῆναι
579 2589 631 2672 οὐχ
644 2589 684 2667 ὥς
699 2616 757 2672 μετ.
791 2592 943 2668 perlectum
964 2592 1057 2647 virum.
1093 2591 1249 2664 Aenigmata
1270 2600 1360 2649 autem

188 2668 299 2756 ρύκεον,
325 2669 383 2736 ἀλλ’
398 2669 439 2748 ὦς
451 2675 559 2739 τέλειον
570 2672 671 2755 ἄνδρα.
715 2670 758 2738 Τὰ

272 2855 340 2919 *ltt
383 2862 497 2937 Sapiens
519 2873 607 2922 autem
630 2864 673 2922 ille
687 2864 779 2921 Daniel
808 2863 897 2920 adhuc
920 2861 1080 2920 adolescens
1103 2863 1204 2920 crudos
1227 2864 1360 2938 quosdam

187 2961 270 3002 senes
293 2943 442 3013 iudicabat,
472 2948 620 3004 ostendens
641 2964 689 3004 eos
708 2946 830 3023 perditos
852 2944 1023 3012 nebulones,
1052 2961 1108 3001 nou
1130 2963 1211 3003 senes
1235 2964 1313 3016 esse,
1335 2957 1362 3003 et

189 3029 311 3104 quamvis
340 3044 440 3103 genere
471 3029 600 3101 ludaeos,
630 3029 755 3087 moribus
785 3029 959 3086 chananaeos
991 3029 1115 3084 existere.
1165 3029 1197 3085 llt
1226 3029 1361 3098 ieremias,

188 3120 302 3187 propter
318 3112 482 3169 iuventutem
503 3114 678 3170 commissum
700 3112 753 3170 sibi
777 3129 791 3168 a
813 3111 867 3168 lteo
889 3111 1043 3185 Prophetae
1074 3128 1172 3168 munus
1201 3113 1363 3182 detrectans,

190 3195 279 3252 audit:
301 3195 370 3264 ,Noli
392 3194 499 3263 dicere:
521 3213 591 3271 puer
613 3213 688 3253 sum:
711 3197 838 3271 quoniam
862 3194 1009 3263 adomnia,
1033 3211 1102 3267 qnae
1124 3196 1225 3251 mittam
1242 3203 1277 3264 tc,
1300 3196 1361 3264 ilis,

188 3285 217 3334 et
238 3277 373 3347 universa,
396 3294 576 3354 quaeermque
597 3279 759 3337 mandavero
774 3278 831 3343 tibi,
854 3277 996 3352 loqueris;
1017 3277 1081 3351 quia
1096 3285 1187 3334 tecum
1209 3296 1260 3352 ego
1283 3277 1363 3337 sum‘

189 3357 318 3416 Salomon
346 3368 435 3417 autem
473 3361 518 3418 ille
547 3363 671 3437 sapiens,
702 3379 762 3419 cum
792 3359 935 3418 duodecim
965 3359 1078 3417 haberet
1100 3377 1202 3430 runos,
1231 3361 1362 3418 intellexit

81 3505 86 3515 ⁶
188 3459 312 3518 magnam
343 3442 414 3500 illam
442 3444 586 3503 mulierum
612 3460 678 3502 suos
709 3444 812 3502 liberos
840 3460 895 3501 uon
925 3444 1129 3518 agnoscentium
1158 3446 1363 3517 quaestionem:

187 3526 224 3582 ita
244 3533 275 3581 ut
293 3527 435 3583 universus
456 3528 574 3603 populus
598 3528 807 3603 obstupesceret
828 3527 862 3584 ad
875 3535 975 3583 tautam
997 3528 1077 3600 pueri
1095 3527 1263 3601 sapientiam,
1285 3545 1358 3583 enm·

189 3623 243 3683 que
263 3624 318 3664 nou
340 3616 371 3665 ut
391 3627 516 3683 puerum,
539 3612 635 3669 sedat
655 3612 741 3669 virum
762 3610 914 3685 perlectum
936 3612 1053 3666 timeret.
1096 3610 1249 3682 Aenigmata
1270 3617 1359 3666 autem

240 3902 268 3967 6)
287 3901 378 3965 Scripsi
396 3903 454 3954 τῶν
471 3917 491 3952 c.
512 3902 539 3962 n,
557 3904 607 3953 τοῦ
625 3901 723 3952 Closs.
843 3900 873 3964 3)
889 3898 1011 3971 λαλήσρς
1028 3900 1058 3960 C,
1081 3916 1154 3965 supra
1176 3913 1201 3950 ει
1225 3912 1287 3948 man.
1304 3912 1361 3961 rec,

240 3969 269 4034 7)
287 3970 321 4019 lta
348 3969 411 4020 cu.
456 3968 591 4029 στίξοντας
624 3969 757 4019 Curetonus
793 3963 913 4040 λαλήσῃς
929 3969 1025 4018 uvoas.

191 4036 298 4104 (eorpus
315 4037 471 4099 lanariorum,
488 4036 570 4114 pertin
590 4035 673 4100 ¹8⁴⁹l·
843 4050 872 4115 ι)
890 4051 931 4100 su
948 4050 965 4099 c
980 4052 1008 4111 o,
1027 4047 1124 4121 σσπερ
1143 4049 1255 4100 cnecon.

241 4106 268 4170 8)
286 4103 334 4155 κα)
353 4104 386 4167 C,
405 4105 473 4155 deest
491 4119 515 4152 m
533 4104 552 4152 l)
570 4103 638 4152 lloss.

114 4280 119 4289 .
239 4239 297 4303 Cap.
325 4240 366 4290 ΙΙΙ.
409 4237 433 4302 1)
454 4238 518 4288 lnC
546 4235 699 4289 obliteratum
722 4246 759 4289 est
844 4200 902 4267 ὧδ’·
919 4202 961 4254 ¹¹¹·
998 4199 1025 4266 ί)
1043 4200 1103 4254 ⁰⁸¹¹·
1122 4199 1161 4251 ¹3·

188 4302 237 4358 ul
255 4313 310 4356 ante
328 4302 442 4371 ἔκρινεν.
845 4285 873 4352 2)
891 4289 936 4347 ler.
958 4286 979 4346 l,
997 4285 1021 4335 7.

239 4369 269 4436 2)
286 4369 337 4425 τδν
355 4375 381 4437 C,
400 4374 432 4426 ad
449 4389 516 4426 oram
537 4369 569 4426 τὸ
586 4388 649 4425 man.
667 4387 717 4425 rec.
847 4369 876 4436 3)
895 4371 907 4423 1
927 4372 983 4432 lter.
1000 4370 1016 4421 3
1033 4377 1057 4420 et
1079 4370 1118 4422 to.

304 4540 479 4606 1-
