2886 4882
359 245 555 304 lldllTYlllUll
578 247 605 304 S.
627 246 824 307 Penvcnhvt.
851 250 902 308 XV.
924 248 1089 313 XVl.1Vll.
1248 249 1309 317 408

429 445 483 500 xv.
525 448 698 523 Polycarpgs
724 452 789 524 igne
809 468 865 508 ooo
885 452 1016 509 laeditur.

220 561 253 617 Et
276 570 420 635 postquam
444 561 546 630 ,dmen‘
568 566 718 635 emisisset,
741 569 983 642 precationemque
1006 565 1209 642 complevisset,
1231 574 1307 631 mini·

137 645 186 700 stri
209 646 279 717 ignis
303 646 391 717 ignem
409 648 601 704 accenderunt.
646 649 711 706 Cum
728 667 792 706 vero
807 652 904 725 ingens
922 651 1027 708 llamma
1041 653 1192 722 emicasset,
1207 656 1308 726 grands

138 728 295 784 miraculum
320 729 450 797 vidimus,
472 747 539 797 nos,
570 732 670 803 qaaihus
692 733 758 790 ilhvd
780 743 904 807 spectare
927 752 1089 791 concessum
1111 734 1177 803 luit,
1206 738 1253 810 qui
1281 746 1310 796 et

138 812 200 868 ideo
221 812 351 868 reservati
372 829 479 879 suanus,
509 822 539 868 ut
561 815 635 884 aliis,
659 834 728 890 quae
750 817 933 890 contigerunt,
964 819 1193 876 annuntiaremus.
1236 819 1310 893 lgnia

141 896 212 950 enim
235 894 348 950 fornicis
372 897 492 969 speciem
514 897 658 970 praebens,
682 908 807 973 tanquam
830 902 904 956 navis
925 901 1013 958 velum
1034 918 1049 957 a
1068 910 1149 958 vento
1166 902 1309 976 repletum,

143 979 167 1032 in
192 977 295 1033 circulo
319 995 418 1051 corpus
441 981 566 1053 martyris
591 982 784 1049 circumdedit,
814 984 903 1056 quod,
933 985 960 1039 in
983 985 1071 1040 medie
1091 985 1224 1057 positum,
1252 1002 1309 1043 nou

142 1069 171 1115 ut
192 1078 255 1116 caro
279 1078 339 1116 assa
360 1061 516 1129 videbatur,
543 1065 590 1119 sed
613 1064 694 1121 veluti
715 1065 792 1139 panis
817 1075 927 1136 coctus,
949 1067 991 1122 vel
1012 1068 1083 1122 sicut
1104 1084 1198 1124 aurum
1220 1077 1247 1125 et
1267 1085 1308 1125 ar·

139 1153 247 1217 gentum
274 1146 300 1200 in
323 1145 434 1199 fornace
455 1146 583 1202 candens.
626 1148 736 1204 Tantam
759 1156 847 1204 autem
879 1166 929 1206 nos
956 1151 1129 1224 percepimus
1151 1152 1306 1209 suavitatem

139 1228 241 1296 odoris,
263 1228 338 1283 acsi
362 1228 424 1283 thus
447 1236 491 1284 aut
513 1228 585 1286 aliud
608 1232 745 1303 quoddam
768 1232 952 1305 pretiosorum
972 1240 1121 1290 aromatum
1144 1234 1264 1293 aluisset.

408 1377 473 1435 lllll.
517 1380 688 1453 Polycoapas
714 1384 835 1455 pugione
855 1383 1038 1457 transfigitur.

222 1495 340 1552 Tandem
363 1497 445 1569 igitur
468 1504 611 1553 cernentes
634 1496 768 1569 improbi,
790 1514 890 1572 corpus
912 1500 971 1555 eius
993 1499 1026 1555 ab
1049 1500 1110 1573 igne
1141 1517 1195 1556 non
1224 1516 1307 1575 poste

139 1579 270 1647 consumi,
293 1580 433 1635 iusserunt
454 1579 639 1637 coniectorem
659 1580 774 1653 propius
796 1582 928 1638 accedere
951 1583 1124 1656 pugioneque
1146 1600 1207 1640 eum
1222 1593 1307 1643 trans·
1411 1600 1415 1608 ’

139 1661 232 1734 ligere.
276 1662 354 1730 Quod
370 1679 430 1719 cum
445 1663 489 1719 ille
505 1662 624 1730 lecisset,
643 1662 756 1718 evolavit
778 1663 911 1733 columba,
934 1673 962 1721 et
982 1664 1087 1721 ellluxit
1107 1674 1179 1722 tanta
1200 1669 1307 1741 sangui·

138 1745 180 1801 nis
202 1747 289 1818 copia,
313 1753 342 1799 ut
365 1746 452 1817 ignem
475 1747 669 1819 exstingueret,
690 1756 774 1820 utque
796 1748 921 1804 universa
938 1747 1015 1821 plebs
1031 1750 1183 1817 miraretur,
1206 1757 1307 1811 tantam

139 1844 200 1883 esse
225 1826 369 1883 discrimen
393 1832 464 1884 inter
486 1828 608 1885 inlideles
631 1837 657 1884 et
678 1829 797 1897 electos,
828 1846 944 1902 quorum
966 1847 1035 1886 unus
1058 1832 1103 1887 hic
1125 1831 1175 1887 luit
1195 1833 1308 1890 maxime

139 1910 312 1966 admirandus
340 1919 442 1985 martyr
470 1912 651 1986 Polycarpus,
680 1913 726 1986 qui
755 1914 857 1969 nostris
887 1914 1055 1987 temporibus
1086 1913 1252 1987 apostolicus
1280 1924 1308 1973 et

138 1994 318 2068 propheticus
347 1995 445 2050 doctor
466 1997 575 2064 exstitit,
598 2003 678 2069 atque
696 1996 846 2053 catholicae
867 1997 1000 2054 ecclesiae
1015 1995 1190 2070 smyrnensis
1204 1998 1309 2072 episco-

140 2094 202 2214 pus.l
220 2077 323 2215 hliuma
347 2079 417 2133 enim
439 2079 567 2147 verbum,
598 2079 672 2152 quod
696 2096 744 2136 ore
766 2097 817 2137 suo
839 2081 946 2149 emisit,
975 2088 1021 2136 aut
1041 2080 1178 2155 impletum
1201 2089 1244 2139 est
1264 2087 1311 2141 atti

139 2177 217 2233 nnpe
240 2168 300 2216 rtur.

323 2309 400 2366 XVll.
449 2311 596 2381 Polycaapi
617 2326 715 2382 corpas
738 2309 902 2367 Christianis
922 2328 978 2367 aea
999 2313 1128 2368 traditur.

221 2425 273 2480 Sed
298 2441 358 2480 cnm
381 2425 501 2480 aemulus
523 2424 566 2480 ille
588 2431 615 2480 et
637 2422 742 2479 invidus
764 2432 792 2479 et
814 2422 909 2492 malus,
932 2425 1121 2497 iustorumque
1144 2423 1239 2495 generi
1261 2421 1307 2482 ad·

138 2525 247 2576 versus,
271 2508 375 2580 insigne
407 2507 478 2564 illius
501 2507 658 2580 martyrium
688 2514 829 2574 cerneret,
851 2523 997 2579 moresque
1027 2507 1061 2562 ab
1088 2507 1198 2562 ineunte
1220 2513 1308 2564 aetate

139 2590 357 2664 irreprehensos,
380 2599 407 2646 et
421 2607 482 2646 earm
497 2606 597 2646 corona
615 2588 821 2647 immortalitatis
837 2596 1006 2658 coronatum,
1027 2589 1232 2663 praemiumque
1247 2590 1308 2646 sine

140 2676 325 2731 controversia
348 2682 547 2747 reportantem3
568 2689 677 2746 operam
700 2672 782 2741 dedit,
805 2689 838 2729 ne
861 2672 992 2746 reliquiae
1007 2673 1094 2729 eiusa
1110 2671 1190 2727 nobis
1210 2671 1308 2733 audem

140 2766 242 2825 rentur,
266 2757 389 2829 quamvis
410 2756 486 2812 multi
508 2757 535 2812 id
558 2755 647 2813 lacere
670 2764 698 2812 et
719 2764 813 2813 sancto
835 2755 906 2813 illius
935 2771 1051 2830 corpore
1073 2755 1220 2828 participes
1247 2752 1309 2815 aad

140 2849 280 2912 cuperent.
324 2839 465 2913 Suggessit
486 2856 552 2912 ergo
575 2838 699 2895 diabolus
720 2838 844 2902 Niceten,
867 2838 984 2895 llerodis
1013 2839 1101 2913 patri,
1123 2837 1199 2894 fratri
1220 2843 1310 2895 autem

140 2922 226 2990 Alces,
249 2923 324 2978 adire
346 2922 549 2995 proconsulem,
572 2939 605 2977 ne
629 2938 729 2994 eorpus
752 2921 823 2976 illius
837 2921 870 2976 ad
887 2921 1073 2994 sepeliendum
1089 2921 1223 2977 traderet:
1247 2918 1310 2988 ,ne,‘

142 3006 242 3076 inquit,
266 3005 371 3072 ,relicto
395 3004 540 3073 crucifixo,
564 3005 636 3060 hunc
659 3003 751 3060 colere
772 3002 920 3077 incipiant.⁶
963 3005 1049 3077 Atque
1077 3004 1144 3058 haec
1174 3000 1310 3071 dicebaut,

142 3087 350 3158 suggerentibus
383 3097 411 3144 et
432 3087 593 3145 instantibus
617 3087 739 3154 ludaeis,
761 3087 806 3159 qui
830 3103 939 3161 quoque
961 3087 1169 3143 observaverant
1189 3101 1256 3151 nos,
1274 3101 1309 3142 ex

146 3281 208 3327 laete
226 3279 315 3337 statuit,
333 3279 465 3328 monarchos
478 3280 523 3327 hoc
535 3277 713 3342 prodigiodcta
747 3279 809 3327 lama
829 3277 1002 3339 divulgaretur,
1025 3278 1133 3341 ipsomm
1155 3279 1247 3328 animos
1264 3277 1310 3328 rub

145 3355 228 3395 anostra
247 3346 348 3393 arruisse.
367 3346 421 3394 Mihi
441 3348 537 3410 qrridena
555 3346 626 3406 longe
650 3345 713 3393 veri·
746 3345 828 3407 specie
848 3344 1035 3395 columbarume
1049 3345 1192 3408 corporibus
1208 3345 1310 3396 mortuis

143 3414 245 3462 sinvilius
264 3412 370 3473 videtur,
395 3413 508 3463 lectorem
536 3411 670 3476 qtaempiavn
688 3412 712 3459 in
747 3411 863 3459 evolasse.
884 3411 919 3460 Cf.
938 3411 1068 3474 hottinger,
1088 3412 1274 3475 stippatttos.
1304 3449 1310 3462 .

145 3481 223 3530 arriano
243 3480 363 3537 hahuisse,
383 3480 413 3529 ad
433 3495 498 3529 oram
512 3479 609 3528 Codicis
628 3487 712 3527 notare
747 3477 786 3529 03.
809 3478 880 3527 Nolle
898 3478 960 3527 coni.
977 3475 1076 3541 ἐξῆλθε
1091 3481 1247 3548 περίπτερα
1266 3427 1312 3529 ap·

146 3547 359 3610 locumepistolae,
377 3546 713 3597 ubianimamsuameltlevit
745 3561 835 3612 ματος
866 3545 938 3594 κατὰ
977 3545 1135 3608 πλῆθος-τ
1155 3546 1311 3603 scintillarum

146 3615 168 3663 h.
188 3615 350 3676 Polycarpus;
374 3615 491 3678 ideoque,
514 3614 574 3663 mori
595 3613 712 3661 ecclesiae
747 3617 823 3661 instar
847 3613 945 3673 sanguis
967 3613 1120 3674 spargebatur
1148 3629 1229 3662 anans
1247 3613 1310 3663 mul-

144 3682 231 3728 vateris
261 3681 414 3744 obsecutum,
445 3697 527 3732 vocem
560 3675 713 3748 περιστερὰ
747 3680 877 3729 titudinem.
903 3677 938 3726 Cl.
958 3677 1024 3727 Cant.
1043 3677 1133 3728 Cantic.
1152 3679 1175 3739 8,
1193 3681 1216 3730 tt.

148 3746 247 3805 margini
269 3747 442 3809 adscripsisse,
461 3764 507 3812 qrra
525 3747 618 3797 scilicet
636 3747 712 3809 signi·
796 3744 823 3808 3)
840 3745 874 3794 lta
893 3744 1040 3793 lacobsonus
1059 3745 1222 3796 eCodicibus.
1240 3744 1309 3795 Phas-

147 3817 237 3872 ticaret,
255 3813 356 3861 animam
374 3814 396 3862 b.
412 3815 522 3877 Martyris
541 3815 584 3862 illo
597 3814 712 3877 temporis
747 3812 881 3876 quamperl.
899 3810 951 3860 sine
971 3819 1097 3874 unguento
1115 3821 1227 3877 utsupra
1243 3811 1311 3862 cll.

146 3888 267 3930 momento
288 3896 300 3928 e
321 3894 425 3944 corpore
445 3881 585 3937 liberatam,
607 3881 651 3930 sub
671 3897 713 3929 co·
747 3879 813 3940 Vulg.
831 3879 952 3945 γέγονεν.

146 3949 239 3997 lambac
258 3948 340 4010 specie
359 3948 389 3996 ad
409 3948 503 3997 coelum
522 3949 639 3997 evolasse.
666 3947 713 3997 Co·

149 4015 280 4063 lumbarum
300 4015 361 4063 enirn
379 4015 494 4077 imagines
512 4015 582 4065 etiam
598 4014 713 4065 Christia—
799 4010 857 4073 Cap.
876 4011 943 4061 xvh.
987 4012 1012 4076 l)
1037 4013 1086 4063 cn.
1111 4011 1185 4062 Clem.
1210 4009 1277 4060 Rem.
1294 4008 1312 4060 l.

148 4098 232 4132 riorum
256 4082 392 4145 sepulchris
415 4083 554 4147 frequenter
577 4081 714 4144 exsculptae
750 4079 792 4143 Ep.
814 4078 843 4126 ad
863 4077 918 4128 Cor.
936 4095 956 4129 c.
977 4080 1017 4130 51.

147 4158 208 4197 sunt.
223 4150 269 4198 lac.
286 4149 384 4198 Addidit
394 4150 423 4198 ad
434 4150 527 4199 haecll.
536 4150 574 4198 ed.
582 4149 618 4197 tv.
635 4149 714 4207 lmago
801 4144 828 4208 h)
845 4146 988 4213 ληφθῆναι
1005 4146 1073 4196 Vind.
1092 4142 1173 4203 Paris,
1192 4142 1313 4226 ingburg

147 4214 271 4264 columbae
282 4217 447 4279 apudveteres
459 4218 611 4278 signumerat
623 4213 715 4266 animes
749 4211 812 4274 vulg.
830 4220 885 4262 ante
901 4213 948 4264 lae.
966 4214 1014 4264 Cir.
1032 4215 1098 4262 ldart
1115 4212 1165 4272 lgn.
1184 4225 1203 4259 r.
1222 4213 1245 4258 b.

149 4298 161 4328 e
182 4296 285 4343 corpore
304 4284 426 4345 migrantis
446 4291 469 4333 et
485 4285 509 4331 in
527 4280 656 4344 epitaphiis
671 4287 717 4328 etc.
801 4281 828 4344 3)
846 4282 913 4329 auen
932 4281 1050 4345 quandam
1068 4277 1156 4327 salutat
1167 4277 1216 4338 lgn.
1225 4274 1269 4340 Ep.
1281 4275 1312 4327 etl

149 4361 223 4408 saepe
240 4348 420 4410 depingebatur,
440 4365 487 4414 quo
508 4351 596 4398 laetum
613 4353 640 4396 ut
656 4353 716 4396 tem·
752 4348 846 4412 Smyrn.
865 4362 884 4396 r.
905 4348 951 4408 13,
970 4347 1000 4396 ad
1018 4344 1100 4407 Polye.
1120 4361 1140 4392 c.
1159 4344 1182 4395 8.
1206 4344 1313 4395 Procon-

147 4427 235 4477 porum
261 4428 392 4479 progressu
417 4416 447 4468 de
471 4416 553 4475 maltis
576 4412 719 4479 liartrribas
752 4416 830 4466 sulem
846 4426 913 4464 mora
931 4427 977 4464 ree
994 4412 1138 4464 molentem
1157 4410 1277 4478 appetht'

1091 4493 1105 4522 0

1050 4492 1257 4596 ”-
