2886 4882
305 226 783 297 weisseanborn
827 232 1043 310 vassorum
1196 235 1258 301 aas
1361 232 1369 246 ⁰

85 405 163 453 retm
184 411 284 452 nomen
312 396 371 451 eius
394 395 558 469 gloriosum,
587 399 713 472 quoniam
736 399 847 472 dignum
874 362 1016 469 indicavit,
1045 413 1075 462 ut
1097 408 1256 466 ostenderet

85 479 152 537 nui
172 478 306 536 mirabilia
327 495 383 533 sua.
425 476 458 534 Iit
479 481 606 537 laudante
628 497 671 537 ms
701 481 856 554 etgratias
878 484 1035 557 cingente,
1065 491 1142 560 qnasi
1169 507 1254 548 senus

84 563 159 618 vocis
182 561 248 618 milri
271 561 415 634 respondit
437 570 464 618 et
485 564 521 618 ait
540 563 620 618 mihi:
650 564 705 619 noli
727 563 825 620 dubius
845 561 936 621 esse.¹
960 566 1016 639 ligo
1037 578 1126 625 autem
1146 589 1254 630 mecum

85 646 209 720 regnare
227 645 306 718 coepi
329 644 439 699 dicens:
460 662 511 717 ego
534 644 600 717 quid
627 646 715 702 habeo
738 643 836 703 dubins
855 662 928 715 esre,
950 649 987 704 ita
1017 647 1145 709 tunderes
1167 671 1182 709 a
1204 652 1254 711 iio·

85 730 168 795 mmo,
197 736 224 783 et
245 728 292 800 qui
313 725 425 782 viderim
443 735 496 785 um
519 728 654 800 gloriosas
677 730 742 785 res'l
786 729 818 785 Et
838 732 941 786 accessi
964 733 1118 801 modicum,
1140 744 1168 790 at
1189 752 1254 794 eccs

85 812 163 867 video
182 809 319 884 pulverem
334 810 473 882 quomodo
496 811 524 865 in
546 811 650 866 caelum
674 810 822 868 terebatur.
865 813 896 868 Et
923 815 1002 888 coepi
1018 815 1109 873 dicere
1131 827 1253 874 mecum:

84 885 178 969 putcs⁸
200 891 322 948 animalia
344 893 455 948 veniunt
477 901 504 948 et
525 893 663 966 pulverem
685 893 782 952 levant.
825 895 872 952 Sic
901 904 989 953 eutem
1013 907 1072 954 erat
1099 899 1179 972 longe
1200 901 1255 958 boo

85 990 173 1044 ame,
196 976 273 1048 quari
295 976 410 1031 stadium
433 993 523 1032 unum.
567 976 632 1031 dum
649 977 726 1034 lieret
745 994 811 1051 crgo
826 979 941 1050 amplior
955 980 1072 1053 pulveris
1095 982 1253 1055 spissitudo,

85 1060 159 1116 sensi
181 1059 282 1132 aliquid
305 1075 366 1114 esse
389 1060 516 1114 divinum.
560 1056 694 1115 dlodinum
722 1069 811 1116 autem
839 1061 922 1117 eluxit
950 1063 1007 1130 sol,
1037 1069 1064 1119 et
1081 1079 1146 1121 ecce
1175 1065 1253 1122 video

84 1156 207 1216 magnam
230 1141 344 1197 bestiam
366 1142 445 1214 quasi
468 1141 585 1213 aliquem
607 1153 711 1210 cetum,
743 1152 771 1199 st
799 1158 830 1199 ex
856 1157 906 1200 ore
935 1144 993 1204 sius
1015 1144 1136 1202 locustae
1159 1147 1254 1220 igneae

85 1225 200 1308 exibant.
245 1223 308 1279 Erat
329 1234 415 1280 autem
436 1224 523 1280 bestia
544 1224 651 1298 longior
681 1227 757 1298 quasi
786 1225 887 1300 pedum
910 1234 1025 1292 centum,
1059 1235 1087 1283 et
1108 1237 1188 1303 caput
1209 1231 1254 1286 ha·

84 1310 154 1365 bens
176 1308 254 1380 quasi
274 1299 437 1380 lagoenam.⁴
479 1305 554 1362 Unde
577 1324 638 1364 cum
653 1310 805 1382 coepissem
820 1310 928 1383 plorare
951 1318 978 1365 et
991 1318 1088 1383 rogare
1103 1308 1254 1381 bominum,

85 1398 115 1447 ut
135 1405 178 1446 me
200 1390 329 1446 liberaret
350 1407 364 1446 a
385 1389 481 1458 bestia,
504 1399 669 1446 memoratus
687 1408 747 1446 sum
761 1392 904 1458 sermonis,
924 1405 1007 1464 quem
1022 1392 1175 1449 audieram:
1198 1395 1253 1451 ooli

85 1472 183 1531 dubius
205 1488 276 1529 esse.
320 1473 435 1529 luduens
463 1488 530 1545 ergo
558 1489 617 1541 mo,
646 1473 761 1542 iratres,
781 1473 863 1530 srdem
885 1475 999 1541 bomini,
1028 1481 1056 1530 et
1082 1475 1108 1530 in
1137 1485 1254 1534 mentem

84 1556 165 1612 habui
187 1570 282 1612 eorum
304 1570 464 1629 magnorum
493 1571 562 1627 quae
585 1557 715 1612 docuerat
745 1570 803 1630 me,
831 1564 859 1612 et
887 1555 1061 1613 confirmatus
1092 1557 1190 1614 tradidi
1211 1575 1254 1616 ms

84 1639 196 1695 bestiae.
242 1637 288 1693 Sis
309 1647 399 1694 autem
421 1638 544 1693 veniebat
565 1639 652 1693 bestia
667 1639 788 1711 rugiens,
810 1640 889 1712 quasi
906 1646 1006 1713 posset
1022 1639 1152 1695 civitatem
1167 1648 1254 1698 enter·

83 1723 197 1777 minare.
240 1719 306 1775 Veni
330 1722 411 1794 igitur
433 1722 504 1776 iuxta
527 1712 627 1793 illam3⁸
650 1730 676 1776 at
696 1721 785 1778 bestia
803 1716 925 1777 volvebat
948 1717 978 1777 sc
1000 1723 1027 1776 in
1048 1728 1129 1790 terra,
1145 1731 1172 1778 et
1188 1725 1254 1783 nihil

85 1803 157 1859 alind
179 1803 295 1858 iaciebat
323 1805 375 1859 nisi
408 1796 540 1876 linguam⁰
570 1803 735 1878 proferebat,
759 1812 786 1860 et
808 1805 834 1859 iu
864 1812 950 1860 totum
979 1819 1034 1859 uon
1061 1820 1092 1859 se
1120 1805 1252 1875 movebat,

85 1885 213 1959 quamdiu
234 1886 344 1941 uausivi
365 1886 447 1942 illam.
489 1885 611 1943 Habebat
632 1895 720 1943 autem
742 1888 800 1960 ipsa
822 1886 909 1943 bestia
939 1902 1021 1960 super
1043 1895 1125 1960 caput
1146 1886 1254 1945 colores

84 1975 227 2041 quattuor:
249 1968 354 2041 nigrum
377 1978 405 2026 et
426 1970 534 2042 igneum
557 1971 613 2026 sive
635 1968 822 2044 sanguineum,
847 1978 874 2027 et
895 1984 1023 2026 aurosum
1044 1976 1072 2025 st
1093 1968 1191 2026 album.

165 2213 245 2287 (n)ll.
269 2217 381 2285 Quando
404 2220 492 2273 autem
507 2212 630 2272 transivit
645 2233 694 2275 me
717 2217 760 2273 illa
781 2218 876 2286 bestia,
899 2222 926 2272 ot
948 2218 1065 2273 accessit
1078 2221 1155 2290 quasi
1168 2221 1254 2294 pedes

83 2301 200 2374 triginta,
223 2316 289 2355 ecce
312 2299 390 2353 obvia
413 2299 477 2353 milvi
499 2299 571 2352 venit
592 2300 669 2370 virgo
691 2306 785 2353 ornata
808 2298 885 2370 quasi
906 2299 941 2353 de
964 2299 1080 2354 thalamo
1100 2301 1255 2373 procedens

84 2383 110 2438 lu
132 2382 200 2437 albis
224 2381 413 2436 calceamentis
436 2389 463 2434 et
482 2379 550 2434 albis
571 2379 689 2434 vestibus
712 2388 808 2451 operta
829 2395 916 2449 usqne
933 2378 966 2434 ad
983 2379 1111 2446 lrontem,
1135 2390 1163 2435 et
1176 2383 1255 2438 mitro

84 2473 142 2520 erat
162 2464 330 2535 opertorium
353 2463 429 2527 cius3
458 2460 575 2516 babebat
602 2468 692 2516 autem
722 2461 834 2533 capillos
864 2459 951 2514 albos.
993 2460 1111 2532 Cognovi
1132 2476 1200 2534 erpo
1222 2478 1255 2518 ss

82 2545 220 2620 prioribus
243 2542 407 2612 visionibus,
431 2544 558 2616 quoniam
580 2541 698 2598 ecclesia
716 2549 773 2611 est,
795 2547 820 2597 et
843 2536 936 2597 hilaris
957 2541 1072 2598 effectus
1096 2556 1163 2597 sum.
1207 2542 1253 2600 illa

84 2636 174 2685 autem
205 2627 326 2682 salutavit
353 2640 397 2681 me
426 2626 536 2681 dicens:
567 2640 614 2681 ars
642 2626 734 2680 homo·
776 2620 808 2681 llt
835 2637 886 2697 ego
917 2622 986 2678 illam
1016 2623 1178 2679 resalutavi:
1206 2640 1253 2682 ave

84 2712 202 2768 domina.
245 2709 292 2765 llla
321 2709 494 2782 respondens
517 2710 554 2763 ait
574 2708 654 2764 mihis
678 2707 745 2768 uilsil
768 2704 830 2777 [tibi
852 2702 1005 2776 accurritl]
1024 2706 1094 2761 bico
1114 2707 1153 2762 sis
1175 2707 1255 2764 etians

85 2791 201 2870 domitia,
221 2793 282 2848 talis
305 2790 402 2860 bestia,
426 2809 495 2866 quae
517 2797 627 2865 poterat
643 2786 951 2864 'populoseousnmere3
973 2788 1023 2845 sod
1041 2789 1139 2846 virtute
1150 2789 1256 2845 bomini

86 2885 112 2932 et
134 2877 307 2932 miseratione
330 2879 388 2930 cius
412 2875 483 2931 evasi
507 2874 539 2929 ab
563 2876 629 2948 ipsa.
672 2873 753 2940 benc,
776 2873 877 2946 inquit,
900 2872 1016 2939 evasisti,
1037 2874 1163 2944 quoniam
1183 2872 1255 2928 solli·

85 2959 234 3014 citudinem
254 2966 327 3013 tuam
349 2959 376 3013 iu
399 2958 539 3014 Dominum
560 2957 712 3031 proiecisti,⁴
733 2964 760 3012 et
780 2973 830 3013 cor
851 2963 926 3010 tuum
948 2955 1080 3028 aperuisti
1109 2955 1181 3027 apud
1200 2955 1251 3010 lio·

86 3042 195 3109 minum,
220 3039 344 3108 credens,
368 3042 430 3114 quia
455 3057 506 3114 per
527 3039 628 3097 nullum
658 3046 768 3112 poteras
790 3037 895 3104 salvari,
915 3037 972 3092 nisi·
998 3051 1048 3110 per
1075 3051 1201 3110 magnum
1229 3043 1258 3093 et

86 3122 241 3208 gloriosum)
258 3133 357 3181 nomen
378 3117 501 3197 [ipsius]
544 3122 660 3196 Propter
671 3122 724 3178 hoc
739 3121 869 3180 Dominus
880 3119 1022 3177 destinavit
1032 3118 1156 3193 angelum
1168 3134 1255 3189 suurn,

88 3323 296 3338 ρ-σ--υ-η

141 3465 182 3530 12)
199 3465 243 3514 illo
269 3465 343 3510 iustis
372 3460 432 3511 ordo
461 3459 484 3508 in
513 3461 577 3520 vat,
607 3469 654 3510 tnru
740 3458 767 3524 3)
785 3458 1072 3532 responsoriororum
1090 3457 1169 3507 ducos
1187 3457 1238 3510 tar.

87 3535 166 3598 9⁰⁸⁸)
186 3548 211 3596 P·
230 3536 316 3595 imm·
740 3543 767 3604 l)
786 3551 863 3592 cutem
881 3557 928 3590 om.
946 3541 995 3588 tat

141 3601 182 3662 13)
201 3600 326 3648 transirem
343 3594 393 3644 var.
959 3640 963 3649 .
1017 3638 1046 3650 Η
1136 3638 1140 3649 ¹

141 3667 171 3718 14
203 3667 247 3715 {tta
265 3665 341 3714 oscula
359 3670 449 3725 cransp,
468 3659 519 3709 vap,
741 3643 767 3706 5)
786 3643 855 3691 Voce.
874 3643 973 3689 oorumt
989 3639 1046 3686 mrbs
1066 3637 1116 3687 des.
1135 3653 1159 3687 m
1178 3638 1228 3687 ilat

140 3734 171 3787 15
202 3732 286 3784 dtintlss
303 3730 354 3778 le·
740 3743 766 3805 ti)
785 3742 857 3788 nimio
876 3739 925 3789 tat

139 3868 196 3932 cap,
214 3865 242 3914 11,
280 3863 305 3926 1)
325 3863 423 3911 uestram
441 3861 544 3923 amp
560 3876 586 3910 px
605 3861 655 3909 vat.
741 3840 768 3905 l)
786 3840 907 3902 proiecisti
934 3839 964 3886 od
986 3839 1105 3887 dominum
1132 3833 1256 3885 ordloatar

90 3943 112 3985 at
125 3935 182 4001 pr.
191 3933 235 3994 St,
253 3927 464 3990 subrogauerat,
476 3927 578 3977 subinde
594 3944 651 3992 pro·
689 3909 713 3957 *¹¹
733 3908 790 3966 Vlla
808 3914 858 3954 ²⁰⁰¹
877 3906 935 3969 W
951 3918 975 3969 P·
994 3907 1057 3969 Μ
1069 3904 1118 3952 W·
1130 3902 1179 3951 9³¹·
1198 3900 1249 3949 VM·

89 4017 196 4067 praesum
215 4017 239 4064 p.
259 4011 399 4061 propressuo
419 4010 470 4042 sum
488 3992 538 4044 vat.
686 3976 769 4024 ΙΡθῑΐ·
789 3975 812 4032 5,
831 3972 854 4020 7·
873 3980 898 4021 ⁰1
915 3972 964 4021 dt&
982 3973 1006 4032 l,
1028 3972 1065 4021 ¹2·

140 4102 167 4163 ²)
183 4100 252 4163 llll·
271 4099 385 4163 ΜΨ
400 4099 517 4170 ‘fmus
536 4099 654 4170 “wll''
737 4107 765 4172 3)
782 4106 824 4161 Sio
840 4106 890 4156 Pal.
902 4107 1015 4156 Fortasse
1033 4115 1081 4152 scr.
1097 4102 1169 4164 potis.
1250 4160 1252 4163 v

90 4169 118 4217 ds
141 4169 243 4218 Mauro
268 4165 418 4230 proprsdr'sos
436 4168 486 4210 tots
505 4175 530 4208 ro
549 4160 611 4208 albu
630 4167 654 4208 st
737 4188 764 4255 4)
783 4187 818 4240 Ita
837 4202 877 4238 scr
902 4188 952 4238 pal·

89 4237 246 4289 sosimus
264 4233 324 4282 attis
342 4231 485 4280 circumdato
502 4233 614 4290 utusque
624 4227 664 4274 od·
789 4276 793 4285 ¹
878 4226 883 4237 ⁴

89 4305 176 4363 [oriem
194 4304 288 4350 mitram
314 4298 376 4360 (sine
404 4293 502 4354 babens)
528 4295 578 4341 lat
603 4293 655 4342 tid.
740 4274 766 4337 5)
784 4274 829 4324 ¹²²⁰
846 4270 897 4322 9⁸1·

89 4370 163 4432 lpoc.
182 4369 222 4428 at,
241 4368 264 4416 2.
283 4373 308 4414 et
324 4365 411 4414 lacbm.
432 4361 447 4410 l.
466 4377 486 4410 c.
504 4372 528 4422 p.
548 4361 587 4410 dl.
666 4436 670 4442 Δ
741 4356 769 4422 6)
788 4358 870 4417 buono
887 4352 940 4415 l’al.
