2886 4882
423 250 605 307 MANDATUM
630 252 657 320 V,
682 253 708 308 l.
731 252 758 308 2.
790 253 830 321 VI,
856 256 879 311 1.
904 256 930 313 2.
1202 257 1262 319 593

95 432 148 470 νου
170 398 206 470 05
228 414 370 483 κατοικεῖ,
392 408 499 509 γίνεται
520 403 538 469 δ
557 404 715 511 άνθρωπος
735 408 846 483 ἐκεῖνος
865 408 949 486 κενὸς
970 410 1028 475 άπδ
1057 422 1108 479 τοῦ
1135 413 1263 497 πνεύμα-

94 515 142 565 τος
163 496 215 553 τοῦ
236 492 367 566 δικαίου,
389 490 438 552 καὶ
458 486 490 551 τδ
512 487 616 554 λοιπὸν
635 493 870 597 πεπληρωμένον8
891 502 950 568 τοῖς
957 494 1111 605 πνεύμασι
1131 506 1191 572 τοῖς
1211 525 1264 564 πο·

95 582 208 680 νηροῖς·
230 571 420 636 άκαταστατεῖ
439 574 470 635 έν
490 571 569 660 πάση
590 573 690 655 πράξει
712 572 812 649 αὐτοῦ,
834 577 1052 682 περισπώμενος
1072 574 1128 642 ώδε
1149 580 1264 646 κάκεῖσε

94 655 152 720 άπδ
181 662 238 719 τῶν
264 653 437 762 πνευμάτων
465 662 523 719 τῶν
549 665 704 762 πονηρῶν,
729 659 778 720 καὶ
799 656 874 733 ὅλως
895 657 1148 739 άποτυφλοῦται’
1133 660 1191 724 απδ
1211 672 1264 744 τῆς

94 742 226 814 διανοίας
254 746 307 844 τῆς
316 738 476 844 ,ἀγαθῆς
521 738 622 814 Ούτιος
652 733 707 805 ούν
738 745 888 822 συμβαίνει
916 750 988 807 πάσι
1019 753 1080 818 τοῖς
1108 741 1262 824 ὀξυχύλοις.

90 815 271 927 Ἀπέρου
235 847 290 885 ουν
309 820 366 886 άπο
388 849 441 903 της
462 819 629 929 ύξγηολίας,
650 831 702 888 τοῦ
725 825 923 905 πονηροτάτου
938 827 1117 909 πνεύματος·
1146 828 1265 892 ένδυσαι

93 904 174 969 55
144 933 197 987 την
218 909 435 1009 μακροθυμίαν,
458 906 507 969 καὶ
530 904 647 969 άντίστα
667 935 702 995 τη
692 906 861 1013 ύξνχολίρι
882 912 932 973 καλ
953 918 988 998 ιη’
1008 915 1121 1016 πικρία,
1142 911 1192 973 καλ
1213 911 1263 997 ἴση

95 988 297 1093 εὑρισκόμενος
327 987 397 1069 μετά
425 997 477 1070 τῆς
504 987 678 1071 σεμιδτητος
704 997 756 1071 τῆς
784 973 1017 1096 ἠγαπημένης
997 993 1055 1058 υπδ
1077 1018 1130 1057 τον
1116 995 1262 1095 κυρίου.

95 1064 244 1137 Βλέπε
208 1098 263 1136 ουν
283 1071 393 1154 μήποτε
408 1081 651 1179 παρενθνμηθῆς
668 1072 721 1156 τὴν
741 1072 860 1177 έντολῖγν
879 1077 1000 1180 ταύτην·
1022 1073 1124 1141 έάν
1092 1100 1147 1176 γαρ
1159 1073 1264 1156 ταύτης

92 1163 144 1237 τῆς
171 1157 289 1264 έγτολῆς
315 1154 486 1242 κυριεύσης,
514 1157 563 1218 καῖ
590 1135 642 1260 τάς
674 1154 777 1231 λοιπάς
797 1156 915 1233 ἐντολάς
935 1158 1047 1247 δυνηση
1068 1157 1248 1263 φυλάξαι,“
1229 1183 1264 1234 ας

93 1260 139 1302 σοι
160 1241 251 1320 μέλλω
272 1221 466 1304 ἐντέλλεσθαι·
488 1231 623 1320 ῖσχυε
588 1242 653 1304 ουν*
675 1239 761 1304 ἐν’
726 1249 828 1315 αυτοῖς
849 1243 899 1305 καὶ
920 1225 1046 1324 ένδυναμ
1047 1250 1100 1319 οῦ,
1122 1245 1171 1306 καλ
1191 1241 1264 1305 πάν-

92 1347 137 1398 τες
158 1321 482 1404 ένδυναμούσθιοσαν”
465 1343 529 1387 οσοι
551 1320 602 1386 έδν
623 1323 749 1388 θέλωσιν
768 1321 856 1387 ἐν’
821 1327 935 1400 αυταῖς“
956 1325 1143 1408 πορεύεσθαι.

540 1521 819 1600 ΕΝΤΟΛΗς’.

176 1648 194 1702 Ι.
232 1633 434 1739 Ἐνετειλάμην
462 1654 520 1711 σοι,
553 1639 660 1717 φησίν,
687 1638 719 1702 ἔν
748 1644 784 1724 τῇ
801 1635 912 1739 πρώτη
941 1639 1078 1727 §now
1064 1666 1111 1704 ινα
1120 1637 1263 1749 φυλάξης

88 1719 145 1827 τὴν
170 1723 266 1783 πίστιν
293 1721 343 1783 καλ
370 1715 421 1781 τδν
446 1687 544 1797 φόβδν
570 1716 675 1782 καλ
644 1747 694 1801 τηι
723 1718 897 1826 έγκράτειαν.
941 1725 1005 1784 Ναί
1012 1775 1019 1806 ,
1051 1726 1140 1830 φημί,
1169 1722 1261 1807 κύριε.

88 1801 175 1867 Ἀλλά
200 1810 256 1867 νῦν
283 1802 361 1865 θέλω
389 1823 447 1878 σοι,
477 1804 584 1882 φησίν,
613 1805 741 1884 δηλῶσαι
768 1801 873 1866 καλ
843 1829 894 1879 τας
923 1803 1115 1887 δννάμεις’
1081 1813 1190 1885 αυτῶν,
1213 1808 1263 1870 ἵνα

92 1908 200 2033 555⁹
225 1889 281 2033 ἷίῗ.
302 1882 414 2032 55'55
425 1852 833 2075 ‘55555555‘555
834 1886 1108 2081 {5555555
1124 1888 1264 2037 ⁷5⁶5?

93 2074 174 2117 στευε
190 1995 245 2116 ρτγῶ
273 2056 392 2157 δικαίῳ,
419 2053 459 2136 τῷ
486 2051 517 2115 55
538 2050 686 2140 άδίκῳ
650 2080 698 2158 μη
710 2034 879 2159 πιστεύσῃς·
901 2052 932 2118 τδ
954 2036 1049 2159 γάρ
1031 2057 1145 2120 δίκαιον
1152 2053 1263 2159 ὀρθὴν

92 2134 161 2200 δδδν
182 2119 252 2218 ἔχει,
275 2133 306 2200 τδ
330 2117 364 2199 55
383 2114 485 2198 άδικον
507 2119 661 2242 στρεβλῆν·
682 2133 754 2200 άλλά
775 2134 811 2199 σύ
831 2145 867 2223 τῇ
878 2135 968 2242 ὀρθῇ
988 2140 1049 2223 οδςῦ
1071 2137 1198 2246 πορεύου
1211 2139 1262 2201 καλ

93 2219 196 2326 δμαλῇ,
218 2219 270 2301 τὴν
291 2219 321 2282 55
344 2215 481 2300 στρεβλην
503 2220 597 2283 ἔασον.
637 2217 727 2281 ΗΗ
694 2245 750 2321 γαρ
771 2217 889 2327 στρεβλῖγ
912 2200 981 2296 δδδς
1000 2202 1164 2302 τρίβους’
1132 2246 1186 2285 ουκ
1199 2222 1262 2300 ἔχει,

92 2301 155 2366 ἀλλ’
187 2299 308 2376 άνοδίας
334 2303 383 2364 καί
412 2297 620 2404 προσκόμματα
648 2302 756 2379 πολλά,
775 2303 825 2365 καλ
845 2302 959 2384 τραχεῖά
979 2305 1037 2367 έστι
1058 2306 1106 2367 καῖ
1127 2301 1262 2367 άκανθιύ-

93 2390 160 2466 δης·
187 2381 312 2466 βλαβερά
341 2377 396 2447 ούν
423 2384 481 2446 ἔστί
509 2393 569 2459 τοῖς
598 2384 691 2447 ἕν’
655 2394 730 2473 αντη
757 2386 970 2492 πορευομένοις.
1016 2385 1103 2449 0555
1124 2393 1159 2493 τηρ
1181 2383 1261 2473 ὀρθῇ

93 2467 155 2569 δδρῖ
176 2468 364 2571 πορευόμενοι
387 2464 501 2546 ὁμαλῶς
519 2476 710 2545 περιπατοῦσι
731 2467 817 2532 κάλ’
802 2467 1008 2574 απροσκύπας·
1037 2467 1103 2532 ούτε
1123 2469 1177 2571 γάρ
1198 2493 1263 2550 τρα·

93 2549 154 2652 γεῖά
184 2553 259 2615 ἔστιν
287 2548 354 2614 ούτε
391 2547 575 2655 άκανθώδης.
630 2553 749 2627 Βλέπεις
777 2544 832 2615 οὖν
856 2551 900 2616 ὅτι
922 2550 1174 2657 συμφορώτερύν’
1204 2552 1264 2614 ἐστι

93 2632 183 2738 ταύτη
203 2642 238 2723 τῇ
260 2632 322 2721 δδῷ
342 2631 528 2735 πορεύεσθαι.
567 2631 702 2740 Αρέσκει
716 2661 783 2740 μοι,
804 2638 897 2717 φημί,
918 2634 1014 2719 κύριε,
1036 2661 1071 2698 τα
1147 2661 1182 2722 τη
1202 2631 1263 2720 δδγῖ

92 2717 278 2824 πορεύεσθαι.
301 2699 471 2819 Πορεύση,
501 2720 590 2798 φησί·
618 2716 710 2781 καλ“
693 2745 727 2795 ος
754 2716 790 2782 άν
817 2720 847 2795 ἐξ
875 2718 945 2800 ὅλης
964 2661 1263 2806 καρδίαῖτύπιστρέψη

93 2827 168 2886 προς
188 2827 305 2886 κυριον,
329 2800 500 2885 πορεύσεται
522 2798 610 2864 ἕν’
575 2808 658 2889 αυτῇ.

179 2962 208 3019 ΙΙ.
240 2950 350 3018 ’Ἁκουε
382 2958 452 3035 νῦν,
483 2953 570 3033 φησί,
598 2950 664 3035 περί
691 2957 743 3055 της
769 2952 900 3024 πίστεως.
956 2946 1020 3013 Δύο
1050 2952 1122 3014 είσλν
1151 2947 1265 3035 άγγελοι

93 3034 163 3141 μετά
184 3042 236 3099 τοῦ
257 3033 430 3141 ἀνθρώπου,
446 3005 493 3111 είς
513 3041 565 3115 τῆς
586 3036 773 3140 δικαιοσυνης
793 3035 843 3098 καλ
863 3029 905 3108 είς
925 3040 978 3114 τῆς
1001 3036 1150 3139 πονηρίας.
1193 3039 1266 3109 Πῶς

94 3111 166 3195 οὖν,
187 3121 277 3223 φημί,
299 3119 394 3201 κύριε,
416 3117 562 3222 γνώσομαι
580 3115 633 3192 τάς
653 3114 750 3181 αύτῶν
771 3115 976 3200 ἕνεργείας,”
959 3141 1004 3179 οτι
1032 3113 1190 3223 άμφάτεροι
1217 3113 1266 3220 άγ-

93 3209 172 3307 γελοι
189 3198 260 3304 μετ’
290 3202 374 3303 ἐμοῦ
390 3209 591 3279 κατοικοῦσινς
614 3197 725 3265 ’Ἀκουε
735 3202 853 3283 ,φησί,
884 3200 934 3265 καὶ
961 3209 1069 3275 συνιεῖς
1089 3195 1189 3273 αύτάς.
1226 3195 1265 3263 ‘0

95 3283 147 3366 μὲν
167 3291 222 3387 τῆς
241 3280 427 3364 δικαιοσύνης
447 3281 567 3390 άγγελος
587 3282 730 3388 τρυφερός
752 3285 810 3347 έστι
830 3254 881 3347 καί
902 3281 1089 3387 αίσχνντηρδς
1109 3309 1160 3347 και
1171 3307 1267 3362 πρανς

95 3364 185 3432 καί
165 3364 306 3472 ησύγιος.
325 3365 420 3429 Ὅταν
448 3391 503 3431 ουν
523 3391 610 3440 ουτος
630 3363 728 3429 555
698 3392 751 3448 την
770 3368 893 3470 καρδίαν
915 3387 969 3429 σου
990 3363 1153 3450 άναβῇ,...
1155 3366 1266 3466 ’γίνου

96 3473 146 3515 σκε
173 3449 219 3514 ὅτι
245 3447 262 3514 δ
288 3446 405 3595 άγγελος
431 3457 484 3530 τῆς
512 3447 702 3551 δικαιοσύνης
726 3446 796 3529 μετά
826 3451 881 3512 σοῦ
902 3449 968 3511 ἐστί.
1014 3454 1111 3509 Ταῦτα
1133 3436 1188 3508 ούν
1208 3445 1268 3508 ἐστλ

95 3532 130 3597 τά
161 3535 246 3638 ἔργα
255 3540 307 3597 τοῦ
336 3559 388 3638 αγγ
389 3532 456 3595 έλου
466 3538 535 3635 τῆς
563 3529 759 3612 δικαιοσύνης.
804 3529 905 3616 Τούτω
925 3521 979 3592 οὖν
1000 3531 1115 3591 πίστευε
1136 3527 1185 3590 καί
1205 3535 1266 3603 τοῖς

96 3618 206 3714 έργοις
211 3613 310 3680 αὐτοῦ
350 3622 428 3720 Ορα
443 3605 498 3680 οὖν
519 3616 640 3679 καὶτοῦ
652 3614 696 3719 άγ
714 3616 826 3679 έλου
791 3639 842 3719 της
855 3594 1033 3713 πύνηρίας
1014 3637 1048 3673 τα
1036 3607 1137 3693 ἔργα.
1181 3614 1269 3692 Πρῶ-

96 3724 147 3762 τον
167 3697 285 3763 πάντων
306 3696 444 3780 ὀξύχολός
465 3698 539 3774 ἐστι,
561 3695 660 3761 καλ
629 3724 664 3761 τα
656 3643 808 3804 λύγρ’
773 3702 864 3759 αυτοῦ
886 3690 1018 3798 πονηρά,
1025 3674 1269 3800 καταστρέφοντα

97 3779 166 3856 τοὺς
186 3782 310 3857 δούλους
328 3789 380 3845 τοῦ
401 3788 486 3847 θεοῦ.
518 3779 613 3845 Ὅταν
631 3774 686 3846 οὖν
707 3773 792 3852 οὗτος
813 3775 910 3840 ἐπί
880 3802 934 3858 την
954 3779 1077 3880 καρδίαν
1098 3797 1151 3840 σου
1164 3773 1268 3880 άναβγ,

97 3872 193 3950 γνῶθι
214 3862 305 3929 αύτδν
325 3863 383 3931 άπδ
405 3871 463 3928 τῶν
484 3863 631 3948 ἔργων’
595 3871 694 3929 αυτοῦ.
737 3867 818 3941 Πῶς,
842 3863 927 3942 φημί,
948 3857 1039 3945 κύριε,
1061 3856 1158 3940 νοήσω
1171 3856 1268 3934 αύτον,

151 4051 178 4114 3)
198 4049 433 4129 τιετιληριρμένον.Ι
451 4051 486 4100 sic
505 4065 587 4113 apogr
702 4045 734 4094 ita
753 4059 843 4107 apogr„
862 4045 906 4096 sed
926 4060 1000 4109 super
1016 4048 1269 4110 υῑιοηιιεριαοῑειυιυ

153 4119 181 4175 λλ
200 4118 282 4196 λσχυε
298 4107 363 4170 055:
381 4132 464 4180 apogr.
484 4113 614 4229 ῖσρυρδν,
637 4115 667 4163 ita
702 4119 795 4162 εελον.

100 4192 125 4231 ut
149 4185 231 4259 ¹possis
253 4186 323 4234 etiam
352 4183 465 4248 ἰσχυροῦ
493 4197 519 4230 ιε
552 4183 670 4247 ῖσχυσον
753 4179 781 4242 2)
799 4194 882 4243 apogr.
902 4171 1127 4248 συμφορώτερον

101 4250 812 4379 coni55558p5ogrdv5551519.Cap
829 4314 857 4362 ΙΙ
893 4312 918 4374 1)
938 4310 1051 4360 ΡΙιιειΙι.
1076 4310 1093 4360 5.
1111 4309 1228 4361 excidisse
1244 4309 1270 4361 ἱιι

153 4383 230 4432 Mand.
250 4383 273 4431 V.
315 4384 340 4448 l)
364 4379 465 4449 δικαίῳ
492 4381 538 4432 καλ
563 4376 668 4449 δδλιιρι;
703 4388 798 4446 promtu
818 4386 861 4430 εει

169 4467 261 4517 Ριτιιτι
281 4478 365 4516 ιεοιτ.
1031 4463 1063 4514 38

773 4560 891 4592 Α
