2886 4882
330 246 455 305 lGNA'l'll
476 246 640 305 EPlSTOLb
660 246 704 305 Ab
727 244 958 306 SllYlllleSES.
985 246 1041 307 tlt.
1060 246 1131 307 Xlll.
1255 244 1315 311 ³⁰1

227 445 283 502 llll.
327 445 430 503 Salutat
445 461 493 502 ros
508 447 617 504 dilectio
632 447 746 504 fratrum
759 455 923 513 vestrorum,
940 464 1010 523 qnae
1025 454 1068 505 est
1082 449 1108 505 iu
1127 448 1222 507 Troia:
1243 448 1317 509 unde

144 540 171 588 et
192 529 285 587 scribo
307 530 384 587 vobis
407 546 457 604 per
478 528 613 604 Burgum,
645 546 726 602 quem
747 531 859 587 misistis
880 546 986 589 mecum
1016 547 1071 587 una
1099 548 1160 588 cum
1180 533 1317 608 Ephesiis,

144 612 275 671 fratribus
304 613 417 672 restris:
454 614 499 686 qui
522 629 565 670 me
601 612 697 669 reiecit
724 613 752 669 in
782 612 916 671 omnibns.
965 613 998 671 Et
1026 614 1178 673 debuerant
1205 616 1316 691 quidem

143 714 239 756 omnes
261 714 323 753 eum
345 696 443 753 imitari
452 688 470 763 ,¹
494 698 556 770 quia
578 695 729 770 exemplum
752 705 795 754 est
815 697 959 754 ministerii
980 697 1036 755 llei.
1078 690 1269 758 Retribuetur¹
1289 700 1317 758 ei

142 783 227 856 gratia
249 781 355 837 llomini
376 780 403 836 in
425 779 560 837 omnibus.
603 778 695 837 Saluto
712 778 768 837 lleo
791 780 902 854 dignum
918 778 1083 857 Episcopum
1104 791 1224 840 restrum
1237 782 1317 861 Poly·

144 881 270 940 carpum,
300 872 328 921 et
349 862 404 920 [leo
435 863 656 921 decentissimum
679 861 900 938 Presbyterium,
928 871 955 921 et
983 864 1158 923 Christilcros
1181 865 1316 925 Diaconos

143 964 292 1005 conservos
312 964 388 1004 meos
398 938 418 1002 :⁸
445 955 471 1003 et
504 946 660 1022 specialiter
688 953 716 1003 et
748 947 914 1021 generaliter
941 964 1036 1006 omnes
1065 949 1093 1005 in
1120 950 1230 1007 nomine
1252 948 1315 1007 lesu

143 1031 258 1099 Christi,
282 1040 310 1088 et
330 1031 357 1087 in
379 1046 461 1087 carne
484 1032 560 1099 eius,
584 1037 612 1087 et
633 1030 660 1085 in
682 1031 813 1103 sanguine
834 1030 920 1105 ipsius
929 1023 949 1099 ,⁴
975 1039 1003 1089 et
1031 1032 1059 1088 in
1087 1033 1215 1106 passione
1238 1040 1267 1089 et
1287 1033 1315 1091 in

143 1116 346 1172 resurrectione
370 1113 469 1170 carnali
492 1122 521 1171 et
542 1111 685 1188 spirituali,
708 1113 735 1169 iu
757 1114 858 1171 uuimte
872 1113 919 1171 llei
943 1123 970 1173 et
991 1122 1089 1172 verua.
1132 1113 1224 1172 Gratia
1237 1114 1316 1175 robis

144 1207 172 1254 et
191 1197 385 1266 misericordia,
408 1188 472 1271 pa1⁸
493 1206 519 1254 et
540 1197 671 1271 patientia
690 1197 717 1253 in
740 1195 867 1254 omnibus
890 1199 917 1254 iu
940 1198 1057 1257 Christo.

226 1347 293 1404 lllll.
336 1346 429 1404 Saluto
452 1346 548 1405 domos
570 1344 685 1402 fratrum
707 1363 847 1417 meorum,
870 1365 932 1406 cum
953 1348 1084 1406 uxoribus
1106 1358 1135 1406 et
1155 1346 1233 1418 filiis,
1265 1347 1316 1409 scd

146 1438 173 1487 et
193 1431 311 1506 virgines
342 1439 370 1488 et
395 1431 498 1487 viduas.
542 1428 695 1486 Incolumes
723 1438 812 1488 estote
838 1432 866 1488 in
886 1431 985 1489 virtute
1008 1432 1054 1488 llei
1076 1429 1172 1488 Patris.
1215 1430 1318 1491 Salutat

144 1530 192 1569 vos
214 1513 311 1570 Philon
334 1513 534 1580 condiaconus,
566 1512 611 1586 qui
634 1519 676 1568 est
695 1529 811 1570 mecum.
853 1513 947 1571 Saluto
969 1514 1079 1571 domum
1101 1514 1214 1587 Garine,
1236 1530 1318 1589 qum

145 1604 210 1670 opto
232 1595 335 1653 firmari
356 1597 382 1652 in
406 1589 469 1653 lide¹
491 1603 518 1652 el
541 1594 688 1652 dilectione
719 1597 819 1654 carnali
851 1605 879 1654 et
899 1587 1056 1671 spirituul'u’
1098 1595 1190 1655 Saluto
1212 1586 1317 1667 dlc0m¹

146 1678 326 1736 desiderabile
347 1680 413 1736 milri
434 1695 544 1747 nomen,
565 1686 592 1735 et
613 1670 767 1751 Daphnum‘
789 1678 1029 1754 incomparabilem
1050 1678 1201 1738 othonum
1222 1680 1317 1753 lilium,

144 1771 172 1817 et
202 1778 297 1818 omnes
333 1764 498 1820 nominatim.
541 1760 694 1819 lucolumes
725 1770 814 1819 estote
843 1765 870 1818 in
899 1763 985 1837 gratia
1012 1762 1060 1820 llei
1090 1760 1199 1821 llomini'
1228 1766 1317 1823 nonni

148 1843 210 1900 lesu
234 1844 352 1911 Christi,
382 1845 480 1921 repleti
502 1842 605 1920 Spiritu
632 1841 733 1902 Sancto
757 1854 786 1903 et
815 1846 949 1921 sapientia
974 1853 1067 1903 sancta
1095 1854 1176 1922 atque
1206 1838 1318 1906 divino.⁸

145 1928 238 1985 Amen.

194 2155 252 2218 Cap.
270 2154 318 2205 llll.
344 2154 369 2219 1)
387 2156 476 2204 irritari
496 2169 575 2205 omues
595 2168 619 2218 p.
635 2169 713 2205 omues
801 2153 829 2219 5)
846 2163 867 2205 rt
883 2170 935 2219 pos
954 2154 1005 2206 Pal.

148 2238 199 2271 rum
217 2225 307 2273 imitari
325 2223 382 2286 Reg.

197 2290 431 2352 liberalissima.
800 2288 926 2353 Caplllll.
954 2288 1014 2406 izin
1031 2292 1118 2343 cbristo
1134 2293 1181 2355 fide
1199 2294 1315 2359 erbllep.

196 2357 223 2422 ³)
244 2357 411 2421 christoforum
439 2355 511 2422 (erat
541 2356 714 2422 christoforus)
800 2356 828 2422 2)
846 2358 950 2421 spiritali
988 2357 1019 2408 al.

146 2427 256 2475 dioeooor
282 2441 402 2476 conservos
425 2440 490 2475 meos
511 2425 575 2488 (erat
598 2426 713 2475 distortor
798 2424 814 2474 3
843 2426 909 2475 uren
928 2423 987 2488 rat,
1004 2427 1099 2492 ambigo
1117 2428 1147 2478 de
1162 2428 1219 2491 llcg.

145 2508 268 2542 conservus
285 2492 362 2557 meur)
381 2492 439 2554 rat,
457 2499 478 2540 rt
495 2494 648 2555 christoforus
658 2492 712 2541 dia·
799 2492 813 2541 l
846 2493 971 2543 darnumdo
988 2492 1039 2544 Pal.
1059 2498 1182 2558 dosromio
1198 2495 1255 2559 lleg.

144 2576 215 2610 conus
235 2575 358 2610 conseruata
375 2575 441 2611 meur
458 2559 514 2622 lleg.
533 2575 557 2625 p.
577 2567 599 2610 et
614 2558 713 2611 Cbrirti-
801 2560 829 2622 b)
845 2560 968 2611 individuo
984 2560 1040 2626 llep.
1072 2563 1226 2628 Subsequens
1244 2563 1316 2615 dures

143 2631 208 2688 seror
226 2627 344 2678 diaconos
364 2642 486 2679 conservos
503 2643 565 2678 meos
584 2626 647 2689 vulg.
748 2641 797 2676 non
820 2633 858 2677 est
879 2626 904 2676 iu
922 2627 973 2678 Pal.
995 2629 1050 2693 lleg.
1085 2630 1138 2680 llllc
1159 2630 1262 2695 Explicit
1285 2632 1317 2683 cd

196 2694 225 2760 ⁴)
238 2699 316 2759 ipsius
337 2711 384 2746 om,
403 2696 452 2744 Pal.
749 2708 905 2757 tuaproceres,
923 2695 976 2746 heic
988 2696 1091 2762 Explicit
1109 2697 1158 2748 l’ll.
