<?xml version="1.0" encoding="UTF-8"?>
<!DOCTYPE html PUBLIC "-//W3C//DTD XHTML 1.0 Transitional//EN"
    "http://www.w3.org/TR/xhtml1/DTD/xhtml1-transitional.dtd">
<html xmlns="http://www.w3.org/1999/xhtml" xml:lang="en" lang="en">
 <head>
  <title>
</title>
<meta http-equiv="Content-Type" content="text/html;charset=utf-8" />
  <meta name='ocr-system' content='tesseract 3.04.00' />
  <meta name='ocr-capabilities' content='ocr_page ocr_carea ocr_par ocr_line ocrx_word'/>
</head>
<body>
  <div class='ocr_page' id='page_1' title='image "./patrumapostolic00polygoog/patrumapostolic00polygoog_0550.png"; bbox 0 0 2886 4882; ppageno 0'>
   <div class='ocr_carea' id='block_1_1' title="bbox 288 232 1292 309">
    <p class='ocr_par' dir='ltr' id='par_1_1' title="bbox 288 232 1292 309">
     <span class='ocr_line' id='line_1_1' title="bbox 288 232 1292 309; baseline 0.003 -13"><span class='ocrx_word' id='word_1_1' title='bbox 288 239 425 297; x_wconf 75' lang='lat' dir='ltr'>ltnttntn</span> <span class='ocrx_word' id='word_1_2' title='bbox 446 239 584 298; x_wconf 82' lang='lat' dir='ltr'><strong>PASTOR.</strong></span> <span class='ocrx_word' id='word_1_3' title='bbox 628 238 724 297; x_wconf 80' lang='lat' dir='ltr'>LIBER</span> <span class='ocrx_word' id='word_1_4' title='bbox 747 239 789 296; x_wconf 92' lang='lat' dir='ltr'>lll.</span> <span class='ocrx_word' id='word_1_5' title='bbox 819 237 954 299; x_wconf 82' lang='lat' dir='ltr'>SllllLlT.</span> <span class='ocrx_word' id='word_1_6' title='bbox 973 238 1017 298; x_wconf 84' lang='lat' dir='ltr'>tv.</span> <span class='ocrx_word' id='word_1_7' title='bbox 1039 238 1070 299; x_wconf 82' lang='lat' dir='ltr'>V.</span> <span class='ocrx_word' id='word_1_8' title='bbox 1092 232 1136 309; x_wconf 76' lang='lat' dir='ltr'>(B)</span> <span class='ocrx_word' id='word_1_9' title='bbox 1232 233 1292 300; x_wconf 78' lang='grc'>489</span> 
     </span>
    </p>
   </div>
   <div class='ocr_carea' id='block_1_2' title="bbox 558 490 856 539">
    <p class='ocr_par' dir='ltr' id='par_1_2' title="bbox 558 490 856 539">
     <span class='ocr_line' id='line_1_2' title="bbox 558 490 856 539; baseline -0.003 -9"><span class='ocrx_word' id='word_1_10' title='bbox 558 490 716 531; x_wconf 75' lang='lat' dir='ltr'>sttttttrttlto</span> <span class='ocrx_word' id='word_1_11' title='bbox 738 490 856 539; x_wconf 76' lang='lat' dir='ltr'>Qudnrn.</span> 
     </span>
    </p>
   </div>
   <div class='ocr_carea' id='block_1_3' title="bbox 116 585 1295 2398">
    <p class='ocr_par' dir='ltr' id='par_1_3' title="bbox 116 585 1295 2398">
     <span class='ocr_line' id='line_1_3' title="bbox 207 585 1292 664; baseline 0.004 -21"><span class='ocrx_word' id='word_1_12' title='bbox 207 585 245 660; x_wconf 86' lang='grc' dir='ltr'>(ι)</span> <span class='ocrx_word' id='word_1_13' title='bbox 269 590 392 644; x_wconf 75' lang='lat' dir='ltr'>Ostendit</span> <span class='ocrx_word' id='word_1_14' title='bbox 414 591 478 646; x_wconf 83' lang='lat' dir='ltr'>milri</span> <span class='ocrx_word' id='word_1_15' title='bbox 501 591 614 647; x_wconf 88' lang='lat' dir='ltr'>arbores</span> <span class='ocrx_word' id='word_1_16' title='bbox 638 591 713 659; x_wconf 87' lang='lat' dir='ltr'>altas,</span> <span class='ocrx_word' id='word_1_17' title='bbox 737 607 849 664; x_wconf 90' lang='lat' dir='ltr'>quarum</span> <span class='ocrx_word' id='word_1_18' title='bbox 871 588 976 662; x_wconf 84' lang='lat' dir='ltr'>aliquae</span> <span class='ocrx_word' id='word_1_19' title='bbox 998 588 1111 644; x_wconf 90' lang='lat' dir='ltr'>lrondes</span> <span class='ocrx_word' id='word_1_20' title='bbox 1126 589 1292 661; x_wconf 77' lang='lat' dir='ltr'><strong>emittebant,</strong></span> 
     </span>
     <span class='ocr_line' id='line_1_4' title="bbox 121 671 1292 746; baseline -0.001 -15"><span class='ocrx_word' id='word_1_21' title='bbox 121 675 188 731; x_wconf 88' lang='lat' dir='ltr'>aliae</span> <span class='ocrx_word' id='word_1_22' title='bbox 203 680 280 729; x_wconf 84' lang='lat' dir='ltr'>erant</span> <span class='ocrx_word' id='word_1_23' title='bbox 297 672 396 727; x_wconf 84' lang='lat' dir='ltr'>aridae.</span> <span class='ocrx_word' id='word_1_24' title='bbox 441 673 473 728; x_wconf 83' lang='lat' dir='ltr'>Et</span> <span class='ocrx_word' id='word_1_25' title='bbox 485 676 520 729; x_wconf 85' lang='lat' dir='ltr'>ait</span> <span class='ocrx_word' id='word_1_26' title='bbox 532 674 615 730; x_wconf 87' lang='lat' dir='ltr'>milri:</span> <span class='ocrx_word' id='word_1_27' title='bbox 632 675 707 730; x_wconf 91' lang='lat' dir='ltr'>vides</span> <span class='ocrx_word' id='word_1_28' title='bbox 722 674 770 729; x_wconf 82' lang='lat' dir='ltr'>lias</span> <span class='ocrx_word' id='word_1_29' title='bbox 787 672 919 729; x_wconf 83' lang='lat' dir='ltr'>arboresl</span> <span class='ocrx_word' id='word_1_30' title='bbox 937 672 1028 737; x_wconf 91' lang='lat' dir='ltr'>Video,</span> <span class='ocrx_word' id='word_1_31' title='bbox 1044 671 1162 746; x_wconf 90' lang='lat' dir='ltr'>inquam,</span> <span class='ocrx_word' id='word_1_32' title='bbox 1175 673 1292 742; x_wconf 86' lang='lat' dir='ltr'>domine,</span> 
     </span>
     <span class='ocr_line' id='line_1_5' title="bbox 121 754 1293 827; baseline 0.001 -15"><span class='ocrx_word' id='word_1_33' title='bbox 121 758 186 813; x_wconf 85' lang='lat' dir='ltr'>alias</span> <span class='ocrx_word' id='word_1_34' title='bbox 209 773 241 813; x_wconf 84' lang='lat' dir='ltr'>ex</span> <span class='ocrx_word' id='word_1_35' title='bbox 264 755 315 809; x_wconf 88' lang='lat' dir='ltr'>illis</span> <span class='ocrx_word' id='word_1_36' title='bbox 339 754 525 825; x_wconf 76' lang='lat' dir='ltr'>frondescere,</span> <span class='ocrx_word' id='word_1_37' title='bbox 549 757 614 813; x_wconf 87' lang='lat' dir='ltr'>alias</span> <span class='ocrx_word' id='word_1_38' title='bbox 636 758 724 812; x_wconf 83' lang='lat' dir='ltr'>aridos</span> <span class='ocrx_word' id='word_1_39' title='bbox 747 773 817 812; x_wconf 89' lang='lat' dir='ltr'>esse.</span> <span class='ocrx_word' id='word_1_40' title='bbox 861 755 931 821; x_wconf 87' lang='lat' dir='ltr'>llae,</span> <span class='ocrx_word' id='word_1_41' title='bbox 954 755 1056 826; x_wconf 88' lang='lat' dir='ltr'>inquit,</span> <span class='ocrx_word' id='word_1_42' title='bbox 1079 754 1201 822; x_wconf 89' lang='lat' dir='ltr'>arbores,</span> <span class='ocrx_word' id='word_1_43' title='bbox 1224 772 1293 827; x_wconf 81' lang='lat' dir='ltr'>quae</span> 
     </span>
     <span class='ocr_line' id='line_1_6' title="bbox 122 830 1294 913; baseline 0.001 -18"><span class='ocrx_word' id='word_1_44' title='bbox 122 841 212 895; x_wconf 86' lang='lat' dir='ltr'>aridae</span> <span class='ocrx_word' id='word_1_45' title='bbox 234 846 307 903; x_wconf 88' lang='lat' dir='ltr'>sunt,</span> <span class='ocrx_word' id='word_1_46' title='bbox 330 837 393 892; x_wconf 91' lang='lat' dir='ltr'>iusti</span> <span class='ocrx_word' id='word_1_47' title='bbox 415 847 492 906; x_wconf 90' lang='lat' dir='ltr'>sunt,</span> <span class='ocrx_word' id='word_1_48' title='bbox 515 841 561 913; x_wconf 93' lang='lat' dir='ltr'>qui</span> <span class='ocrx_word' id='word_1_49' title='bbox 590 841 736 896; x_wconf 75' lang='lat' dir='ltr'>habitaturi</span> <span class='ocrx_word' id='word_1_50' title='bbox 765 847 828 894; x_wconf 89' lang='lat' dir='ltr'>suut</span> <span class='ocrx_word' id='word_1_51' title='bbox 856 839 881 892; x_wconf 93' lang='lat' dir='ltr'>in</span> <span class='ocrx_word' id='word_1_52' title='bbox 913 830 1049 911; x_wconf 89' lang='lat' dir='ltr'>sequenti¹</span> <span class='ocrx_word' id='word_1_53' title='bbox 1079 838 1182 893; x_wconf 88' lang='lat' dir='ltr'>seculo.</span> <span class='ocrx_word' id='word_1_54' title='bbox 1226 836 1294 896; x_wconf 90' lang='lat' dir='ltr'>lllud</span> 
     </span>
     <span class='ocr_line' id='line_1_7' title="bbox 121 919 1294 994; baseline -0.001 -15"><span class='ocrx_word' id='word_1_55' title='bbox 121 923 192 979; x_wconf 92' lang='lat' dir='ltr'>enim</span> <span class='ocrx_word' id='word_1_56' title='bbox 215 920 335 976; x_wconf 88' lang='lat' dir='ltr'>seculum</span> <span class='ocrx_word' id='word_1_57' title='bbox 357 929 446 976; x_wconf 88' lang='lat' dir='ltr'>aestas</span> <span class='ocrx_word' id='word_1_58' title='bbox 463 931 505 977; x_wconf 85' lang='lat' dir='ltr'>est</span> <span class='ocrx_word' id='word_1_59' title='bbox 528 923 614 986; x_wconf 90' lang='lat' dir='ltr'>iustis,</span> <span class='ocrx_word' id='word_1_60' title='bbox 637 923 737 994; x_wconf 85' lang='lat' dir='ltr'>iniquis</span> <span class='ocrx_word' id='word_1_61' title='bbox 752 938 817 977; x_wconf 88' lang='lat' dir='ltr'>vero</span> <span class='ocrx_word' id='word_1_62' title='bbox 840 921 944 994; x_wconf 83' lang='lat' dir='ltr'>hyems.</span> <span class='ocrx_word' id='word_1_63' title='bbox 987 919 1051 975; x_wconf 86' lang='lat' dir='ltr'>Cum</span> <span class='ocrx_word' id='word_1_64' title='bbox 1075 920 1156 992; x_wconf 80' lang='lat' dir='ltr'>igitur</span> <span class='ocrx_word' id='word_1_65' title='bbox 1169 920 1294 978; x_wconf 82' lang='lat' dir='ltr'>inluxerit</span> 
     </span>
     <span class='ocr_line' id='line_1_8' title="bbox 120 1002 1292 1077; baseline -0.001 -16"><span class='ocrx_word' id='word_1_66' title='bbox 120 1002 308 1062; x_wconf 86' lang='lat' dir='ltr'>misericordia</span> <span class='ocrx_word' id='word_1_67' title='bbox 330 1002 443 1071; x_wconf 83' lang='lat' dir='ltr'>Domini,</span> <span class='ocrx_word' id='word_1_68' title='bbox 466 1013 528 1062; x_wconf 90' lang='lat' dir='ltr'>tune</span> <span class='ocrx_word' id='word_1_69' title='bbox 544 1005 754 1061; x_wconf 85' lang='lat' dir='ltr'>declarabuntur</span> <span class='ocrx_word' id='word_1_70' title='bbox 776 1005 924 1060; x_wconf 85' lang='lat' dir='ltr'>servientes</span> <span class='ocrx_word' id='word_1_71' title='bbox 940 1003 1003 1069; x_wconf 83' lang='lat' dir='ltr'>Deo,</span> <span class='ocrx_word' id='word_1_72' title='bbox 1027 1011 1054 1059; x_wconf 92' lang='lat' dir='ltr'>et</span> <span class='ocrx_word' id='word_1_73' title='bbox 1067 1003 1193 1060; x_wconf 85' lang='lat' dir='ltr'>omnibus</span> <span class='ocrx_word' id='word_1_74' title='bbox 1206 1003 1292 1077; x_wconf 87' lang='lat' dir='ltr'>palam</span> 
     </span>
     <span class='ocr_line' id='line_1_9' title="bbox 121 1085 1295 1159; baseline 0.002 -16"><span class='ocrx_word' id='word_1_75' title='bbox 121 1087 195 1143; x_wconf 88' lang='lat' dir='ltr'>lient.</span> <span class='ocrx_word' id='word_1_76' title='bbox 238 1085 315 1141; x_wconf 87' lang='lat' dir='ltr'>Sicut</span> <span class='ocrx_word' id='word_1_77' title='bbox 336 1087 407 1141; x_wconf 90' lang='lat' dir='ltr'>enim</span> <span class='ocrx_word' id='word_1_78' title='bbox 430 1095 531 1144; x_wconf 76' lang='lat' dir='ltr'>aestate</span> <span class='ocrx_word' id='word_1_79' title='bbox 552 1089 656 1144; x_wconf 90' lang='lat' dir='ltr'>lructus</span> <span class='ocrx_word' id='word_1_80' title='bbox 678 1088 896 1159; x_wconf 87' lang='lat' dir='ltr'>uniuscuiusque</span> <span class='ocrx_word' id='word_1_81' title='bbox 919 1085 1026 1142; x_wconf 89' lang='lat' dir='ltr'>arboris</span> <span class='ocrx_word' id='word_1_82' title='bbox 1048 1086 1243 1154; x_wconf 78' lang='lat' dir='ltr'>manifestatur,</span> <span class='ocrx_word' id='word_1_83' title='bbox 1265 1095 1295 1145; x_wconf 87' lang='lat' dir='ltr'>et</span> 
     </span>
     <span class='ocr_line' id='line_1_10' title="bbox 121 1167 1293 1244; baseline 0 -18"><span class='ocrx_word' id='word_1_84' title='bbox 121 1170 298 1243; x_wconf 76' lang='lat' dir='ltr'>cognoscitur</span> <span class='ocrx_word' id='word_1_85' title='bbox 320 1167 618 1244; x_wconf 7' lang='lat' dir='ltr'>qualisqunusquisque</span> <span class='ocrx_word' id='word_1_86' title='bbox 642 1179 696 1226; x_wconf 85' lang='lat' dir='ltr'>est:</span> <span class='ocrx_word' id='word_1_87' title='bbox 727 1171 767 1226; x_wconf 88' lang='lat' dir='ltr'>sic</span> <span class='ocrx_word' id='word_1_88' title='bbox 789 1179 814 1225; x_wconf 92' lang='lat' dir='ltr'>ct</span> <span class='ocrx_word' id='word_1_89' title='bbox 837 1168 901 1225; x_wconf 90' lang='lat' dir='ltr'>iusti</span> <span class='ocrx_word' id='word_1_90' title='bbox 924 1177 951 1223; x_wconf 89' lang='lat' dir='ltr'>et</span> <span class='ocrx_word' id='word_1_91' title='bbox 972 1167 1075 1224; x_wconf 89' lang='lat' dir='ltr'>lructus</span> <span class='ocrx_word' id='word_1_92' title='bbox 1092 1185 1189 1226; x_wconf 86' lang='lat' dir='ltr'>eorum</span> <span class='ocrx_word' id='word_1_93' title='bbox 1210 1169 1293 1226; x_wconf 87' lang='lat' dir='ltr'>mani·</span> 
     </span>
     <span class='ocr_line' id='line_1_11' title="bbox 121 1251 1291 1327; baseline 0.002 -20"><span class='ocrx_word' id='word_1_94' title='bbox 121 1251 299 1317; x_wconf 82' lang='lat' dir='ltr'>testabuntur,</span> <span class='ocrx_word' id='word_1_95' title='bbox 323 1267 472 1325; x_wconf 89' lang='lat' dir='ltr'>omnesque</span> <span class='ocrx_word' id='word_1_96' title='bbox 501 1254 635 1327; x_wconf 88' lang='lat' dir='ltr'>parebunt</span> <span class='ocrx_word' id='word_1_97' title='bbox 656 1253 802 1320; x_wconf 89' lang='lat' dir='ltr'>laetantes,</span> <span class='ocrx_word' id='word_1_98' title='bbox 832 1251 878 1324; x_wconf 91' lang='lat' dir='ltr'>qui</span> <span class='ocrx_word' id='word_1_99' title='bbox 906 1251 1008 1307; x_wconf 86' lang='lat' dir='ltr'>minimi</span> <span class='ocrx_word' id='word_1_100' title='bbox 1037 1259 1114 1307; x_wconf 87' lang='lat' dir='ltr'>erant</span> <span class='ocrx_word' id='word_1_101' title='bbox 1141 1252 1167 1307; x_wconf 92' lang='lat' dir='ltr'>in</span> <span class='ocrx_word' id='word_1_102' title='bbox 1197 1251 1291 1309; x_wconf 89' lang='lat' dir='ltr'>seculo</span> 
     </span>
     <span class='ocr_line' id='line_1_12' title="bbox 122 1333 1291 1410; baseline 0.002 -20"><span class='ocrx_word' id='word_1_103' title='bbox 122 1336 184 1390; x_wconf 90' lang='lat' dir='ltr'>isto.</span> <span class='ocrx_word' id='word_1_104' title='bbox 226 1333 337 1389; x_wconf 81' lang='lat' dir='ltr'>Enterae</span> <span class='ocrx_word' id='word_1_105' title='bbox 359 1351 423 1389; x_wconf 90' lang='lat' dir='ltr'>vero</span> <span class='ocrx_word' id='word_1_106' title='bbox 446 1345 539 1408; x_wconf 76' lang='lat' dir='ltr'>gentes</span> <span class='ocrx_word' id='word_1_107' title='bbox 563 1344 590 1393; x_wconf 88' lang='lat' dir='ltr'>et</span> <span class='ocrx_word' id='word_1_108' title='bbox 611 1344 771 1410; x_wconf 81' lang='lat' dir='ltr'>peccatores</span> <span class='ocrx_word' id='word_1_109' title='bbox 794 1334 990 1391; x_wconf 84' lang='lat' dir='ltr'>sicutarbores</span> <span class='ocrx_word' id='word_1_110' title='bbox 1010 1334 1080 1401; x_wconf 88' lang='lat' dir='ltr'>illae,</span> <span class='ocrx_word' id='word_1_111' title='bbox 1104 1351 1170 1407; x_wconf 88' lang='lat' dir='ltr'>quas</span> <span class='ocrx_word' id='word_1_112' title='bbox 1201 1334 1291 1392; x_wconf 80' lang='lat' dir='ltr'>vidisti</span> 
     </span>
     <span class='ocr_line' id='line_1_13' title="bbox 122 1415 1293 1488; baseline 0.001 -15"><span class='ocrx_word' id='word_1_113' title='bbox 122 1417 220 1484; x_wconf 86' lang='lat' dir='ltr'>aridas,</span> <span class='ocrx_word' id='word_1_114' title='bbox 243 1415 310 1472; x_wconf 86' lang='lat' dir='ltr'>tales</span> <span class='ocrx_word' id='word_1_115' title='bbox 333 1417 516 1488; x_wconf 88' lang='lat' dir='ltr'>invenientur,</span> <span class='ocrx_word' id='word_1_116' title='bbox 546 1420 615 1476; x_wconf 88' lang='lat' dir='ltr'>aridi</span> <span class='ocrx_word' id='word_1_117' title='bbox 637 1427 664 1474; x_wconf 89' lang='lat' dir='ltr'>et</span> <span class='ocrx_word' id='word_1_118' title='bbox 686 1420 744 1474; x_wconf 87' lang='lat' dir='ltr'>sine</span> <span class='ocrx_word' id='word_1_119' title='bbox 772 1418 861 1474; x_wconf 87' lang='lat' dir='ltr'>lruetu</span> <span class='ocrx_word' id='word_1_120' title='bbox 893 1417 920 1472; x_wconf 92' lang='lat' dir='ltr'>in</span> <span class='ocrx_word' id='word_1_121' title='bbox 942 1416 1036 1472; x_wconf 88' lang='lat' dir='ltr'>seculo</span> <span class='ocrx_word' id='word_1_122' title='bbox 1065 1416 1126 1472; x_wconf 92' lang='lat' dir='ltr'>illo:</span> <span class='ocrx_word' id='word_1_123' title='bbox 1163 1425 1191 1473; x_wconf 88' lang='lat' dir='ltr'>et</span> <span class='ocrx_word' id='word_1_124' title='bbox 1220 1418 1293 1475; x_wconf 85' lang='lat' dir='ltr'>sicut</span> 
     </span>
     <span class='ocr_line' id='line_1_14' title="bbox 120 1499 1292 1574; baseline 0.001 -19"><span class='ocrx_word' id='word_1_125' title='bbox 120 1499 195 1555; x_wconf 86' lang='lat' dir='ltr'>arida</span> <span class='ocrx_word' id='word_1_126' title='bbox 216 1499 288 1572; x_wconf 83' lang='lat' dir='ltr'>ligna</span> <span class='ocrx_word' id='word_1_127' title='bbox 303 1499 511 1571; x_wconf 86' lang='lat' dir='ltr'>comburentur,</span> <span class='ocrx_word' id='word_1_128' title='bbox 536 1509 563 1559; x_wconf 87' lang='lat' dir='ltr'>et</span> <span class='ocrx_word' id='word_1_129' title='bbox 575 1501 826 1568; x_wconf 77' lang='lat' dir='ltr'>manifestabuntur,</span> <span class='ocrx_word' id='word_1_130' title='bbox 851 1501 976 1574; x_wconf 90' lang='lat' dir='ltr'>quoniam</span> <span class='ocrx_word' id='word_1_131' title='bbox 989 1515 1072 1573; x_wconf 84' lang='lat' dir='ltr'>opera</span> <span class='ocrx_word' id='word_1_132' title='bbox 1084 1516 1180 1556; x_wconf 91' lang='lat' dir='ltr'>eorum</span> <span class='ocrx_word' id='word_1_133' title='bbox 1199 1501 1292 1573; x_wconf 85' lang='lat' dir='ltr'>iniqua</span> 
     </span>
     <span class='ocr_line' id='line_1_15' title="bbox 120 1582 1291 1656; baseline -0.001 -18"><span class='ocrx_word' id='word_1_134' title='bbox 120 1583 229 1638; x_wconf 86' lang='lat' dir='ltr'>luerunt</span> <span class='ocrx_word' id='word_1_135' title='bbox 246 1583 272 1637; x_wconf 93' lang='lat' dir='ltr'>in</span> <span class='ocrx_word' id='word_1_136' title='bbox 294 1584 346 1638; x_wconf 87' lang='lat' dir='ltr'>vita</span> <span class='ocrx_word' id='word_1_137' title='bbox 368 1583 498 1655; x_wconf 89' lang='lat' dir='ltr'>ipsorum.</span> <span class='ocrx_word' id='word_1_138' title='bbox 541 1585 703 1642; x_wconf 81' lang='lat' dir='ltr'>Peccatores</span> <span class='ocrx_word' id='word_1_139' title='bbox 717 1601 783 1656; x_wconf 74' lang='lat' dir='ltr'>ergo</span> <span class='ocrx_word' id='word_1_140' title='bbox 806 1582 1008 1650; x_wconf 88' lang='lat' dir='ltr'>comburentur,</span> <span class='ocrx_word' id='word_1_141' title='bbox 1032 1583 1095 1654; x_wconf 87' lang='lat' dir='ltr'>quia</span> <span class='ocrx_word' id='word_1_142' title='bbox 1111 1582 1291 1656; x_wconf 91' lang='lat' dir='ltr'>deliquerunt,</span> 
     </span>
     <span class='ocr_line' id='line_1_16' title="bbox 119 1664 1291 1741; baseline 0.002 -22"><span class='ocrx_word' id='word_1_143' title='bbox 119 1681 208 1737; x_wconf 90' lang='lat' dir='ltr'>neque</span> <span class='ocrx_word' id='word_1_144' title='bbox 231 1664 391 1720; x_wconf 81' lang='lat' dir='ltr'>delictorum</span> <span class='ocrx_word' id='word_1_145' title='bbox 414 1682 525 1722; x_wconf 92' lang='lat' dir='ltr'>suorum</span> <span class='ocrx_word' id='word_1_146' title='bbox 548 1674 662 1741; x_wconf 79' lang='lat' dir='ltr'>egerunt</span> <span class='ocrx_word' id='word_1_147' title='bbox 683 1665 886 1740; x_wconf 86' lang='lat' dir='ltr'>poenitentiam.</span> <span class='ocrx_word' id='word_1_148' title='bbox 930 1665 1027 1720; x_wconf 88' lang='lat' dir='ltr'>Gentes</span> <span class='ocrx_word' id='word_1_149' title='bbox 1049 1673 1138 1720; x_wconf 86' lang='lat' dir='ltr'>autem</span> <span class='ocrx_word' id='word_1_150' title='bbox 1154 1681 1197 1732; x_wconf 87' lang='lat' dir='ltr'>eo,</span> <span class='ocrx_word' id='word_1_151' title='bbox 1217 1664 1291 1739; x_wconf 89' lang='lat' dir='ltr'>quod</span> 
     </span>
     <span class='ocr_line' id='line_1_17' title="bbox 118 1738 1289 1820; baseline 0.003 -20"><span class='ocrx_word' id='word_1_152' title='bbox 118 1763 173 1801; x_wconf 93' lang='lat' dir='ltr'>non</span> <span class='ocrx_word' id='word_1_153' title='bbox 196 1755 383 1819; x_wconf 83' lang='lat' dir='ltr'>cognoverunt</span> <span class='ocrx_word' id='word_1_154' title='bbox 405 1757 557 1806; x_wconf 88' lang='lat' dir='ltr'>creatorem</span> <span class='ocrx_word' id='word_1_155' title='bbox 580 1766 667 1817; x_wconf 88' lang='lat' dir='ltr'>suum,</span> <span class='ocrx_word' id='word_1_156' title='bbox 690 1749 892 1806; x_wconf 89' lang='lat' dir='ltr'>comburentur.</span> <span class='ocrx_word' id='word_1_157' title='bbox 934 1748 974 1803; x_wconf 87' lang='lat' dir='ltr'>&#39;lu</span> <span class='ocrx_word' id='word_1_158' title='bbox 995 1746 1077 1820; x_wconf 80' lang='lat' dir='ltr'>igitur</span> <span class='ocrx_word' id='word_1_159' title='bbox 1099 1747 1168 1803; x_wconf 90' lang='lat' dir='ltr'>intra</span> <span class='ocrx_word' id='word_1_160' title='bbox 1187 1757 1212 1803; x_wconf 89' lang='lat' dir='ltr'>te</span> <span class='ocrx_word' id='word_1_161' title='bbox 1232 1738 1289 1804; x_wconf 81' lang='lat' dir='ltr'>ler&#39;</span> 
     </span>
     <span class='ocr_line' id='line_1_18' title="bbox 119 1827 1291 1905; baseline 0.004 -22"><span class='ocrx_word' id='word_1_162' title='bbox 119 1829 246 1894; x_wconf 82' lang='lat' dir='ltr'>fructum,</span> <span class='ocrx_word' id='word_1_163' title='bbox 268 1837 298 1884; x_wconf 92' lang='lat' dir='ltr'>ut</span> <span class='ocrx_word' id='word_1_164' title='bbox 322 1831 348 1884; x_wconf 94' lang='lat' dir='ltr'>in</span> <span class='ocrx_word' id='word_1_165' title='bbox 371 1837 470 1887; x_wconf 87' lang='lat' dir='ltr'>aestate</span> <span class='ocrx_word' id='word_1_166' title='bbox 494 1833 536 1889; x_wconf 93' lang='lat' dir='ltr'>illa</span> <span class='ocrx_word' id='word_1_167' title='bbox 559 1833 662 1889; x_wconf 84' lang='lat' dir='ltr'>tructus</span> <span class='ocrx_word' id='word_1_168' title='bbox 685 1833 724 1888; x_wconf 93' lang='lat' dir='ltr'>tui</span> <span class='ocrx_word' id='word_1_169' title='bbox 746 1839 957 1905; x_wconf 82' lang='lat' dir='ltr'>cognoscantur.</span> <span class='ocrx_word' id='word_1_170' title='bbox 999 1827 1112 1886; x_wconf 77' lang='lat' dir='ltr'>Abstine</span> <span class='ocrx_word' id='word_1_171' title='bbox 1133 1838 1157 1886; x_wconf 90' lang='lat' dir='ltr'>te</span> <span class='ocrx_word' id='word_1_172' title='bbox 1172 1830 1205 1886; x_wconf 89' lang='lat' dir='ltr'>ab</span> <span class='ocrx_word' id='word_1_173' title='bbox 1228 1838 1291 1888; x_wconf 85' lang='lat' dir='ltr'>actu</span> 
     </span>
     <span class='ocr_line' id='line_1_19' title="bbox 119 1911 1291 1989; baseline 0.004 -24"><span class='ocrx_word' id='word_1_174' title='bbox 119 1911 295 1983; x_wconf 88' lang='lat' dir='ltr'>plurimarum</span> <span class='ocrx_word' id='word_1_175' title='bbox 318 1929 419 1980; x_wconf 84' lang='lat' dir='ltr'>rerum,</span> <span class='ocrx_word' id='word_1_176' title='bbox 439 1924 465 1970; x_wconf 89' lang='lat' dir='ltr'>et</span> <span class='ocrx_word' id='word_1_177' title='bbox 479 1916 547 1972; x_wconf 86' lang='lat' dir='ltr'>nihil</span> <span class='ocrx_word' id='word_1_178' title='bbox 559 1916 724 1989; x_wconf 86' lang='lat' dir='ltr'>peccaveris.</span> <span class='ocrx_word' id='word_1_179' title='bbox 767 1915 925 1987; x_wconf 84' lang='lat' dir='ltr'>Quicunque</span> <span class='ocrx_word' id='word_1_180' title='bbox 939 1913 1011 1969; x_wconf 92' lang='lat' dir='ltr'>enim</span> <span class='ocrx_word' id='word_1_181' title='bbox 1027 1913 1124 1968; x_wconf 88' lang='lat' dir='ltr'>multas</span> <span class='ocrx_word' id='word_1_182' title='bbox 1138 1929 1184 1968; x_wconf 90' lang='lat' dir='ltr'>res</span> <span class='ocrx_word' id='word_1_183' title='bbox 1200 1920 1291 1988; x_wconf 77' lang='lat' dir='ltr'>agunt,</span> 
     </span>
     <span class='ocr_line' id='line_1_20' title="bbox 118 1993 1293 2073; baseline 0.004 -25"><span class='ocrx_word' id='word_1_184' title='bbox 118 1993 199 2048; x_wconf 87' lang='lat' dir='ltr'>multa</span> <span class='ocrx_word' id='word_1_185' title='bbox 221 2010 334 2051; x_wconf 90' lang='lat' dir='ltr'>neeesse</span> <span class='ocrx_word' id='word_1_186' title='bbox 355 2003 398 2051; x_wconf 90' lang='lat' dir='ltr'>est</span> <span class='ocrx_word' id='word_1_187' title='bbox 420 1996 577 2073; x_wconf 87' lang='lat' dir='ltr'>delinquant</span> <span class='ocrx_word' id='word_1_188' title='bbox 589 2000 721 2072; x_wconf 84' lang='lat' dir='ltr'>protracti</span> <span class='ocrx_word' id='word_1_189' title='bbox 743 1998 815 2055; x_wconf 88' lang='lat' dir='ltr'>eirca</span> <span class='ocrx_word' id='word_1_190' title='bbox 829 1998 936 2070; x_wconf 80' lang='lat' dir='ltr'>negotia</span> <span class='ocrx_word' id='word_1_191' title='bbox 952 2012 1008 2064; x_wconf 92' lang='lat' dir='ltr'>sua,</span> <span class='ocrx_word' id='word_1_192' title='bbox 1024 1997 1086 2069; x_wconf 88' lang='lat' dir='ltr'>quia</span> <span class='ocrx_word' id='word_1_193' title='bbox 1105 2012 1156 2052; x_wconf 88' lang='lat' dir='ltr'>nee</span> <span class='ocrx_word' id='word_1_194' title='bbox 1171 1996 1293 2053; x_wconf 86' lang='lat' dir='ltr'>serviunt</span> 
     </span>
     <span class='ocr_line' id='line_1_21' title="bbox 118 2075 1290 2155; baseline 0.005 -26"><span class='ocrx_word' id='word_1_195' title='bbox 118 2075 239 2132; x_wconf 82' lang='lat' dir='ltr'>Domino.</span> <span class='ocrx_word' id='word_1_196' title='bbox 282 2077 422 2145; x_wconf 83' lang='lat' dir='ltr'>Quomodo</span> <span class='ocrx_word' id='word_1_197' title='bbox 445 2097 511 2155; x_wconf 78' lang='lat' dir='ltr'>ergo</span> <span class='ocrx_word' id='word_1_198' title='bbox 534 2090 626 2155; x_wconf 92' lang='lat' dir='ltr'>potest</span> <span class='ocrx_word' id='word_1_199' title='bbox 639 2081 795 2137; x_wconf 87' lang='lat' dir='ltr'>huiusmodi</span> <span class='ocrx_word' id='word_1_200' title='bbox 812 2081 893 2136; x_wconf 90' lang='lat' dir='ltr'>homo</span> <span class='ocrx_word' id='word_1_201' title='bbox 908 2088 1002 2153; x_wconf 89' lang='lat' dir='ltr'>petere</span> <span class='ocrx_word' id='word_1_202' title='bbox 1018 2078 1121 2151; x_wconf 86' lang='lat' dir='ltr'>aliquid</span> <span class='ocrx_word' id='word_1_203' title='bbox 1138 2096 1153 2134; x_wconf 87' lang='lat' dir='ltr'>a</span> <span class='ocrx_word' id='word_1_204' title='bbox 1167 2079 1290 2149; x_wconf 82' lang='lat' dir='ltr'>Domino,</span> 
     </span>
     <span class='ocr_line' id='line_1_22' title="bbox 117 2159 1289 2234; baseline 0.004 -22"><span class='ocrx_word' id='word_1_205' title='bbox 117 2175 178 2213; x_wconf 91' lang='lat' dir='ltr'>cum</span> <span class='ocrx_word' id='word_1_206' title='bbox 199 2175 253 2215; x_wconf 92' lang='lat' dir='ltr'>non</span> <span class='ocrx_word' id='word_1_207' title='bbox 278 2162 377 2216; x_wconf 87' lang='lat' dir='ltr'>serviat</span> <span class='ocrx_word' id='word_1_208' title='bbox 399 2161 456 2217; x_wconf 82' lang='lat' dir='ltr'>illil</span> <span class='ocrx_word' id='word_1_209' title='bbox 479 2163 634 2220; x_wconf 89' lang='lat' dir='ltr'>Servientes</span> <span class='ocrx_word' id='word_1_210' title='bbox 655 2171 744 2219; x_wconf 89' lang='lat' dir='ltr'>autem</span> <span class='ocrx_word' id='word_1_211' title='bbox 774 2163 886 2218; x_wconf 84' lang='lat' dir='ltr'>Domino</span> <span class='ocrx_word' id='word_1_212' title='bbox 910 2159 1045 2234; x_wconf 85' lang='lat' dir='ltr'>accipient</span> <span class='ocrx_word' id='word_1_213' title='bbox 1066 2160 1202 2216; x_wconf 88' lang='lat' dir='ltr'>desideria</span> <span class='ocrx_word' id='word_1_214' title='bbox 1224 2178 1289 2230; x_wconf 82' lang='lat' dir='ltr'>sua;</span> 
     </span>
     <span class='ocr_line' id='line_1_23' title="bbox 117 2242 1291 2316; baseline 0.003 -21"><span class='ocrx_word' id='word_1_215' title='bbox 117 2257 170 2296; x_wconf 92' lang='lat' dir='ltr'>non</span> <span class='ocrx_word' id='word_1_216' title='bbox 193 2242 344 2297; x_wconf 88' lang='lat' dir='ltr'>servientes</span> <span class='ocrx_word' id='word_1_217' title='bbox 360 2244 431 2298; x_wconf 90' lang='lat' dir='ltr'>enim</span> <span class='ocrx_word' id='word_1_218' title='bbox 454 2245 644 2300; x_wconf 90' lang='lat' dir='ltr'>nihilomnino</span> <span class='ocrx_word' id='word_1_219' title='bbox 667 2245 810 2316; x_wconf 86' lang='lat' dir='ltr'>accipient.</span> <span class='ocrx_word' id='word_1_220' title='bbox 856 2242 959 2309; x_wconf 82' lang='lat' dir='ltr'>Quodsi</span> <span class='ocrx_word' id='word_1_221' title='bbox 973 2259 1051 2297; x_wconf 88' lang='lat' dir='ltr'>unam</span> <span class='ocrx_word' id='word_1_222' title='bbox 1069 2258 1124 2297; x_wconf 84' lang='lat' dir='ltr'>retu</span> <span class='ocrx_word' id='word_1_223' title='bbox 1136 2243 1291 2299; x_wconf 76' lang='lat' dir='ltr'>exercuerit</span> 
     </span>
     <span class='ocr_line' id='line_1_24' title="bbox 116 2322 1288 2398; baseline 0.002 -20"><span class='ocrx_word' id='word_1_224' title='bbox 116 2322 221 2395; x_wconf 85' lang='lat' dir='ltr'>aliquis,</span> <span class='ocrx_word' id='word_1_225' title='bbox 244 2325 346 2396; x_wconf 89' lang='lat' dir='ltr'>poterit</span> <span class='ocrx_word' id='word_1_226' title='bbox 360 2324 472 2380; x_wconf 80' lang='lat' dir='ltr'>llomino</span> <span class='ocrx_word' id='word_1_227' title='bbox 488 2342 597 2398; x_wconf 90' lang='lat' dir='ltr'>quoque</span> <span class='ocrx_word' id='word_1_228' title='bbox 612 2326 722 2380; x_wconf 86' lang='lat' dir='ltr'>servire.</span> <span class='ocrx_word' id='word_1_229' title='bbox 764 2324 823 2379; x_wconf 87' lang='lat' dir='ltr'>llon</span> <span class='ocrx_word' id='word_1_230' title='bbox 839 2324 911 2378; x_wconf 87' lang='lat' dir='ltr'>enim</span> <span class='ocrx_word' id='word_1_231' title='bbox 929 2322 1092 2378; x_wconf 84' lang='lat' dir='ltr'>alienabitur</span> <span class='ocrx_word' id='word_1_232' title='bbox 1107 2324 1212 2379; x_wconf 89' lang='lat' dir='ltr'>animus</span> <span class='ocrx_word' id='word_1_233' title='bbox 1229 2325 1288 2380; x_wconf 77' lang='lat' dir='ltr'>eius</span> 
     </span>
    </p>
   </div>
   <div class='ocr_carea' id='block_1_4' title="bbox 116 2398 1288 2625">
    <p class='ocr_par' dir='ltr' id='par_1_4' title="bbox 116 2398 1288 2625">
     <span class='ocr_line' id='line_1_25' title="bbox 116 2398 1287 2478; baseline 0.003 -20"><span class='ocrx_word' id='word_1_234' title='bbox 116 2422 131 2459; x_wconf 88' lang='lat' dir='ltr'>a</span> <span class='ocrx_word' id='word_1_235' title='bbox 154 2405 276 2471; x_wconf 83' lang='lat' dir='ltr'>llomino,</span> <span class='ocrx_word' id='word_1_236' title='bbox 300 2404 348 2460; x_wconf 90' lang='lat' dir='ltr'>sed</span> <span class='ocrx_word' id='word_1_237' title='bbox 370 2422 438 2478; x_wconf 92' lang='lat' dir='ltr'>pura</span> <span class='ocrx_word' id='word_1_238' title='bbox 459 2416 548 2463; x_wconf 90' lang='lat' dir='ltr'>mente</span> <span class='ocrx_word' id='word_1_239' title='bbox 570 2398 681 2462; x_wconf 76' lang='lat' dir='ltr'>serviet³</span> <span class='ocrx_word' id='word_1_240' title='bbox 701 2405 747 2461; x_wconf 89' lang='lat' dir='ltr'>illi.</span> <span class='ocrx_word' id='word_1_241' title='bbox 791 2405 862 2461; x_wconf 88' lang='lat' dir='ltr'>llaec</span> <span class='ocrx_word' id='word_1_242' title='bbox 874 2404 896 2459; x_wconf 88' lang='lat' dir='ltr'>si</span> <span class='ocrx_word' id='word_1_243' title='bbox 908 2404 1015 2470; x_wconf 88' lang='lat' dir='ltr'>leceris,</span> <span class='ocrx_word' id='word_1_244' title='bbox 1032 2405 1136 2477; x_wconf 89' lang='lat' dir='ltr'>poteris</span> <span class='ocrx_word' id='word_1_245' title='bbox 1150 2404 1177 2459; x_wconf 93' lang='lat' dir='ltr'>in</span> <span class='ocrx_word' id='word_1_246' title='bbox 1193 2404 1287 2461; x_wconf 90' lang='lat' dir='ltr'>seculo</span> 
     </span>
     <span class='ocr_line' id='line_1_26' title="bbox 116 2485 1288 2560; baseline 0.003 -20"><span class='ocrx_word' id='word_1_247' title='bbox 116 2487 240 2542; x_wconf 84' lang='lat' dir='ltr'>veniente</span> <span class='ocrx_word' id='word_1_248' title='bbox 263 2487 364 2542; x_wconf 76' lang='lat' dir='ltr'>haltere</span> <span class='ocrx_word' id='word_1_249' title='bbox 384 2486 516 2558; x_wconf 87' lang='lat' dir='ltr'>lructnm;</span> <span class='ocrx_word' id='word_1_250' title='bbox 538 2497 565 2544; x_wconf 89' lang='lat' dir='ltr'>et</span> <span class='ocrx_word' id='word_1_251' title='bbox 587 2497 615 2543; x_wconf 92' lang='lat' dir='ltr'>tu</span> <span class='ocrx_word' id='word_1_252' title='bbox 638 2495 665 2544; x_wconf 91' lang='lat' dir='ltr'>et</span> <span class='ocrx_word' id='word_1_253' title='bbox 686 2502 795 2555; x_wconf 90' lang='lat' dir='ltr'>omnes,</span> <span class='ocrx_word' id='word_1_254' title='bbox 818 2485 974 2560; x_wconf 91' lang='lat' dir='ltr'>quicunque</span> <span class='ocrx_word' id='word_1_255' title='bbox 998 2487 1051 2543; x_wconf 88' lang='lat' dir='ltr'>hoc</span> <span class='ocrx_word' id='word_1_256' title='bbox 1073 2485 1202 2554; x_wconf 80' lang='lat' dir='ltr'>iecerint,</span> <span class='ocrx_word' id='word_1_257' title='bbox 1233 2486 1288 2544; x_wconf 89' lang='lat' dir='ltr'>lru·</span> 
     </span>
     <span class='ocr_line' id='line_1_27' title="bbox 117 2568 448 2625; baseline -0.003 -2"><span class='ocrx_word' id='word_1_258' title='bbox 117 2577 190 2624; x_wconf 91' lang='lat' dir='ltr'>etum</span> <span class='ocrx_word' id='word_1_259' title='bbox 212 2569 279 2625; x_wconf 89' lang='lat' dir='ltr'>vitae</span> <span class='ocrx_word' id='word_1_260' title='bbox 302 2568 448 2625; x_wconf 86' lang='lat' dir='ltr'>habebunt.</span> 
     </span>
    </p>
   </div>
   <div class='ocr_carea' id='block_1_5' title="bbox 556 2702 845 2749">
    <p class='ocr_par' dir='ltr' id='par_1_5' title="bbox 556 2702 845 2749">
     <span class='ocr_line' id='line_1_28' title="bbox 556 2702 845 2749; baseline -0.01 -7"><span class='ocrx_word' id='word_1_261' title='bbox 556 2702 714 2742; x_wconf 77' lang='lat' dir='ltr'>stutttruuo</span> <span class='ocrx_word' id='word_1_262' title='bbox 737 2703 845 2749; x_wconf 79' lang='lat' dir='ltr'>outnrt.</span> 
     </span>
    </p>
   </div>
   <div class='ocr_carea' id='block_1_6' title="bbox 117 2795 1286 3126">
    <p class='ocr_par' dir='ltr' id='par_1_6' title="bbox 117 2795 1286 3126">
     <span class='ocr_line' id='line_1_29' title="bbox 199 2795 1286 2875; baseline 0.002 -21"><span class='ocrx_word' id='word_1_263' title='bbox 199 2795 237 2870; x_wconf 86' lang='grc' dir='ltr'>(ι)</span> <span class='ocrx_word' id='word_1_264' title='bbox 261 2799 326 2857; x_wconf 89' lang='lat' dir='ltr'>Cum</span> <span class='ocrx_word' id='word_1_265' title='bbox 348 2801 496 2858; x_wconf 87' lang='lat' dir='ltr'>ieiunarem</span> <span class='ocrx_word' id='word_1_266' title='bbox 518 2809 545 2859; x_wconf 89' lang='lat' dir='ltr'>et</span> <span class='ocrx_word' id='word_1_267' title='bbox 572 2802 697 2859; x_wconf 90' lang='lat' dir='ltr'>sederem</span> <span class='ocrx_word' id='word_1_268' title='bbox 727 2804 755 2859; x_wconf 91' lang='lat' dir='ltr'>in</span> <span class='ocrx_word' id='word_1_269' title='bbox 783 2807 876 2858; x_wconf 90' lang='lat' dir='ltr'>monte</span> <span class='ocrx_word' id='word_1_270' title='bbox 905 2799 1023 2875; x_wconf 88' lang='lat' dir='ltr'>quodam</span> <span class='ocrx_word' id='word_1_271' title='bbox 1051 2799 1208 2874; x_wconf 79' lang='lat' dir='ltr'>gratiasque</span> <span class='ocrx_word' id='word_1_272' title='bbox 1230 2798 1286 2857; x_wconf 76' lang='lat' dir='ltr'>lieo</span> 
     </span>
     <span class='ocr_line' id='line_1_30' title="bbox 117 2882 1286 2960; baseline 0.001 -22"><span class='ocrx_word' id='word_1_273' title='bbox 117 2899 226 2955; x_wconf 84' lang='lat' dir='ltr'>agerem</span> <span class='ocrx_word' id='word_1_274' title='bbox 248 2884 282 2940; x_wconf 88' lang='lat' dir='ltr'>oh</span> <span class='ocrx_word' id='word_1_275' title='bbox 304 2901 350 2952; x_wconf 88' lang='lat' dir='ltr'>ea,</span> <span class='ocrx_word' id='word_1_276' title='bbox 373 2902 441 2958; x_wconf 89' lang='lat' dir='ltr'>quae</span> <span class='ocrx_word' id='word_1_277' title='bbox 463 2886 566 2942; x_wconf 87' lang='lat' dir='ltr'>lecerat</span> <span class='ocrx_word' id='word_1_278' title='bbox 588 2886 668 2954; x_wconf 86' lang='lat' dir='ltr'>milri,</span> <span class='ocrx_word' id='word_1_279' title='bbox 691 2886 770 2943; x_wconf 90' lang='lat' dir='ltr'>video</span> <span class='ocrx_word' id='word_1_280' title='bbox 790 2893 927 2960; x_wconf 88' lang='lat' dir='ltr'>pastorem</span> <span class='ocrx_word' id='word_1_281' title='bbox 951 2883 1028 2939; x_wconf 90' lang='lat' dir='ltr'>illum</span> <span class='ocrx_word' id='word_1_282' title='bbox 1051 2882 1192 2939; x_wconf 91' lang='lat' dir='ltr'>sedentem</span> <span class='ocrx_word' id='word_1_283' title='bbox 1214 2883 1286 2939; x_wconf 77' lang='lat' dir='ltr'>iuxta</span> 
     </span>
     <span class='ocr_line' id='line_1_31' title="bbox 117 2962 1286 3042; baseline 0.002 -22"><span class='ocrx_word' id='word_1_284' title='bbox 117 2982 168 3021; x_wconf 90' lang='lat' dir='ltr'>me.</span> <span class='ocrx_word' id='word_1_285' title='bbox 210 2966 243 3022; x_wconf 88' lang='lat' dir='ltr'>Et</span> <span class='ocrx_word' id='word_1_286' title='bbox 264 2971 300 3023; x_wconf 91' lang='lat' dir='ltr'>ait</span> <span class='ocrx_word' id='word_1_287' title='bbox 312 2968 394 3024; x_wconf 85' lang='lat' dir='ltr'>milri:</span> <span class='ocrx_word' id='word_1_288' title='bbox 416 2969 480 3042; x_wconf 89' lang='lat' dir='ltr'>quid</span> <span class='ocrx_word' id='word_1_289' title='bbox 494 2962 557 3025; x_wconf 90' lang='lat' dir='ltr'>tam¹</span> <span class='ocrx_word' id='word_1_290' title='bbox 580 2986 657 3026; x_wconf 90' lang='lat' dir='ltr'>mane</span> <span class='ocrx_word' id='word_1_291' title='bbox 671 2970 724 3025; x_wconf 91' lang='lat' dir='ltr'>hue</span> <span class='ocrx_word' id='word_1_292' title='bbox 741 2968 856 3026; x_wconf 81' lang='lat' dir='ltr'>venistil</span> <span class='ocrx_word' id='word_1_293' title='bbox 876 2967 1017 3035; x_wconf 89' lang='lat' dir='ltr'>Quoniam,</span> <span class='ocrx_word' id='word_1_294' title='bbox 1033 2966 1150 3040; x_wconf 88' lang='lat' dir='ltr'>inquam,</span> <span class='ocrx_word' id='word_1_295' title='bbox 1169 2964 1286 3034; x_wconf 86' lang='lat' dir='ltr'>domine,</span> 
     </span>
     <span class='ocr_line' id='line_1_32' title="bbox 118 3040 1285 3126; baseline 0.003 -25"><span class='ocrx_word' id='word_1_296' title='bbox 118 3049 262 3105; x_wconf 89' lang='lat' dir='ltr'>stationem</span> <span class='ocrx_word' id='word_1_297' title='bbox 291 3051 386 3107; x_wconf 89' lang='lat' dir='ltr'>habeo.</span> <span class='ocrx_word' id='word_1_298' title='bbox 436 3051 469 3106; x_wconf 80' lang='lat' dir='ltr'>Et</span> <span class='ocrx_word' id='word_1_299' title='bbox 503 3053 568 3109; x_wconf 83' lang='lat' dir='ltr'>dixit</span> <span class='ocrx_word' id='word_1_300' title='bbox 594 3052 673 3110; x_wconf 82' lang='lat' dir='ltr'>milri:</span> <span class='ocrx_word' id='word_1_301' title='bbox 705 3053 770 3126; x_wconf 92' lang='lat' dir='ltr'>quid</span> <span class='ocrx_word' id='word_1_302' title='bbox 799 3059 842 3108; x_wconf 88' lang='lat' dir='ltr'>est</span> <span class='ocrx_word' id='word_1_303' title='bbox 869 3049 968 3107; x_wconf 82' lang='lat' dir='ltr'>statiol</span> <span class='ocrx_word' id='word_1_304' title='bbox 1015 3040 1137 3118; x_wconf 78' lang='lat' dir='ltr'>leiuno,²</span> <span class='ocrx_word' id='word_1_305' title='bbox 1164 3049 1285 3123; x_wconf 84' lang='lat' dir='ltr'>inquam.</span> 
     </span>
    </p>
   </div>
   <div class='ocr_carea' id='block_1_7' title="bbox 68 3251 1286 4457">
    <p class='ocr_par' dir='ltr' id='par_1_7' title="bbox 68 3251 1286 4457">
     <span class='ocr_line' id='line_1_33' title="bbox 170 3251 1286 3327; baseline 0 -21"><span class='ocrx_word' id='word_1_306' title='bbox 170 3254 213 3318; x_wconf 81' lang='lat' dir='ltr'>ll]</span> <span class='ocrx_word' id='word_1_307' title='bbox 230 3263 301 3319; x_wconf 75' lang='lat' dir='ltr'>npnnt</span> <span class='ocrx_word' id='word_1_308' title='bbox 320 3259 452 3321; x_wconf 71' lang='lat' dir='ltr'>delinquent</span> <span class='ocrx_word' id='word_1_309' title='bbox 469 3259 543 3308; x_wconf 80' lang='lat' dir='ltr'>multo</span> <span class='ocrx_word' id='word_1_310' title='bbox 560 3260 616 3322; x_wconf 84' lang='lat' dir='ltr'>quio</span> <span class='ocrx_word' id='word_1_311' title='bbox 629 3274 684 3308; x_wconf 85' lang='lat' dir='ltr'>non·</span> <span class='ocrx_word' id='word_1_312' title='bbox 719 3255 754 3308; x_wconf 80' lang='grc' dir='ltr'>τὰ</span> <span class='ocrx_word' id='word_1_313' title='bbox 772 3257 886 3323; x_wconf 74' lang='grc' dir='ltr'>ὀψώνια</span> <span class='ocrx_word' id='word_1_314' title='bbox 903 3257 1060 3327; x_wconf 72' lang='grc' dir='ltr'><strong><em>κομίζεσθε.</em></strong></span> <span class='ocrx_word' id='word_1_315' title='bbox 1091 3252 1188 3319; x_wconf 75' lang='grc' dir='ltr'>Μῆτις</span> <span class='ocrx_word' id='word_1_316' title='bbox 1204 3251 1286 3324; x_wconf 76' lang='grc' dir='ltr'><strong><em>ὑμῶν</em></strong></span> 
     </span>
     <span class='ocr_line' id='line_1_34' title="bbox 118 3320 1286 3395; baseline 0.003 -24"><span class='ocrx_word' id='word_1_317' title='bbox 118 3325 199 3373; x_wconf 83' lang='lat' dir='ltr'>stricto</span> <span class='ocrx_word' id='word_1_318' title='bbox 219 3324 268 3373; x_wconf 83' lang='lat' dir='ltr'>Vat.</span> <span class='ocrx_word' id='word_1_319' title='bbox 718 3323 859 3392; x_wconf 68' lang='grc' dir='ltr'>δεσέρτωρ</span> <span class='ocrx_word' id='word_1_320' title='bbox 878 3321 987 3395; x_wconf 74' lang='grc' dir='ltr'>εὑρεθῇ.</span> <span class='ocrx_word' id='word_1_321' title='bbox 1013 3324 1076 3373; x_wconf 85' lang='lat' dir='ltr'>Tert.</span> <span class='ocrx_word' id='word_1_322' title='bbox 1093 3324 1123 3373; x_wconf 86' lang='lat' dir='ltr'>ed</span> <span class='ocrx_word' id='word_1_323' title='bbox 1141 3331 1209 3372; x_wconf 84' lang='lat' dir='ltr'>mort.</span> <span class='ocrx_word' id='word_1_324' title='bbox 1228 3320 1286 3375; x_wconf 82' lang='lat' dir='ltr'>e.3.</span> 
     </span>
     <span class='ocr_line' id='line_1_35' title="bbox 170 3389 1285 3452; baseline -0.003 -12"><span class='ocrx_word' id='word_1_325' title='bbox 170 3389 210 3452; x_wconf 77' lang='lat' dir='ltr'>rt)</span> <span class='ocrx_word' id='word_1_326' title='bbox 229 3393 321 3440; x_wconf 87' lang='lat' dir='ltr'>domino</span> <span class='ocrx_word' id='word_1_327' title='bbox 349 3392 412 3451; x_wconf 80' lang='lat' dir='ltr'>Vnt,</span> <span class='ocrx_word' id='word_1_328' title='bbox 442 3392 482 3440; x_wconf 90' lang='lat' dir='ltr'>nbi</span> <span class='ocrx_word' id='word_1_329' title='bbox 506 3408 553 3440; x_wconf 93' lang='lat' dir='ltr'>non</span> <span class='ocrx_word' id='word_1_330' title='bbox 580 3401 616 3441; x_wconf 89' lang='lat' dir='ltr'>est</span> <span class='ocrx_word' id='word_1_331' title='bbox 640 3408 684 3442; x_wconf 77' lang='lat' dir='ltr'>sato</span> <span class='ocrx_word' id='word_1_332' title='bbox 717 3395 795 3441; x_wconf 84' lang='lat' dir='ltr'>oocoti</span> <span class='ocrx_word' id='word_1_333' title='bbox 815 3407 896 3441; x_wconf 83' lang='lat' dir='ltr'>somne</span> <span class='ocrx_word' id='word_1_334' title='bbox 917 3394 947 3441; x_wconf 87' lang='lat' dir='ltr'>od</span> <span class='ocrx_word' id='word_1_335' title='bbox 964 3393 1074 3440; x_wconf 86' lang='lat' dir='ltr'>militiam</span> <span class='ocrx_word' id='word_1_336' title='bbox 1094 3392 1131 3438; x_wconf 81' lang='lat' dir='ltr'>dei</span> <span class='ocrx_word' id='word_1_337' title='bbox 1148 3391 1210 3448; x_wconf 79' lang='lat' dir='ltr'>cini,</span> <span class='ocrx_word' id='word_1_338' title='bbox 1237 3392 1285 3438; x_wconf 74' lang='lat' dir='ltr'>iem</span> 
     </span>
     <span class='ocr_line' id='line_1_36' title="bbox 117 3455 1286 3518; baseline -0.001 -14"><span class='ocrx_word' id='word_1_339' title='bbox 117 3466 170 3507; x_wconf 86' lang='lat' dir='ltr'>ante</span> <span class='ocrx_word' id='word_1_340' title='bbox 189 3459 314 3514; x_wconf 84' lang='lat' dir='ltr'>desiderio.</span> <span class='ocrx_word' id='word_1_341' title='bbox 719 3466 784 3518; x_wconf 85' lang='lat' dir='ltr'>tnnc,</span> <span class='ocrx_word' id='word_1_342' title='bbox 804 3475 854 3508; x_wconf 86' lang='lat' dir='ltr'>cnm</span> <span class='ocrx_word' id='word_1_343' title='bbox 871 3462 896 3507; x_wconf 87' lang='lat' dir='ltr'>in</span> <span class='ocrx_word' id='word_1_344' title='bbox 915 3461 1054 3507; x_wconf 80' lang='lat' dir='ltr'>sacrementi</span> <span class='ocrx_word' id='word_1_345' title='bbox 1071 3458 1138 3504; x_wconf 81' lang='lat' dir='ltr'>nerlu</span> <span class='ocrx_word' id='word_1_346' title='bbox 1158 3455 1286 3517; x_wconf 80' lang='lat' dir='ltr'>respondi·</span> 
     </span>
     <span class='ocr_line' id='line_1_37' title="bbox 168 3521 1282 3586; baseline -0.006 -11"><span class='ocrx_word' id='word_1_347' title='bbox 168 3526 210 3586; x_wconf 84' lang='lat'>13)</span> <span class='ocrx_word' id='word_1_348' title='bbox 229 3532 312 3574; x_wconf 86' lang='lat' dir='ltr'>troetot</span> <span class='ocrx_word' id='word_1_349' title='bbox 332 3527 449 3586; x_wconf 81' lang='lat' dir='ltr'>nepotinm</span> <span class='ocrx_word' id='word_1_350' title='bbox 466 3524 516 3572; x_wconf 75' lang='lat' dir='ltr'>l&#39;nt.</span> <span class='ocrx_word' id='word_1_351' title='bbox 719 3541 778 3575; x_wconf 84' lang='lat' dir='ltr'>nius.</span> <span class='ocrx_word' id='word_1_352' title='bbox 803 3526 853 3574; x_wconf 84' lang='lat' dir='ltr'>vid.</span> <span class='ocrx_word' id='word_1_353' title='bbox 873 3525 965 3572; x_wconf 85' lang='lat' dir='ltr'>Fabrin.</span> <span class='ocrx_word' id='word_1_354' title='bbox 984 3523 1043 3570; x_wconf 85' lang='lat' dir='ltr'>Cod.</span> <span class='ocrx_word' id='word_1_355' title='bbox 1061 3524 1134 3585; x_wconf 85' lang='lat' dir='ltr'>dpoc.</span> <span class='ocrx_word' id='word_1_356' title='bbox 1149 3522 1175 3569; x_wconf 88' lang='lat' dir='ltr'>N.</span> <span class='ocrx_word' id='word_1_357' title='bbox 1195 3522 1221 3568; x_wconf 86' lang='lat' dir='ltr'>T.</span> <span class='ocrx_word' id='word_1_358' title='bbox 1244 3521 1282 3570; x_wconf 89' lang='grc' dir='ltr'>ΙΙΙ.</span> 
     </span>
     <span class='ocr_line' id='line_1_38' title="bbox 169 3587 1282 3654; baseline -0.004 -14"><span class='ocrx_word' id='word_1_359' title='bbox 169 3593 210 3645; x_wconf 77' lang='lat' dir='ltr'>ll)</span> <span class='ocrx_word' id='word_1_360' title='bbox 230 3593 272 3641; x_wconf 89' lang='lat' dir='ltr'>deo</span> <span class='ocrx_word' id='word_1_361' title='bbox 292 3593 341 3640; x_wconf 82' lang='lat' dir='ltr'>Vnt.</span> <span class='ocrx_word' id='word_1_362' title='bbox 719 3607 742 3654; x_wconf 91' lang='lat' dir='ltr'>p.</span> <span class='ocrx_word' id='word_1_363' title='bbox 764 3592 844 3654; x_wconf 78' lang='grc'>298.);</span> <span class='ocrx_word' id='word_1_364' title='bbox 884 3593 973 3639; x_wconf 88' lang='lat' dir='ltr'>Sensus</span> <span class='ocrx_word' id='word_1_365' title='bbox 997 3596 1075 3636; x_wconf 81' lang='lat' dir='ltr'>autem</span> <span class='ocrx_word' id='word_1_366' title='bbox 1101 3587 1233 3649; x_wconf 84' lang='lat' dir='ltr'>spititualis</span> <span class='ocrx_word' id='word_1_367' title='bbox 1257 3587 1282 3637; x_wconf 85' lang='lat' dir='ltr'>id</span> 
     </span>
     <span class='ocr_line' id='line_1_39' title="bbox 170 3655 1283 3721; baseline -0.003 -15"><span class='ocrx_word' id='word_1_368' title='bbox 170 3658 210 3717; x_wconf 80' lang='lat'>15)</span> <span class='ocrx_word' id='word_1_369' title='bbox 227 3663 330 3706; x_wconf 82' lang='lat' dir='ltr'>veniente</span> <span class='ocrx_word' id='word_1_370' title='bbox 348 3673 370 3718; x_wconf 93' lang='lat' dir='ltr'>p.</span> <span class='ocrx_word' id='word_1_371' title='bbox 389 3659 411 3704; x_wconf 88' lang='lat' dir='ltr'>in</span> <span class='ocrx_word' id='word_1_372' title='bbox 432 3664 523 3705; x_wconf 80' lang='lat' dir='ltr'>oeirttno</span> <span class='ocrx_word' id='word_1_373' title='bbox 542 3657 592 3705; x_wconf 83' lang='lat' dir='ltr'>l&#39;nt.</span> <span class='ocrx_word' id='word_1_374' title='bbox 717 3667 818 3721; x_wconf 83' lang='lat' dir='ltr'>spectat,</span> <span class='ocrx_word' id='word_1_375' title='bbox 837 3656 901 3721; x_wconf 92' lang='lat' dir='ltr'>quod</span> <span class='ocrx_word' id='word_1_376' title='bbox 920 3656 991 3704; x_wconf 89' lang='lat' dir='ltr'>statio</span> <span class='ocrx_word' id='word_1_377' title='bbox 1010 3655 1152 3717; x_wconf 78' lang='lat' dir='ltr'>vigiliaeque</span> <span class='ocrx_word' id='word_1_378' title='bbox 1171 3655 1194 3703; x_wconf 92' lang='lat' dir='ltr'>in</span> <span class='ocrx_word' id='word_1_379' title='bbox 1215 3670 1283 3705; x_wconf 82' lang='lat' dir='ltr'>exer-</span> 
     </span>
     <span class='ocr_line' id='line_1_40' title="bbox 68 3722 1283 3786; baseline -0.002 -15"><span class='ocrx_word' id='word_1_380' title='bbox 68 3771 74 3783; x_wconf 67' lang='lat'>,</span> <span class='ocrx_word' id='word_1_381' title='bbox 169 3724 226 3771; x_wconf 86' lang='lat' dir='ltr'>Sim.</span> <span class='ocrx_word' id='word_1_382' title='bbox 251 3725 276 3772; x_wconf 84' lang='lat' dir='ltr'>V.</span> <span class='ocrx_word' id='word_1_383' title='bbox 314 3725 338 3785; x_wconf 87' lang='lat'>1)</span> <span class='ocrx_word' id='word_1_384' title='bbox 356 3729 378 3770; x_wconf 86' lang='lat' dir='ltr'>ct</span> <span class='ocrx_word' id='word_1_385' title='bbox 399 3725 454 3773; x_wconf 80' lang='lat' dir='ltr'>doec</span> <span class='ocrx_word' id='word_1_386' title='bbox 477 3739 501 3786; x_wconf 87' lang='lat' dir='ltr'>p.</span> <span class='ocrx_word' id='word_1_387' title='bbox 520 3724 582 3786; x_wconf 77' lang='lat' dir='ltr'>vulg.</span> <span class='ocrx_word' id='word_1_388' title='bbox 609 3741 635 3774; x_wconf 83' lang='lat' dir='ltr'>oo</span> <span class='ocrx_word' id='word_1_389' title='bbox 662 3740 682 3773; x_wconf 93' lang='lat' dir='ltr'>c.</span> <span class='ocrx_word' id='word_1_390' title='bbox 717 3725 763 3774; x_wconf 91' lang='lat' dir='ltr'>citu</span> <span class='ocrx_word' id='word_1_391' title='bbox 783 3726 818 3773; x_wconf 89' lang='lat' dir='ltr'>vel</span> <span class='ocrx_word' id='word_1_392' title='bbox 838 3722 1283 3771; x_wconf 73' lang='lat' dir='ltr'>clusscllomano:&#39;llnnsnontoeto-</span> 
     </span>
     <span class='ocr_line' id='line_1_41' title="bbox 117 3789 1281 3856; baseline -0.003 -18"><span class='ocrx_word' id='word_1_393' title='bbox 117 3794 180 3850; x_wconf 87' lang='lat' dir='ltr'>l&#39;nt.;</span> <span class='ocrx_word' id='word_1_394' title='bbox 202 3791 225 3839; x_wconf 94' lang='lat' dir='ltr'>in</span> <span class='ocrx_word' id='word_1_395' title='bbox 244 3789 313 3838; x_wconf 90' lang='lat' dir='ltr'>Bodl.</span> <span class='ocrx_word' id='word_1_396' title='bbox 333 3805 428 3853; x_wconf 85' lang='lat' dir='ltr'>quoque</span> <span class='ocrx_word' id='word_1_397' title='bbox 445 3798 506 3839; x_wconf 84' lang='lat' dir='ltr'>extat</span> <span class='ocrx_word' id='word_1_398' title='bbox 524 3793 591 3852; x_wconf 83' lang='lat' dir='ltr'>doce,</span> <span class='ocrx_word' id='word_1_399' title='bbox 616 3792 681 3856; x_wconf 88' lang='lat' dir='ltr'>quod</span> <span class='ocrx_word' id='word_1_400' title='bbox 716 3795 790 3841; x_wconf 81' lang='lat' dir='ltr'>tionis</span> <span class='ocrx_word' id='word_1_401' title='bbox 814 3796 939 3854; x_wconf 80' lang='lat' dir='ltr'>perpetuae</span> <span class='ocrx_word' id='word_1_402' title='bbox 962 3790 1064 3838; x_wconf 81' lang='lat' dir='ltr'>interdiu</span> <span class='ocrx_word' id='word_1_403' title='bbox 1091 3797 1202 3850; x_wconf 82' lang='lat' dir='ltr'>noctuque</span> <span class='ocrx_word' id='word_1_404' title='bbox 1226 3789 1281 3835; x_wconf 80' lang='lat' dir='ltr'>iecit</span> 
     </span>
     <span class='ocr_line' id='line_1_42' title="bbox 116 3855 1148 3920; baseline -0.005 -13"><span class='ocrx_word' id='word_1_405' title='bbox 116 3860 165 3907; x_wconf 87' lang='lat' dir='ltr'>des.</span> <span class='ocrx_word' id='word_1_406' title='bbox 185 3872 222 3920; x_wconf 66' lang='lat' dir='ltr'>np⁴</span> <span class='ocrx_word' id='word_1_407' title='bbox 241 3857 298 3904; x_wconf 79' lang='lat' dir='ltr'>lah.</span> <span class='ocrx_word' id='word_1_408' title='bbox 318 3857 352 3904; x_wconf 89' lang='lat' dir='ltr'>St.</span> <span class='ocrx_word' id='word_1_409' title='bbox 370 3864 393 3903; x_wconf 88' lang='lat' dir='ltr'>et</span> <span class='ocrx_word' id='word_1_410' title='bbox 411 3855 463 3904; x_wconf 85' lang='lat' dir='ltr'>Cot.</span> <span class='ocrx_word' id='word_1_411' title='bbox 715 3861 741 3907; x_wconf 88' lang='lat' dir='ltr'>in</span> <span class='ocrx_word' id='word_1_412' title='bbox 758 3859 852 3920; x_wconf 73' lang='lat' dir='ltr'>coopto.</span> <span class='ocrx_word' id='word_1_413' title='bbox 878 3856 973 3903; x_wconf 85' lang='lat' dir='ltr'>Petron.</span> <span class='ocrx_word' id='word_1_414' title='bbox 996 3857 1072 3919; x_wconf 77' lang='lat' dir='ltr'>Satyr.</span> <span class='ocrx_word' id='word_1_415' title='bbox 1093 3855 1148 3904; x_wconf 80' lang='lat' dir='ltr'>tot.</span> 
     </span>
     <span class='ocr_line' id='line_1_43' title="bbox 166 3922 680 3985; baseline -0.002 -11"><span class='ocrx_word' id='word_1_416' title='bbox 166 3926 191 3985; x_wconf 73' lang='lat'>2)</span> <span class='ocrx_word' id='word_1_417' title='bbox 213 3925 291 3972; x_wconf 80' lang='lat' dir='ltr'>locus</span> <span class='ocrx_word' id='word_1_418' title='bbox 311 3922 425 3971; x_wconf 84' lang='lat' dir='ltr'>classicus</span> <span class='ocrx_word' id='word_1_419' title='bbox 446 3923 573 3974; x_wconf 88' lang='lat' dir='ltr'>dcicionio</span> <span class='ocrx_word' id='word_1_420' title='bbox 589 3933 680 3974; x_wconf 90' lang='lat' dir='ltr'>avete-</span> 
     </span>
     <span class='ocr_line' id='line_1_44' title="bbox 114 3987 1281 4051; baseline -0.005 -11"><span class='ocrx_word' id='word_1_421' title='bbox 114 3993 180 4040; x_wconf 88' lang='lat' dir='ltr'>rilms</span> <span class='ocrx_word' id='word_1_422' title='bbox 194 3991 336 4039; x_wconf 82' lang='lat' dir='ltr'>Christianis</span> <span class='ocrx_word' id='word_1_423' title='bbox 353 3989 481 4040; x_wconf 86' lang='lat' dir='ltr'>stationum</span> <span class='ocrx_word' id='word_1_424' title='bbox 500 3992 583 4040; x_wconf 87' lang='lat' dir='ltr'>diebus</span> <span class='ocrx_word' id='word_1_425' title='bbox 596 3992 680 4040; x_wconf 86' lang='lat' dir='ltr'>obser·</span> <span class='ocrx_word' id='word_1_426' title='bbox 765 3989 822 4037; x_wconf 83' lang='lat' dir='ltr'>Sim.</span> <span class='ocrx_word' id='word_1_427' title='bbox 841 3989 876 4038; x_wconf 83' lang='lat' dir='ltr'>lV.</span> <span class='ocrx_word' id='word_1_428' title='bbox 914 3988 938 4049; x_wconf 88' lang='lat' dir='ltr'>l)</span> <span class='ocrx_word' id='word_1_429' title='bbox 954 3989 1013 4038; x_wconf 75' lang='lat' dir='ltr'>Ante</span> <span class='ocrx_word' id='word_1_430' title='bbox 1031 3987 1134 4051; x_wconf 83' lang='lat' dir='ltr'>sequenti</span> <span class='ocrx_word' id='word_1_431' title='bbox 1152 3999 1281 4034; x_wconf 83' lang='lat' dir='ltr'>amanuen-</span> 
     </span>
     <span class='ocr_line' id='line_1_45' title="bbox 114 4050 1281 4121; baseline -0.002 -17"><span class='ocrx_word' id='word_1_432' title='bbox 114 4067 175 4108; x_wconf 86' lang='lat' dir='ltr'>vato.</span> <span class='ocrx_word' id='word_1_433' title='bbox 198 4059 324 4107; x_wconf 78' lang='lat' dir='ltr'>llerivntnr</span> <span class='ocrx_word' id='word_1_434' title='bbox 340 4065 418 4105; x_wconf 84' lang='lat' dir='ltr'>atttem</span> <span class='ocrx_word' id='word_1_435' title='bbox 437 4062 508 4107; x_wconf 85' lang='lat' dir='ltr'>stolio</span> <span class='ocrx_word' id='word_1_436' title='bbox 519 4059 548 4107; x_wconf 90' lang='lat' dir='ltr'>de</span> <span class='ocrx_word' id='word_1_437' title='bbox 563 4058 680 4121; x_wconf 80' lang='lat' dir='ltr'>frequenti</span> <span class='ocrx_word' id='word_1_438' title='bbox 713 4057 747 4105; x_wconf 88' lang='lat' dir='ltr'>sis</span> <span class='ocrx_word' id='word_1_439' title='bbox 775 4055 870 4104; x_wconf 85' lang='lat' dir='ltr'>Codicis</span> <span class='ocrx_word' id='word_1_440' title='bbox 898 4055 947 4104; x_wconf 87' lang='lat' dir='ltr'>Pal.</span> <span class='ocrx_word' id='word_1_441' title='bbox 972 4056 1030 4105; x_wconf 86' lang='lat' dir='ltr'>duas</span> <span class='ocrx_word' id='word_1_442' title='bbox 1056 4053 1150 4116; x_wconf 88' lang='lat' dir='ltr'>priores</span> <span class='ocrx_word' id='word_1_443' title='bbox 1175 4050 1281 4114; x_wconf 68' lang='lat' dir='ltr'>spttdm</span> 
     </span>
     <span class='ocr_line' id='line_1_46' title="bbox 114 4118 1280 4188; baseline -0.001 -15"><span class='ocrx_word' id='word_1_444' title='bbox 114 4141 195 4173; x_wconf 84' lang='lat' dir='ltr'>comm</span> <span class='ocrx_word' id='word_1_445' title='bbox 216 4125 331 4188; x_wconf 78' lang='lat' dir='ltr'>Symbolo</span> <span class='ocrx_word' id='word_1_446' title='bbox 351 4123 449 4173; x_wconf 85' lang='lat' dir='ltr'>militine</span> <span class='ocrx_word' id='word_1_447' title='bbox 467 4127 553 4185; x_wconf 87' lang='lat' dir='ltr'>(Stotio</span> <span class='ocrx_word' id='word_1_448' title='bbox 570 4126 597 4172; x_wconf 88' lang='lat' dir='ltr'>de</span> <span class='ocrx_word' id='word_1_449' title='bbox 615 4125 680 4172; x_wconf 84' lang='lat' dir='ltr'>mili-</span> <span class='ocrx_word' id='word_1_450' title='bbox 713 4138 764 4171; x_wconf 92' lang='lat' dir='ltr'>voc.</span> <span class='ocrx_word' id='word_1_451' title='bbox 774 4123 900 4185; x_wconf 62' lang='lat' dir='ltr'>pretendit]</span> <span class='ocrx_word' id='word_1_452' title='bbox 912 4122 1023 4180; x_wconf 82' lang='lat' dir='ltr'>exaravit,</span> <span class='ocrx_word' id='word_1_453' title='bbox 1041 4125 1174 4182; x_wconf 77' lang='lat' dir='ltr'>posteaque</span> <span class='ocrx_word' id='word_1_454' title='bbox 1186 4118 1280 4172; x_wconf 80' lang='lat' dir='ltr'>delevit.</span> 
     </span>
     <span class='ocr_line' id='line_1_47' title="bbox 114 4189 926 4254; baseline 0 -16"><span class='ocrx_word' id='word_1_455' title='bbox 114 4195 159 4239; x_wconf 81' lang='lat' dir='ltr'>turi</span> <span class='ocrx_word' id='word_1_456' title='bbox 176 4193 281 4254; x_wconf 71' lang='lat' dir='ltr'>exemplo</span> <span class='ocrx_word' id='word_1_457' title='bbox 301 4205 385 4240; x_wconf 85' lang='lat' dir='ltr'>nomen</span> <span class='ocrx_word' id='word_1_458' title='bbox 402 4193 494 4252; x_wconf 83' lang='lat' dir='ltr'>occipit,</span> <span class='ocrx_word' id='word_1_459' title='bbox 512 4205 566 4238; x_wconf 85' lang='lat' dir='ltr'>nom</span> <span class='ocrx_word' id='word_1_460' title='bbox 583 4190 678 4237; x_wconf 75' lang='lat' dir='ltr'>cimili-</span> <span class='ocrx_word' id='word_1_461' title='bbox 764 4190 791 4249; x_wconf 75' lang='lat'>2)</span> <span class='ocrx_word' id='word_1_462' title='bbox 809 4193 859 4250; x_wconf 79' lang='lat' dir='ltr'>fers</span> <span class='ocrx_word' id='word_1_463' title='bbox 879 4189 926 4238; x_wconf 78' lang='lat' dir='ltr'>l’al.</span> 
     </span>
     <span class='ocr_line' id='line_1_48' title="bbox 115 4252 978 4315; baseline -0.002 -11"><span class='ocrx_word' id='word_1_464' title='bbox 115 4260 148 4305; x_wconf 89' lang='lat' dir='ltr'>tio</span> <span class='ocrx_word' id='word_1_465' title='bbox 171 4258 214 4304; x_wconf 78' lang='lat' dir='ltr'>llci</span> <span class='ocrx_word' id='word_1_466' title='bbox 240 4273 320 4306; x_wconf 77' lang='lat' dir='ltr'>somne</span> <span class='ocrx_word' id='word_1_467' title='bbox 343 4256 433 4305; x_wconf 86' lang='lat' dir='ltr'>Tertul.</span> <span class='ocrx_word' id='word_1_468' title='bbox 457 4256 486 4304; x_wconf 89' lang='lat' dir='ltr'>de</span> <span class='ocrx_word' id='word_1_469' title='bbox 509 4263 569 4304; x_wconf 85' lang='lat' dir='ltr'>orat.</span> <span class='ocrx_word' id='word_1_470' title='bbox 592 4271 612 4302; x_wconf 85' lang='lat' dir='ltr'>e.</span> <span class='ocrx_word' id='word_1_471' title='bbox 640 4253 677 4303; x_wconf 79' lang='lat' dir='ltr'>ld.</span> <span class='ocrx_word' id='word_1_472' title='bbox 762 4255 789 4315; x_wconf 76' lang='grc'>3)</span> <span class='ocrx_word' id='word_1_473' title='bbox 810 4258 910 4305; x_wconf 69' lang='lat' dir='ltr'>revolent</span> <span class='ocrx_word' id='word_1_474' title='bbox 928 4252 978 4303; x_wconf 80' lang='lat' dir='ltr'>Pol.</span> 
     </span>
     <span class='ocr_line' id='line_1_49' title="bbox 114 4318 1060 4387; baseline -0.006 -16"><span class='ocrx_word' id='word_1_475' title='bbox 114 4324 162 4371; x_wconf 84' lang='lat' dir='ltr'>Clr.</span> <span class='ocrx_word' id='word_1_476' title='bbox 181 4323 307 4385; x_wconf 77' lang='lat' dir='ltr'>Eplgnnt.</span> <span class='ocrx_word' id='word_1_477' title='bbox 327 4324 357 4371; x_wconf 85' lang='lat' dir='ltr'>nd</span> <span class='ocrx_word' id='word_1_478' title='bbox 374 4323 500 4385; x_wconf 81' lang='lat' dir='ltr'>Polycarp.</span> <span class='ocrx_word' id='word_1_479' title='bbox 519 4338 540 4370; x_wconf 89' lang='lat' dir='ltr'>e.</span> <span class='ocrx_word' id='word_1_480' title='bbox 561 4323 584 4370; x_wconf 82' lang='lat' dir='ltr'>li.</span> <span class='ocrx_word' id='word_1_481' title='bbox 606 4318 680 4387; x_wconf 70' lang='grc' dir='ltr'>Ἀρί·</span> <span class='ocrx_word' id='word_1_482' title='bbox 765 4321 822 4371; x_wconf 90' lang='lat' dir='ltr'>Sim.</span> <span class='ocrx_word' id='word_1_483' title='bbox 840 4322 866 4369; x_wconf 84' lang='lat' dir='ltr'>V.</span> <span class='ocrx_word' id='word_1_484' title='bbox 900 4321 926 4382; x_wconf 84' lang='lat' dir='ltr'>l)</span> <span class='ocrx_word' id='word_1_485' title='bbox 945 4322 992 4367; x_wconf 76' lang='lat' dir='ltr'>ione</span> <span class='ocrx_word' id='word_1_486' title='bbox 1010 4318 1060 4366; x_wconf 85' lang='lat' dir='ltr'>Pal.</span> 
     </span>
     <span class='ocr_line' id='line_1_50' title="bbox 114 4373 1021 4457; baseline -0.008 -18"><span class='ocrx_word' id='word_1_487' title='bbox 114 4401 193 4439; x_wconf 75' lang='grc' dir='ltr'>σκεῐε</span> <span class='ocrx_word' id='word_1_488' title='bbox 217 4374 238 4456; x_wconf 75' lang='grc' dir='ltr'><strong><em>ᾧ</em></strong></span> <span class='ocrx_word' id='word_1_489' title='bbox 264 4384 467 4457; x_wconf 75' lang='grc' dir='ltr'>στρατεύεσθε,</span> <span class='ocrx_word' id='word_1_490' title='bbox 497 4384 551 4455; x_wconf 78' lang='grc' dir='ltr'>ἀφ’</span> <span class='ocrx_word' id='word_1_491' title='bbox 577 4373 610 4440; x_wconf 81' lang='grc' dir='ltr'>οὗ</span> <span class='ocrx_word' id='word_1_492' title='bbox 633 4386 681 4437; x_wconf 74' lang='grc' dir='ltr'>καὶ</span> <span class='ocrx_word' id='word_1_493' title='bbox 763 4389 790 4452; x_wconf 80' lang='lat'>2)</span> <span class='ocrx_word' id='word_1_494' title='bbox 808 4390 900 4438; x_wconf 80' lang='lat' dir='ltr'>ieiuno:</span> <span class='ocrx_word' id='word_1_495' title='bbox 918 4387 952 4435; x_wconf 89' lang='lat' dir='ltr'>sie</span> <span class='ocrx_word' id='word_1_496' title='bbox 971 4385 1021 4434; x_wconf 86' lang='lat' dir='ltr'>Pal.</span> 
     </span>
    </p>
   </div>
   <div class='ocr_carea' id='block_1_8' title="bbox 0 0 1448 4882">
    <p class='ocr_par' dir='ltr' id='par_1_8' title="bbox 0 0 1448 4882">
     <span class='ocr_line' id='line_1_51' title="bbox 0 0 1448 4882; baseline 0 1"><span class='ocrx_word' id='word_1_497' title='bbox 0 0 1448 4882; x_wconf 95' lang='lat' dir='ltr'> </span> 
     </span>
    </p>
   </div>
  </div>
 </body>
</html>
