<?xml version="1.0" encoding="UTF-8"?>
<!DOCTYPE html PUBLIC "-//W3C//DTD XHTML 1.0 Transitional//EN"
    "http://www.w3.org/TR/xhtml1/DTD/xhtml1-transitional.dtd">
<html xmlns="http://www.w3.org/1999/xhtml" xml:lang="en" lang="en">
 <head>
  <title>
</title>
<meta http-equiv="Content-Type" content="text/html;charset=utf-8" />
  <meta name='ocr-system' content='tesseract 3.04.00' />
  <meta name='ocr-capabilities' content='ocr_page ocr_carea ocr_par ocr_line ocrx_word'/>
</head>
<body>
  <div class='ocr_page' id='page_1' title='image "./patrumapostolic00polygoog/patrumapostolic00polygoog_0690.png"; bbox 0 0 2886 4882; ppageno 0'>
   <div class='ocr_carea' id='block_1_1' title="bbox 424 258 1297 331">
    <p class='ocr_par' dir='ltr' id='par_1_1' title="bbox 424 258 1297 331">
     <span class='ocr_line' id='line_1_1' title="bbox 424 258 1297 331; baseline 0.006 -13"><span class='ocrx_word' id='word_1_1' title='bbox 424 258 615 318; x_wconf 74' lang='lat' dir='ltr'>smmwno</span> <span class='ocrx_word' id='word_1_2' title='bbox 636 259 705 331; x_wconf 78' lang='lat' dir='ltr'><strong><em>Vm,</em></strong></span> <span class='ocrx_word' id='word_1_3' title='bbox 726 262 838 320; x_wconf 79' lang='lat'><strong>9-11.</strong></span> <span class='ocrx_word' id='word_1_4' title='bbox 866 263 907 330; x_wconf 78' lang='lat' dir='ltr'><strong><em>IX,</em></strong></span> <span class='ocrx_word' id='word_1_5' title='bbox 934 264 960 317; x_wconf 85' lang='lat'><strong><em>1.</em></strong></span> <span class='ocrx_word' id='word_1_6' title='bbox 981 262 1008 320; x_wconf 85' lang='lat'><strong><em>2.</em></strong></span> <span class='ocrx_word' id='word_1_7' title='bbox 1240 260 1297 323; x_wconf 72' lang='lat'><strong><em>621</em></strong></span> 
     </span>
    </p>
   </div>
   <div class='ocr_carea' id='block_1_2' title="bbox 128 413 1304 1934">
    <p class='ocr_par' dir='ltr' id='par_1_2' title="bbox 128 413 1304 1934">
     <span class='ocr_line' id='line_1_2' title="bbox 131 413 1300 499; baseline 0.005 -19"><span class='ocrx_word' id='word_1_8' title='bbox 131 418 224 492; x_wconf 84' lang='grc' dir='ltr'><strong><em>δεῖξαι</em></strong></span> <span class='ocrx_word' id='word_1_9' title='bbox 251 415 308 481; x_wconf 79' lang='grc' dir='ltr'><strong><em>ὅσα</em></strong></span> <span class='ocrx_word' id='word_1_10' title='bbox 329 436 377 480; x_wconf 83' lang='grc' dir='ltr'><strong><em>σοι</em></strong></span> <span class='ocrx_word' id='word_1_11' title='bbox 406 417 495 493; x_wconf 79' lang='grc' dir='ltr'><strong><em>ἐδειξε</em></strong></span> <span class='ocrx_word' id='word_1_12' title='bbox 514 414 548 480; x_wconf 82' lang='grc' dir='ltr'><strong><em>τὸ</em></strong></span> <span class='ocrx_word' id='word_1_13' title='bbox 579 425 694 498; x_wconf 82' lang='grc' dir='ltr'><strong><em>πνεῦμα</em></strong></span> <span class='ocrx_word' id='word_1_14' title='bbox 722 414 755 480; x_wconf 84' lang='grc' dir='ltr'><strong><em>τὸ</em></strong></span> <span class='ocrx_word' id='word_1_15' title='bbox 783 413 867 498; x_wconf 83' lang='grc' dir='ltr'><strong><em>άγιον</em></strong></span> <span class='ocrx_word' id='word_1_16' title='bbox 895 413 928 478; x_wconf 85' lang='grc' dir='ltr'><strong><em>τὸ</em></strong></span> <span class='ocrx_word' id='word_1_17' title='bbox 953 423 1081 498; x_wconf 82' lang='grc' dir='ltr'><strong><em>λαλῆσαν</em></strong></span> <span class='ocrx_word' id='word_1_18' title='bbox 1102 418 1172 499; x_wconf 85' lang='grc' dir='ltr'><strong><em>μετά</em></strong></span> <span class='ocrx_word' id='word_1_19' title='bbox 1192 428 1247 485; x_wconf 82' lang='grc' dir='ltr'><strong><em>σοῦ</em></strong></span> <span class='ocrx_word' id='word_1_20' title='bbox 1269 422 1300 485; x_wconf 90' lang='grc' dir='ltr'><strong><em>ἐν</em></strong></span> 
     </span>
     <span class='ocr_line' id='line_1_3' title="bbox 128 494 1300 606; baseline 0.007 -44"><span class='ocrx_word' id='word_1_21' title='bbox 128 507 231 606; x_wconf 76' lang='grc' dir='ltr'><strong><em>μορφῇ</em></strong></span> <span class='ocrx_word' id='word_1_22' title='bbox 252 508 305 582; x_wconf 81' lang='grc' dir='ltr'><strong><em>τῆς</em></strong></span> <span class='ocrx_word' id='word_1_23' title='bbox 323 497 510 580; x_wconf 86' lang='grc' dir='ltr'><strong><em>Ἐκκλησίας·</em></strong></span> <span class='ocrx_word' id='word_1_24' title='bbox 539 500 633 564; x_wconf 83' lang='grc' dir='ltr'><strong><em>ἐκεῖνο</em></strong></span> <span class='ocrx_word' id='word_1_25' title='bbox 653 497 708 584; x_wconf 88' lang='grc' dir='ltr'><strong><em>γάρ</em></strong></span> <span class='ocrx_word' id='word_1_26' title='bbox 734 495 767 562; x_wconf 89' lang='grc' dir='ltr'><strong><em>τδ</em></strong></span> <span class='ocrx_word' id='word_1_27' title='bbox 787 505 902 580; x_wconf 84' lang='grc' dir='ltr'><strong><em>πνεῦμα</em></strong></span> <span class='ocrx_word' id='word_1_28' title='bbox 923 494 941 562; x_wconf 90' lang='grc' dir='ltr'><strong><em>ό</em></strong></span> <span class='ocrx_word' id='word_1_29' title='bbox 961 496 1028 573; x_wconf 83' lang='grc' dir='ltr'><strong><em>νίδς</em></strong></span> <span class='ocrx_word' id='word_1_30' title='bbox 1046 507 1099 563; x_wconf 83' lang='grc' dir='ltr'><strong><em>τοῦ</em></strong></span> <span class='ocrx_word' id='word_1_31' title='bbox 1119 510 1194 567; x_wconf 83' lang='grc' dir='ltr'><strong><em>θεοῦ</em></strong></span> <span class='ocrx_word' id='word_1_32' title='bbox 1215 505 1300 573; x_wconf 86' lang='grc' dir='ltr'><strong><em>ἐστίν.</em></strong></span> 
     </span>
     <span class='ocr_line' id='line_1_4' title="bbox 140 574 1296 689; baseline 0.003 -43"><span class='ocrx_word' id='word_1_33' title='bbox 140 588 251 663; x_wconf 75' lang='grc' dir='ltr'><strong><em>δ’πειδη</em></strong></span> <span class='ocrx_word' id='word_1_34' title='bbox 272 581 328 667; x_wconf 81' lang='grc' dir='ltr'><strong><em>γάρ</em></strong></span> <span class='ocrx_word' id='word_1_35' title='bbox 349 579 557 665; x_wconf 75' lang='grc' dir='ltr'><strong><em>ἀσθενέστερος</em></strong></span> <span class='ocrx_word' id='word_1_36' title='bbox 578 590 614 670; x_wconf 73' lang='grc' dir='ltr'><strong><em>τῇ</em></strong></span> <span class='ocrx_word' id='word_1_37' title='bbox 636 585 720 666; x_wconf 85' lang='grc' dir='ltr'><strong><em>σαρκλ</em></strong></span> <span class='ocrx_word' id='word_1_38' title='bbox 741 574 788 663; x_wconf 82' lang='grc' dir='ltr'><strong><em>ἦς,</em></strong></span> <span class='ocrx_word' id='word_1_39' title='bbox 811 580 868 646; x_wconf 77' lang='grc' dir='ltr'><strong><em>οὐκ</em></strong></span> <span class='ocrx_word' id='word_1_40' title='bbox 891 579 1027 662; x_wconf 82' lang='grc' dir='ltr'><strong><em>ἐδηλόθη</em></strong></span> <span class='ocrx_word' id='word_1_41' title='bbox 1041 603 1087 645; x_wconf 90' lang='grc' dir='ltr'><strong><em>σοι</em></strong></span> <span class='ocrx_word' id='word_1_42' title='bbox 1104 583 1144 646; x_wconf 85' lang='grc' dir='ltr'><strong><em>δι’</em></strong></span> <span class='ocrx_word' id='word_1_43' title='bbox 1168 583 1296 689; x_wconf 80' lang='grc' dir='ltr'><strong><em>άγγέλου,</em></strong></span> 
     </span>
     <span class='ocr_line' id='line_1_5' title="bbox 133 659 1295 771; baseline 0.003 -42"><span class='ocrx_word' id='word_1_44' title='bbox 133 664 181 729; x_wconf 86' lang='grc' dir='ltr'><strong><em>ότε</em></strong></span> <span class='ocrx_word' id='word_1_45' title='bbox 202 659 271 730; x_wconf 70' lang='grc' dir='ltr'><strong><em>οὖν’</em></strong></span> <span class='ocrx_word' id='word_1_46' title='bbox 297 666 526 747; x_wconf 85' lang='grc' dir='ltr'><strong><em>ένεδυναμῶθης</em></strong></span> <span class='ocrx_word' id='word_1_47' title='bbox 554 666 604 729; x_wconf 80' lang='grc' dir='ltr'><strong><em>διά</em></strong></span> <span class='ocrx_word' id='word_1_48' title='bbox 624 674 677 730; x_wconf 86' lang='grc' dir='ltr'><strong><em>τοῦ</em></strong></span> <span class='ocrx_word' id='word_1_49' title='bbox 698 663 861 746; x_wconf 82' lang='grc' dir='ltr'><strong><em>πνεύματος</em></strong></span> <span class='ocrx_word' id='word_1_50' title='bbox 881 666 930 730; x_wconf 85' lang='grc' dir='ltr'><strong><em>καλ</em></strong></span> <span class='ocrx_word' id='word_1_51' title='bbox 953 667 1071 771; x_wconf 57' lang='grc' dir='ltr'><strong><em>ίσρυσας</em></strong></span> <span class='ocrx_word' id='word_1_52' title='bbox 1088 691 1123 751; x_wconf 85' lang='grc' dir='ltr'><strong><em>τη</em></strong></span> <span class='ocrx_word' id='word_1_53' title='bbox 1145 669 1223 748; x_wconf 81' lang='grc' dir='ltr'><strong><em>ίσχολ·</em></strong></span> <span class='ocrx_word' id='word_1_54' title='bbox 1241 689 1295 733; x_wconf 91' lang='grc' dir='ltr'><strong><em>σου</em></strong></span> 
     </span>
     <span class='ocr_line' id='line_1_6' title="bbox 132 746 1304 834; baseline 0.003 -22"><span class='ocrx_word' id='word_1_55' title='bbox 132 748 205 812; x_wconf 81' lang='grc' dir='ltr'><strong><em>ῶστε</em></strong></span> <span class='ocrx_word' id='word_1_56' title='bbox 225 747 374 813; x_wconf 88' lang='grc' dir='ltr'><strong><em>δάνασθαί</em></strong></span> <span class='ocrx_word' id='word_1_57' title='bbox 398 771 432 813; x_wconf 89' lang='grc' dir='ltr'><strong><em>σε</em></strong></span> <span class='ocrx_word' id='word_1_58' title='bbox 459 752 490 814; x_wconf 81' lang='grc' dir='ltr'><strong><em>οἱ</em></strong></span> <span class='ocrx_word' id='word_1_59' title='bbox 513 746 639 834; x_wconf 64' lang='grc' dir='ltr'><strong><em>ῶγγελοό</em></strong></span> <span class='ocrx_word' id='word_1_60' title='bbox 667 752 746 815; x_wconf 86' lang='grc' dir='ltr'><strong><em>ἐδεῑν.</em></strong></span> <span class='ocrx_word' id='word_1_61' title='bbox 793 748 863 812; x_wconf 89' lang='grc' dir='ltr'><strong><em>Τότε</em></strong></span> <span class='ocrx_word' id='word_1_62' title='bbox 890 748 943 830; x_wconf 87' lang='grc' dir='ltr'><strong><em>μέν</em></strong></span> <span class='ocrx_word' id='word_1_63' title='bbox 971 773 1025 812; x_wconf 91' lang='grc' dir='ltr'><strong><em>ουν</em></strong></span> <span class='ocrx_word' id='word_1_64' title='bbox 1052 749 1226 832; x_wconf 72' lang='grc' dir='ltr'><strong><em>ἐφανερώθη</em></strong></span> <span class='ocrx_word' id='word_1_65' title='bbox 1253 771 1304 816; x_wconf 85' lang='grc' dir='ltr'><strong><em>σοι·</em></strong></span> 
     </span>
     <span class='ocr_line' id='line_1_7' title="bbox 134 829 1299 916; baseline 0.001 -21"><span class='ocrx_word' id='word_1_66' title='bbox 134 831 183 895; x_wconf 85' lang='grc' dir='ltr'><strong><em>διά</em></strong></span> <span class='ocrx_word' id='word_1_67' title='bbox 204 841 257 914; x_wconf 77' lang='grc' dir='ltr'><strong><em>τῆς</em></strong></span> <span class='ocrx_word' id='word_1_68' title='bbox 273 830 447 912; x_wconf 79' lang='grc' dir='ltr'><strong><em>Ἐκκλησίας</em></strong></span> <span class='ocrx_word' id='word_1_69' title='bbox 465 829 487 914; x_wconf 73' lang='grc' dir='ltr'><em>ἡ</em></span> <span class='ocrx_word' id='word_1_70' title='bbox 508 830 648 915; x_wconf 77' lang='grc' dir='ltr'><strong><em>οἰκοδομὴ</em></strong></span> <span class='ocrx_word' id='word_1_71' title='bbox 669 840 722 898; x_wconf 85' lang='grc' dir='ltr'><strong><em>τοῦ</em></strong></span> <span class='ocrx_word' id='word_1_72' title='bbox 742 830 856 916; x_wconf 85' lang='grc' dir='ltr'><strong><em>πόργου</em></strong></span> <span class='ocrx_word' id='word_1_73' title='bbox 876 833 972 907; x_wconf 85' lang='grc' dir='ltr'><strong><em>καλῶς</em></strong></span> <span class='ocrx_word' id='word_1_74' title='bbox 984 834 1034 896; x_wconf 85' lang='grc' dir='ltr'><strong><em>καί</em></strong></span> <span class='ocrx_word' id='word_1_75' title='bbox 1054 839 1180 914; x_wconf 77' lang='grc' dir='ltr'><strong><em>σεμνῶς·</em></strong></span> <span class='ocrx_word' id='word_1_76' title='bbox 1204 829 1299 896; x_wconf 87' lang='grc' dir='ltr'><strong><em>πάντα</em></strong></span> 
     </span>
     <span class='ocr_line' id='line_1_8' title="bbox 132 912 1299 1000; baseline 0 -20"><span class='ocrx_word' id='word_1_77' title='bbox 132 914 173 990; x_wconf 78' lang='grc' dir='ltr'><strong><em>ῶς</em></strong></span> <span class='ocrx_word' id='word_1_78' title='bbox 202 914 261 980; x_wconf 87' lang='grc' dir='ltr'><strong><em>όπδ</em></strong></span> <span class='ocrx_word' id='word_1_79' title='bbox 288 916 441 998; x_wconf 87' lang='grc' dir='ltr'><strong><em>παρθένον</em></strong></span> <span class='ocrx_word' id='word_1_80' title='bbox 476 913 619 999; x_wconf 73' lang='grc' dir='ltr'><strong><em>ἑόρακας·</em></strong></span> <span class='ocrx_word' id='word_1_81' title='bbox 651 925 707 981; x_wconf 84' lang='grc' dir='ltr'><strong><em>νῦν</em></strong></span> <span class='ocrx_word' id='word_1_82' title='bbox 735 915 766 979; x_wconf 89' lang='grc' dir='ltr'><strong><em>δέ</em></strong></span> <span class='ocrx_word' id='word_1_83' title='bbox 795 912 855 980; x_wconf 85' lang='grc' dir='ltr'><strong><em>δπδ</em></strong></span> <span class='ocrx_word' id='word_1_84' title='bbox 881 914 1002 1000; x_wconf 88' lang='grc' dir='ltr'><strong><em>άγγέλου</em></strong></span> <span class='ocrx_word' id='word_1_85' title='bbox 1028 918 1143 998; x_wconf 84' lang='grc' dir='ltr'><strong><em>βλέπεις</em></strong></span> <span class='ocrx_word' id='word_1_86' title='bbox 1169 914 1219 980; x_wconf 79' lang='grc' dir='ltr'><strong><em>διὰ</em></strong></span> <span class='ocrx_word' id='word_1_87' title='bbox 1245 925 1299 980; x_wconf 82' lang='grc' dir='ltr'><strong><em>τοῦ</em></strong></span> 
     </span>
     <span class='ocr_line' id='line_1_9' title="bbox 132 996 1299 1083; baseline -0.001 -20"><span class='ocrx_word' id='word_1_88' title='bbox 132 997 223 1063; x_wconf 77' lang='grc' dir='ltr'><strong><em>αὐτοῦ</em></strong></span> <span class='ocrx_word' id='word_1_89' title='bbox 244 999 296 1080; x_wconf 82' lang='grc' dir='ltr'><strong><em>μὲν</em></strong></span> <span class='ocrx_word' id='word_1_90' title='bbox 309 997 485 1080; x_wconf 80' lang='grc' dir='ltr'><strong><em>πνεύματος·</em></strong></span> <span class='ocrx_word' id='word_1_91' title='bbox 508 1002 555 1063; x_wconf 88' lang='grc' dir='ltr'><strong><em>δεῖ</em></strong></span> <span class='ocrx_word' id='word_1_92' title='bbox 571 1001 603 1063; x_wconf 87' lang='grc' dir='ltr'><strong><em>δέ</em></strong></span> <span class='ocrx_word' id='word_1_93' title='bbox 616 1018 648 1064; x_wconf 86' lang='grc' dir='ltr'><strong><em>σε</em></strong></span> <span class='ocrx_word' id='word_1_94' title='bbox 661 998 733 1083; x_wconf 87' lang='grc' dir='ltr'><strong><em>παρ’</em></strong></span> <span class='ocrx_word' id='word_1_95' title='bbox 756 999 828 1080; x_wconf 83' lang='grc' dir='ltr'><strong><em>ἐμοῦ</em></strong></span> <span class='ocrx_word' id='word_1_96' title='bbox 841 997 1044 1083; x_wconf 86' lang='grc' dir='ltr'><strong><em>άκριβέστερον</em></strong></span> <span class='ocrx_word' id='word_1_97' title='bbox 1063 996 1158 1063; x_wconf 86' lang='grc' dir='ltr'><strong><em>πάντα</em></strong></span> <span class='ocrx_word' id='word_1_98' title='bbox 1177 1008 1299 1082; x_wconf 85' lang='grc' dir='ltr'><strong><em>μαθεῖν·</em></strong></span> 
     </span>
     <span class='ocr_line' id='line_1_10' title="bbox 132 1079 1298 1168; baseline 0.001 -22"><span class='ocrx_word' id='word_1_99' title='bbox 132 1084 173 1157; x_wconf 89' lang='grc' dir='ltr'><strong><em>είς</em></strong></span> <span class='ocrx_word' id='word_1_100' title='bbox 194 1090 280 1147; x_wconf 85' lang='grc' dir='ltr'><strong><em>τοῦτο</em></strong></span> <span class='ocrx_word' id='word_1_101' title='bbox 300 1081 424 1166; x_wconf 78' lang='grc' dir='ltr'><strong><em>γάρκαὶ</em></strong></span> <span class='ocrx_word' id='word_1_102' title='bbox 444 1084 556 1164; x_wconf 82' lang='grc' dir='ltr'><strong><em>ἐδόθην</em></strong></span> <span class='ocrx_word' id='word_1_103' title='bbox 576 1080 634 1146; x_wconf 82' lang='grc' dir='ltr'><strong><em>άπὸ</em></strong></span> <span class='ocrx_word' id='word_1_104' title='bbox 656 1090 708 1148; x_wconf 86' lang='grc' dir='ltr'><strong><em>τοῦ</em></strong></span> <span class='ocrx_word' id='word_1_105' title='bbox 730 1081 849 1160; x_wconf 78' lang='grc' dir='ltr'><strong><em>ἐνδόξου</em></strong></span> <span class='ocrx_word' id='word_1_106' title='bbox 871 1082 992 1168; x_wconf 85' lang='grc' dir='ltr'><strong><em>άγγίλου</em></strong></span> <span class='ocrx_word' id='word_1_107' title='bbox 1013 1085 1054 1158; x_wconf 86' lang='grc' dir='ltr'><strong><em>είς</em></strong></span> <span class='ocrx_word' id='word_1_108' title='bbox 1074 1081 1125 1147; x_wconf 87' lang='grc' dir='ltr'><strong><em>τὸν</em></strong></span> <span class='ocrx_word' id='word_1_109' title='bbox 1141 1079 1224 1148; x_wconf 77' lang='grc' dir='ltr'><strong><em>οἶκόν</em></strong></span> <span class='ocrx_word' id='word_1_110' title='bbox 1244 1105 1298 1147; x_wconf 92' lang='grc' dir='ltr'><strong><em>σου</em></strong></span> 
     </span>
     <span class='ocr_line' id='line_1_11' title="bbox 132 1164 1296 1255; baseline 0.002 -26"><span class='ocrx_word' id='word_1_111' title='bbox 132 1173 318 1249; x_wconf 79' lang='grc' dir='ltr'><strong><em>κατοικῆσαι,</em></strong></span> <span class='ocrx_word' id='word_1_112' title='bbox 340 1168 390 1229; x_wconf 78' lang='grc' dir='ltr'><strong><em>ἵνα</em></strong></span> <span class='ocrx_word' id='word_1_113' title='bbox 419 1169 550 1241; x_wconf 79' lang='grc' dir='ltr'><strong><em>δυνατῶς</em></strong></span> <span class='ocrx_word' id='word_1_114' title='bbox 575 1164 670 1230; x_wconf 89' lang='grc' dir='ltr'><strong><em>πάντα</em></strong></span> <span class='ocrx_word' id='word_1_115' title='bbox 691 1169 767 1255; x_wconf 80' lang='grc' dir='ltr'><strong><em>ίδης,</em></strong></span> <span class='ocrx_word' id='word_1_116' title='bbox 789 1167 880 1248; x_wconf 79' lang='grc' dir='ltr'><strong><em>μηδέν</em></strong></span> <span class='ocrx_word' id='word_1_117' title='bbox 900 1167 1113 1248; x_wconf 90' lang='grc' dir='ltr'><strong><em>δειλαινόμενος</em></strong></span> <span class='ocrx_word' id='word_1_118' title='bbox 1134 1165 1174 1242; x_wconf 82' lang='grc' dir='ltr'><strong><em>ῶς</em></strong></span> <span class='ocrx_word' id='word_1_119' title='bbox 1192 1169 1242 1231; x_wconf 83' lang='grc' dir='ltr'><strong><em>καλ</em></strong></span> <span class='ocrx_word' id='word_1_120' title='bbox 1263 1165 1296 1231; x_wconf 88' lang='grc' dir='ltr'><strong><em>τδ</em></strong></span> 
     </span>
     <span class='ocr_line' id='line_1_12' title="bbox 130 1247 1298 1354; baseline 0 -39"><span class='ocrx_word' id='word_1_121' title='bbox 130 1250 281 1333; x_wconf 82' lang='grc' dir='ltr'><strong><em>πρότερον.</em></strong></span> <span class='ocrx_word' id='word_1_122' title='bbox 324 1251 382 1313; x_wconf 85' lang='grc' dir='ltr'><strong><em>Καλ</em></strong></span> <span class='ocrx_word' id='word_1_123' title='bbox 403 1247 534 1333; x_wconf 72' lang='grc' dir='ltr'><strong><em>ἀπήγαγέ</em></strong></span> <span class='ocrx_word' id='word_1_124' title='bbox 552 1274 590 1354; x_wconf 76' lang='grc' dir='ltr'><strong><em>με</em></strong></span> <span class='ocrx_word' id='word_1_125' title='bbox 610 1253 651 1326; x_wconf 84' lang='grc' dir='ltr'><strong><em>είς</em></strong></span> <span class='ocrx_word' id='word_1_126' title='bbox 671 1247 726 1331; x_wconf 82' lang='grc' dir='ltr'><strong><em>τὴν</em></strong></span> <span class='ocrx_word' id='word_1_127' title='bbox 741 1248 916 1333; x_wconf 80' lang='grc' dir='ltr'><strong><em>Ἀρκαδίαν,</em></strong></span> <span class='ocrx_word' id='word_1_128' title='bbox 936 1252 978 1325; x_wconf 88' lang='grc' dir='ltr'><strong><em>είς</em></strong></span> <span class='ocrx_word' id='word_1_129' title='bbox 1005 1248 1075 1334; x_wconf 85' lang='grc' dir='ltr'><strong><em>όρος</em></strong></span> <span class='ocrx_word' id='word_1_130' title='bbox 1093 1275 1122 1315; x_wconf 85' lang='grc' dir='ltr'><strong><em>τι</em></strong></span> <span class='ocrx_word' id='word_1_131' title='bbox 1141 1254 1298 1332; x_wconf 86' lang='grc' dir='ltr'><strong><em>μαστῶδες,</em></strong></span> 
     </span>
     <span class='ocr_line' id='line_1_13' title="bbox 131 1331 1298 1440; baseline 0.001 -43"><span class='ocrx_word' id='word_1_132' title='bbox 131 1335 182 1397; x_wconf 90' lang='grc' dir='ltr'><strong><em>καλ</em></strong></span> <span class='ocrx_word' id='word_1_133' title='bbox 203 1333 323 1398; x_wconf 84' lang='grc' dir='ltr'><strong><em>έκάθισέ</em></strong></span> <span class='ocrx_word' id='word_1_134' title='bbox 349 1358 384 1414; x_wconf 92' lang='grc' dir='ltr'><strong><em>με</em></strong></span> <span class='ocrx_word' id='word_1_135' title='bbox 414 1334 462 1397; x_wconf 78' lang='grc' dir='ltr'><strong><em>ἐπὶ</em></strong></span> <span class='ocrx_word' id='word_1_136' title='bbox 488 1331 521 1396; x_wconf 91' lang='grc' dir='ltr'><strong><em>τδ</em></strong></span> <span class='ocrx_word' id='word_1_137' title='bbox 550 1359 641 1416; x_wconf 88' lang='grc' dir='ltr'><strong><em>ακρον</em></strong></span> <span class='ocrx_word' id='word_1_138' title='bbox 661 1341 713 1397; x_wconf 83' lang='grc' dir='ltr'><strong><em>τοῦ</em></strong></span> <span class='ocrx_word' id='word_1_139' title='bbox 733 1331 821 1440; x_wconf 78' lang='grc' dir='ltr'><strong><em>ὅρους</em></strong></span> <span class='ocrx_word' id='word_1_140' title='bbox 840 1335 890 1397; x_wconf 90' lang='grc' dir='ltr'><strong><em>καλ</em></strong></span> <span class='ocrx_word' id='word_1_141' title='bbox 916 1334 1005 1410; x_wconf 83' lang='grc' dir='ltr'><strong><em>έδειξέ</em></strong></span> <span class='ocrx_word' id='word_1_142' title='bbox 1024 1359 1075 1413; x_wconf 87' lang='grc' dir='ltr'><strong><em>μοι</em></strong></span> <span class='ocrx_word' id='word_1_143' title='bbox 1095 1337 1196 1398; x_wconf 87' lang='grc' dir='ltr'><strong><em>πεδίον</em></strong></span> <span class='ocrx_word' id='word_1_144' title='bbox 1216 1335 1298 1419; x_wconf 86' lang='grc' dir='ltr'><strong><em>μέγα,</em></strong></span> 
     </span>
     <span class='ocr_line' id='line_1_14' title="bbox 130 1412 1300 1498; baseline -0.001 -17"><span class='ocrx_word' id='word_1_145' title='bbox 130 1416 228 1481; x_wconf 84' lang='grc' dir='ltr'><strong><em>κόκλο</em></strong></span> <span class='ocrx_word' id='word_1_146' title='bbox 250 1417 281 1481; x_wconf 84' lang='grc' dir='ltr'><strong><em>δέ</em></strong></span> <span class='ocrx_word' id='word_1_147' title='bbox 309 1424 361 1480; x_wconf 85' lang='grc' dir='ltr'><strong><em>τοῦ</em></strong></span> <span class='ocrx_word' id='word_1_148' title='bbox 387 1419 490 1481; x_wconf 79' lang='grc' dir='ltr'><strong><em>πεδίου</em></strong></span> <span class='ocrx_word' id='word_1_149' title='bbox 518 1413 573 1497; x_wconf 86' lang='grc' dir='ltr'><strong><em>όρη</em></strong></span> <span class='ocrx_word' id='word_1_150' title='bbox 595 1415 724 1496; x_wconf 82' lang='grc' dir='ltr'><strong><em>δυόδεκα,</em></strong></span> <span class='ocrx_word' id='word_1_151' title='bbox 755 1424 846 1498; x_wconf 86' lang='grc' dir='ltr'><strong><em>αλλην</em></strong></span> <span class='ocrx_word' id='word_1_152' title='bbox 864 1417 913 1478; x_wconf 89' lang='grc' dir='ltr'><strong><em>καλ</em></strong></span> <span class='ocrx_word' id='word_1_153' title='bbox 934 1412 1022 1496; x_wconf 81' lang='grc' dir='ltr'><strong><em>άλλην</em></strong></span> <span class='ocrx_word' id='word_1_154' title='bbox 1043 1417 1124 1480; x_wconf 85' lang='grc' dir='ltr'><strong><em>ίδέαν</em></strong></span> <span class='ocrx_word' id='word_1_155' title='bbox 1143 1418 1243 1498; x_wconf 80' lang='grc' dir='ltr'><strong><em>έχοντα</em></strong></span> <span class='ocrx_word' id='word_1_156' title='bbox 1262 1416 1300 1480; x_wconf 82' lang='grc' dir='ltr'><strong><em>τά</em></strong></span> 
     </span>
     <span class='ocr_line' id='line_1_15' title="bbox 131 1484 1296 1583; baseline -0.003 -18"><span class='ocrx_word' id='word_1_157' title='bbox 131 1484 255 1582; x_wconf 75' lang='grc' dir='ltr'><strong><em>ὄρη”τδ</em></strong></span> <span class='ocrx_word' id='word_1_158' title='bbox 275 1506 392 1583; x_wconf 88' lang='grc' dir='ltr'><strong><em>πρῶτον</em></strong></span> <span class='ocrx_word' id='word_1_159' title='bbox 408 1493 448 1581; x_wconf 81' lang='grc' dir='ltr'><strong><em>ἦν</em></strong></span> <span class='ocrx_word' id='word_1_160' title='bbox 469 1500 557 1581; x_wconf 87' lang='grc' dir='ltr'><strong><em>μέλαν</em></strong></span> <span class='ocrx_word' id='word_1_161' title='bbox 578 1497 617 1573; x_wconf 83' lang='grc' dir='ltr'><strong><em>ῶς</em></strong></span> <span class='ocrx_word' id='word_1_162' title='bbox 638 1497 762 1580; x_wconf 84' lang='grc' dir='ltr'><strong><em>άσβόλη·</em></strong></span> <span class='ocrx_word' id='word_1_163' title='bbox 781 1496 814 1561; x_wconf 88' lang='grc' dir='ltr'><strong><em>τδ</em></strong></span> <span class='ocrx_word' id='word_1_164' title='bbox 836 1497 970 1580; x_wconf 83' lang='grc' dir='ltr'><strong><em>δεύτερον</em></strong></span> <span class='ocrx_word' id='word_1_165' title='bbox 990 1499 1087 1577; x_wconf 82' lang='grc' dir='ltr'><strong><em>ψιλόν,</em></strong></span> <span class='ocrx_word' id='word_1_166' title='bbox 1110 1498 1236 1581; x_wconf 77' lang='grc' dir='ltr'><strong><em>βοτάνας</em></strong></span> <span class='ocrx_word' id='word_1_167' title='bbox 1256 1498 1296 1581; x_wconf 78' lang='grc' dir='ltr'><strong><em>μὴ</em></strong></span> 
     </span>
     <span class='ocr_line' id='line_1_16' title="bbox 131 1579 1297 1665; baseline 0 -18"><span class='ocrx_word' id='word_1_168' title='bbox 131 1585 210 1663; x_wconf 70' lang='grc' dir='ltr'><strong><em>ἔχον·</em></strong></span> <span class='ocrx_word' id='word_1_169' title='bbox 237 1581 270 1648; x_wconf 85' lang='grc' dir='ltr'><strong><em>τὸ</em></strong></span> <span class='ocrx_word' id='word_1_170' title='bbox 300 1583 331 1645; x_wconf 82' lang='grc' dir='ltr'><strong><em>δέ</em></strong></span> <span class='ocrx_word' id='word_1_171' title='bbox 359 1585 454 1662; x_wconf 89' lang='grc' dir='ltr'><strong><em>τρίτον</em></strong></span> <span class='ocrx_word' id='word_1_172' title='bbox 480 1580 623 1644; x_wconf 88' lang='grc' dir='ltr'><strong><em>άκανθῶν</em></strong></span> <span class='ocrx_word' id='word_1_173' title='bbox 653 1582 704 1645; x_wconf 83' lang='grc' dir='ltr'><strong><em>καὶ</em></strong></span> <span class='ocrx_word' id='word_1_174' title='bbox 729 1579 869 1662; x_wconf 82' lang='grc' dir='ltr'><strong><em>τριβόλων</em></strong></span> <span class='ocrx_word' id='word_1_175' title='bbox 896 1587 1018 1663; x_wconf 86' lang='grc' dir='ltr'><strong><em>πλῆρες·</em></strong></span> <span class='ocrx_word' id='word_1_176' title='bbox 1045 1580 1078 1645; x_wconf 89' lang='grc' dir='ltr'><strong><em>τδ</em></strong></span> <span class='ocrx_word' id='word_1_177' title='bbox 1107 1582 1140 1645; x_wconf 91' lang='grc' dir='ltr'><strong><em>δέ</em></strong></span> <span class='ocrx_word' id='word_1_178' title='bbox 1165 1584 1297 1665; x_wconf 87' lang='grc' dir='ltr'><strong><em>τέταρτον</em></strong></span> 
     </span>
     <span class='ocr_line' id='line_1_17' title="bbox 129 1661 1297 1748; baseline 0 -19"><span class='ocrx_word' id='word_1_179' title='bbox 129 1665 255 1748; x_wconf 79' lang='grc' dir='ltr'><strong><em>βοτάνας</em></strong></span> <span class='ocrx_word' id='word_1_180' title='bbox 282 1666 346 1746; x_wconf 74' lang='grc' dir='ltr'><strong><em>ἔχον</em></strong></span> <span class='ocrx_word' id='word_1_181' title='bbox 373 1662 547 1746; x_wconf 72' lang='grc' dir='ltr'><strong><em>ἡμιξηρους,</em></strong></span> <span class='ocrx_word' id='word_1_182' title='bbox 574 1662 610 1728; x_wconf 86' lang='grc' dir='ltr'><strong><em>τά</em></strong></span> <span class='ocrx_word' id='word_1_183' title='bbox 629 1665 681 1745; x_wconf 80' lang='grc' dir='ltr'><strong><em>μὲν</em></strong></span> <span class='ocrx_word' id='word_1_184' title='bbox 707 1661 804 1728; x_wconf 87' lang='grc' dir='ltr'><strong><em>ἐπάνω</em></strong></span> <span class='ocrx_word' id='word_1_185' title='bbox 833 1669 892 1727; x_wconf 89' lang='grc' dir='ltr'><strong><em>τῶν</em></strong></span> <span class='ocrx_word' id='word_1_186' title='bbox 911 1667 1044 1746; x_wconf 76' lang='grc' dir='ltr'><strong><em>βοτανῶν</em></strong></span> <span class='ocrx_word' id='word_1_187' title='bbox 1068 1662 1176 1748; x_wconf 80' lang='grc' dir='ltr'><strong><em>χλωρά,</em></strong></span> <span class='ocrx_word' id='word_1_188' title='bbox 1205 1664 1240 1729; x_wconf 86' lang='grc' dir='ltr'><strong><em>τά</em></strong></span> <span class='ocrx_word' id='word_1_189' title='bbox 1266 1667 1297 1729; x_wconf 86' lang='grc' dir='ltr'><strong><em>δέ</em></strong></span> 
     </span>
     <span class='ocr_line' id='line_1_18' title="bbox 129 1745 1296 1832; baseline 0.001 -21"><span class='ocrx_word' id='word_1_190' title='bbox 129 1746 204 1832; x_wconf 83' lang='grc' dir='ltr'><strong><em>πρὸς</em></strong></span> <span class='ocrx_word' id='word_1_191' title='bbox 231 1755 295 1822; x_wconf 81' lang='grc' dir='ltr'><strong><em>ταῖς</em></strong></span> <span class='ocrx_word' id='word_1_192' title='bbox 322 1749 413 1827; x_wconf 73' lang='grc' dir='ltr'><strong><em>ῥίζαις</em></strong></span> <span class='ocrx_word' id='word_1_193' title='bbox 440 1753 475 1828; x_wconf 82' lang='grc' dir='ltr'><strong><em>ξη</em></strong></span> <span class='ocrx_word' id='word_1_194' title='bbox 494 1745 529 1810; x_wconf 86' lang='grc' dir='ltr'><strong><em>ά·</em></strong></span> <span class='ocrx_word' id='word_1_195' title='bbox 561 1747 636 1822; x_wconf 80' lang='grc' dir='ltr'><strong><em>τινές</em></strong></span> <span class='ocrx_word' id='word_1_196' title='bbox 663 1746 695 1809; x_wconf 90' lang='grc' dir='ltr'><strong><em>δέ</em></strong></span> <span class='ocrx_word' id='word_1_197' title='bbox 715 1745 851 1828; x_wconf 86' lang='grc' dir='ltr'><strong><em>βοτάναι,</em></strong></span> <span class='ocrx_word' id='word_1_198' title='bbox 883 1745 954 1810; x_wconf 83' lang='grc' dir='ltr'><strong><em>όταν</em></strong></span> <span class='ocrx_word' id='word_1_199' title='bbox 980 1746 1101 1829; x_wconf 77' lang='grc' dir='ltr'><strong><em>δῆλιος</em></strong></span> <span class='ocrx_word' id='word_1_200' title='bbox 1124 1749 1296 1829; x_wconf 66' lang='grc' dir='ltr'><strong><em>έπεκαόσει,*</em></strong></span> 
     </span>
     <span class='ocr_line' id='line_1_19' title="bbox 131 1772 1296 1934; baseline 0.001 -40"><span class='ocrx_word' id='word_1_201' title='bbox 131 1833 215 1914; x_wconf 80' lang='grc' dir='ltr'><strong><em>ξηραὶ</em></strong></span> <span class='ocrx_word' id='word_1_202' title='bbox 235 1830 381 1934; x_wconf 72' lang='grc' dir='ltr'><strong><em>ἐγέγοντο·</em></strong></span> <span class='ocrx_word' id='word_1_203' title='bbox 402 1827 435 1895; x_wconf 86' lang='grc' dir='ltr'><strong><em>τὸ</em></strong></span> <span class='ocrx_word' id='word_1_204' title='bbox 456 1772 492 1893; x_wconf 73' lang='grc' dir='ltr'><strong><em>δέ</em></strong></span> <span class='ocrx_word' id='word_1_205' title='bbox 509 1826 579 1933; x_wconf 81' lang='grc' dir='ltr'><strong><em>όρος</em></strong></span> <span class='ocrx_word' id='word_1_206' title='bbox 597 1827 686 1914; x_wconf 77' lang='grc' dir='ltr'><strong><em>τραχὺ</em></strong></span> <span class='ocrx_word' id='word_1_207' title='bbox 706 1832 771 1893; x_wconf 84' lang='grc' dir='ltr'><strong><em>λίαν</em></strong></span> <span class='ocrx_word' id='word_1_208' title='bbox 791 1825 838 1914; x_wconf 70' lang='grc' dir='ltr'><strong><em>ἦν,</em></strong></span> <span class='ocrx_word' id='word_1_209' title='bbox 858 1827 984 1913; x_wconf 85' lang='grc' dir='ltr'><strong><em>βοτάνας</em></strong></span> <span class='ocrx_word' id='word_1_210' title='bbox 1002 1832 1118 1914; x_wconf 80' lang='grc' dir='ltr'><strong><em>ἐγονξη</em></strong></span> <span class='ocrx_word' id='word_1_211' title='bbox 1138 1834 1189 1907; x_wconf 89' lang='grc' dir='ltr'><strong><em>άς·</em></strong></span> <span class='ocrx_word' id='word_1_212' title='bbox 1209 1830 1243 1897; x_wconf 92' lang='grc' dir='ltr'><strong><em>τδ</em></strong></span> <span class='ocrx_word' id='word_1_213' title='bbox 1265 1831 1296 1895; x_wconf 87' lang='grc' dir='ltr'><strong><em>δέ</em></strong></span> 
     </span>
    </p>
   </div>
   <div class='ocr_carea' id='block_1_3' title="bbox 130 1910 1297 2061">
    <p class='ocr_par' dir='ltr' id='par_1_3' title="bbox 130 1910 1297 2061">
     <span class='ocr_line' id='line_1_20' title="bbox 130 1910 1297 2061; baseline 0.003 -83"><span class='ocrx_word' id='word_1_214' title='bbox 130 1915 262 1996; x_wconf 82' lang='grc' dir='ltr'><strong><em>πέμπτον</em></strong></span> <span class='ocrx_word' id='word_1_215' title='bbox 282 1938 350 1996; x_wconf 93' lang='grc' dir='ltr'><strong><em>ορος</em></strong></span> <span class='ocrx_word' id='word_1_216' title='bbox 369 1914 435 1995; x_wconf 81' lang='grc' dir='ltr'><strong><em>ἐγον</em></strong></span> <span class='ocrx_word' id='word_1_217' title='bbox 459 1916 584 1995; x_wconf 90' lang='grc' dir='ltr'><strong><em>βοτανας</em></strong></span> <span class='ocrx_word' id='word_1_218' title='bbox 610 1910 720 1998; x_wconf 83' lang='grc' dir='ltr'><strong><em>γλοιράς</em></strong></span> <span class='ocrx_word' id='word_1_219' title='bbox 739 1914 789 1978; x_wconf 90' lang='grc' dir='ltr'><strong><em>καλ</em></strong></span> <span class='ocrx_word' id='word_1_220' title='bbox 808 1911 896 2061; x_wconf 60' lang='grc' dir='ltr'><strong><em>τρργρδ</em></strong></span> <span class='ocrx_word' id='word_1_221' title='bbox 917 1911 961 1979; x_wconf 86' lang='grc' dir='ltr'><strong><em>όν.</em></strong></span> <span class='ocrx_word' id='word_1_222' title='bbox 1008 1912 1048 1978; x_wconf 65' lang='lat' dir='ltr'><strong><em>T&amp;</em></strong></span> <span class='ocrx_word' id='word_1_223' title='bbox 1069 1914 1100 1979; x_wconf 87' lang='grc' dir='ltr'><strong><em>δέ</em></strong></span> <span class='ocrx_word' id='word_1_224' title='bbox 1155 1940 1206 1979; x_wconf 87' lang='grc' dir='ltr'><strong><em>τον</em></strong></span> <span class='ocrx_word' id='word_1_225' title='bbox 1227 1913 1297 1998; x_wconf 87' lang='grc' dir='ltr'><strong><em>όρος</em></strong></span> 
     </span>
    </p>
   </div>
   <div class='ocr_carea' id='block_1_4' title="bbox 128 1988 1298 3251">
    <p class='ocr_par' dir='ltr' id='par_1_4' title="bbox 128 1988 1298 3251">
     <span class='ocr_line' id='line_1_21' title="bbox 131 1988 1296 2082; baseline 0.003 -22"><span class='ocrx_word' id='word_1_226' title='bbox 131 2006 256 2080; x_wconf 75' lang='grc' dir='ltr'><strong><em>σχισμῶν</em></strong></span> <span class='ocrx_word' id='word_1_227' title='bbox 276 1996 345 2062; x_wconf 85' lang='grc' dir='ltr'><strong><em>δλον</em></strong></span> <span class='ocrx_word' id='word_1_228' title='bbox 366 1998 474 2082; x_wconf 83' lang='grc' dir='ltr'><strong><em>ίγεμεν,</em></strong></span> <span class='ocrx_word' id='word_1_229' title='bbox 496 1991 539 2062; x_wconf 83' lang='grc' dir='ltr'><strong><em>ῶν</em></strong></span> <span class='ocrx_word' id='word_1_230' title='bbox 559 1997 611 2079; x_wconf 79' lang='grc' dir='ltr'><strong><em>μέν</em></strong></span> <span class='ocrx_word' id='word_1_231' title='bbox 631 2003 759 2081; x_wconf 85' lang='grc' dir='ltr'><strong><em>μικρῶν,</em></strong></span> <span class='ocrx_word' id='word_1_232' title='bbox 783 1988 825 2061; x_wconf 85' lang='grc' dir='ltr'><strong><em>ῶν</em></strong></span> <span class='ocrx_word' id='word_1_233' title='bbox 897 1995 1043 2082; x_wconf 84' lang='grc' dir='ltr'><strong><em>μεγάλαν·</em></strong></span> <span class='ocrx_word' id='word_1_234' title='bbox 1064 1995 1140 2081; x_wconf 75' lang='grc' dir='ltr'><strong><em>εἶχον</em></strong></span> <span class='ocrx_word' id='word_1_235' title='bbox 1159 1999 1191 2063; x_wconf 89' lang='grc' dir='ltr'><strong><em>δέ</em></strong></span> <span class='ocrx_word' id='word_1_236' title='bbox 1211 1998 1296 2082; x_wconf 89' lang='grc' dir='ltr'><strong><em>βοτά-</em></strong></span> 
     </span>
     <span class='ocr_line' id='line_1_22' title="bbox 130 2073 1296 2166; baseline 0.002 -21"><span class='ocrx_word' id='word_1_237' title='bbox 130 2107 184 2157; x_wconf 89' lang='grc' dir='ltr'><strong><em>νας</em></strong></span> <span class='ocrx_word' id='word_1_238' title='bbox 210 2083 243 2146; x_wconf 90' lang='grc' dir='ltr'><strong><em>αί</em></strong></span> <span class='ocrx_word' id='word_1_239' title='bbox 262 2084 391 2163; x_wconf 83' lang='grc' dir='ltr'><strong><em>σχισμαί·</em></strong></span> <span class='ocrx_word' id='word_1_240' title='bbox 416 2079 453 2145; x_wconf 83' lang='grc' dir='ltr'><strong><em>οδ</em></strong></span> <span class='ocrx_word' id='word_1_241' title='bbox 473 2083 541 2144; x_wconf 90' lang='grc' dir='ltr'><strong><em>λίαν</em></strong></span> <span class='ocrx_word' id='word_1_242' title='bbox 560 2081 591 2144; x_wconf 86' lang='grc' dir='ltr'><strong><em>δέ</em></strong></span> <span class='ocrx_word' id='word_1_243' title='bbox 611 2073 688 2162; x_wconf 79' lang='grc' dir='ltr'><strong><em>ἦσαν</em></strong></span> <span class='ocrx_word' id='word_1_244' title='bbox 708 2078 843 2155; x_wconf 82' lang='grc' dir='ltr'><strong><em>εδθαλεῐς</em></strong></span> <span class='ocrx_word' id='word_1_245' title='bbox 864 2082 897 2143; x_wconf 79' lang='grc' dir='ltr'><strong><em>αλ</em></strong></span> <span class='ocrx_word' id='word_1_246' title='bbox 913 2080 1051 2166; x_wconf 85' lang='grc' dir='ltr'><strong><em>βοτάναι,</em></strong></span> <span class='ocrx_word' id='word_1_247' title='bbox 1073 2090 1182 2164; x_wconf 81' lang='grc' dir='ltr'><strong><em>μᾶλλον</em></strong></span> <span class='ocrx_word' id='word_1_248' title='bbox 1203 2082 1234 2146; x_wconf 90' lang='grc' dir='ltr'><strong><em>δέ</em></strong></span> <span class='ocrx_word' id='word_1_249' title='bbox 1255 2080 1296 2158; x_wconf 87' lang='grc' dir='ltr'><strong><em>ῶς</em></strong></span> 
     </span>
     <span class='ocr_line' id='line_1_23' title="bbox 129 2156 1296 2328; baseline 0.002 -16"><span class='ocrx_word' id='word_1_250' title='bbox 129 2168 345 2271; x_wconf 63' lang='lat'><strong><em>‘⁴‘</em></strong></span> <span class='ocrx_word' id='word_1_251' title='bbox 359 2156 543 2328; x_wconf 57' lang='grc' dir='ltr'><strong><em>ἐκεῖ)</em></strong></span> <span class='ocrx_word' id='word_1_252' title='bbox 557 2164 743 2310; x_wconf 50' lang='grc' dir='ltr'><strong><em>ὅθεν</em></strong></span> <span class='ocrx_word' id='word_1_253' title='bbox 758 2162 853 2322; x_wconf 66' lang='grc' dir='ltr'><strong><em>δεῖ,</em></strong></span> <span class='ocrx_word' id='word_1_254' title='bbox 867 2159 1217 2313; x_wconf 60' lang='grc' dir='ltr'><strong><em>λελλίικλνίι</em></strong></span> <span class='ocrx_word' id='word_1_255' title='bbox 1246 2168 1296 2314; x_wconf 67' lang='grc' dir='ltr'><strong><em>’λ</em></strong></span> 
     </span>
     <span class='ocr_line' id='line_1_24' title="bbox 131 2272 1294 2413; baseline 0.001 -18"><span class='ocrx_word' id='word_1_256' title='bbox 131 2333 173 2405; x_wconf 86' lang='grc' dir='ltr'><strong><em>είς</em></strong></span> <span class='ocrx_word' id='word_1_257' title='bbox 196 2327 229 2393; x_wconf 87' lang='grc' dir='ltr'><strong><em>τδ</em></strong></span> <span class='ocrx_word' id='word_1_258' title='bbox 256 2273 324 2413; x_wconf 76' lang='grc' dir='ltr'><strong><em>όρδς</em></strong></span> <span class='ocrx_word' id='word_1_259' title='bbox 350 2330 456 2394; x_wconf 88' lang='grc' dir='ltr'><strong><em>ἐκεῖνο·</em></strong></span> <span class='ocrx_word' id='word_1_260' title='bbox 483 2272 632 2393; x_wconf 63' lang='grc' dir='ltr'><strong><em>καὶηνδσον</em></strong></span> <span class='ocrx_word' id='word_1_261' title='bbox 661 2273 816 2411; x_wconf 69' lang='grc' dir='ltr'><strong><em>ἐβόσάδντο</em></strong></span> <span class='ocrx_word' id='word_1_262' title='bbox 843 2272 888 2394; x_wconf 69' lang='grc' dir='ltr'><strong><em>τδέ</em></strong></span> <span class='ocrx_word' id='word_1_263' title='bbox 905 2328 996 2412; x_wconf 77' lang='grc' dir='ltr'><strong><em>κτήνη</em></strong></span> <span class='ocrx_word' id='word_1_264' title='bbox 1027 2274 1078 2394; x_wconf 76' lang='grc' dir='ltr'><strong><em>κάλ</em></strong></span> <span class='ocrx_word' id='word_1_265' title='bbox 1107 2329 1144 2395; x_wconf 82' lang='grc' dir='ltr'><strong><em>τά</em></strong></span> <span class='ocrx_word' id='word_1_266' title='bbox 1169 2274 1294 2413; x_wconf 50' lang='lat' dir='ltr'><strong><em>nemci,</em></strong></span> 
     </span>
     <span class='ocr_line' id='line_1_25' title="bbox 130 2411 1296 2498; baseline 0.002 -21"><span class='ocrx_word' id='word_1_267' title='bbox 130 2421 240 2496; x_wconf 80' lang='grc' dir='ltr'><strong><em>μᾶλλον</em></strong></span> <span class='ocrx_word' id='word_1_268' title='bbox 264 2415 314 2477; x_wconf 79' lang='grc' dir='ltr'><strong><em>καὶ</em></strong></span> <span class='ocrx_word' id='word_1_269' title='bbox 342 2420 449 2494; x_wconf 84' lang='grc' dir='ltr'><strong><em>μᾶλλον</em></strong></span> <span class='ocrx_word' id='word_1_270' title='bbox 478 2414 511 2476; x_wconf 80' lang='grc' dir='ltr'><strong><em>αἱ</em></strong></span> <span class='ocrx_word' id='word_1_271' title='bbox 528 2411 649 2495; x_wconf 89' lang='grc' dir='ltr'><strong><em>βοτάναι</em></strong></span> <span class='ocrx_word' id='word_1_272' title='bbox 675 2420 728 2478; x_wconf 82' lang='grc' dir='ltr'><strong><em>τοῦ</em></strong></span> <span class='ocrx_word' id='word_1_273' title='bbox 755 2411 843 2498; x_wconf 85' lang='grc' dir='ltr'><strong><em>όρους</em></strong></span> <span class='ocrx_word' id='word_1_274' title='bbox 872 2414 986 2478; x_wconf 88' lang='grc' dir='ltr'><strong><em>ἐκείνου</em></strong></span> <span class='ocrx_word' id='word_1_275' title='bbox 1012 2414 1145 2480; x_wconf 83' lang='grc' dir='ltr'><strong><em>έθαλλον.</em></strong></span> <span class='ocrx_word' id='word_1_276' title='bbox 1192 2413 1232 2479; x_wconf 87' lang='grc' dir='ltr'><strong><em>Τδ</em></strong></span> <span class='ocrx_word' id='word_1_277' title='bbox 1264 2416 1296 2479; x_wconf 83' lang='grc' dir='ltr'><strong><em>δέ</em></strong></span> 
     </span>
     <span class='ocr_line' id='line_1_26' title="bbox 131 2489 1297 2606; baseline 0 -44"><span class='ocrx_word' id='word_1_278' title='bbox 131 2496 237 2582; x_wconf 77' lang='grc' dir='ltr'><strong><em>’όγδοον</em></strong></span> <span class='ocrx_word' id='word_1_279' title='bbox 257 2494 326 2579; x_wconf 82' lang='grc' dir='ltr'><strong><em>ὅρος</em></strong></span> <span class='ocrx_word' id='word_1_280' title='bbox 345 2504 447 2581; x_wconf 85' lang='grc' dir='ltr'><strong><em>πηγῶν</em></strong></span> <span class='ocrx_word' id='word_1_281' title='bbox 466 2503 573 2579; x_wconf 82' lang='grc' dir='ltr'><strong><em>πλῆρες</em></strong></span> <span class='ocrx_word' id='word_1_282' title='bbox 592 2489 640 2578; x_wconf 83' lang='grc' dir='ltr'><strong><em>ἦν,</em></strong></span> <span class='ocrx_word' id='word_1_283' title='bbox 663 2498 712 2560; x_wconf 85' lang='grc' dir='ltr'><strong><em>καλ</em></strong></span> <span class='ocrx_word' id='word_1_284' title='bbox 732 2504 793 2561; x_wconf 86' lang='grc' dir='ltr'><strong><em>πάν</em></strong></span> <span class='ocrx_word' id='word_1_285' title='bbox 813 2497 894 2582; x_wconf 85' lang='grc' dir='ltr'><strong><em>γένος</em></strong></span> <span class='ocrx_word' id='word_1_286' title='bbox 913 2504 966 2579; x_wconf 80' lang='grc' dir='ltr'><strong><em>τῆς</em></strong></span> <span class='ocrx_word' id='word_1_287' title='bbox 986 2499 1116 2573; x_wconf 61' lang='grc' dir='ltr'><strong><em>κτίσεωςὅ</em></strong></span> <span class='ocrx_word' id='word_1_288' title='bbox 1126 2504 1179 2563; x_wconf 80' lang='grc' dir='ltr'><strong><em>τοῦ</em></strong></span> <span class='ocrx_word' id='word_1_289' title='bbox 1192 2503 1297 2606; x_wconf 80' lang='grc' dir='ltr'><strong><em>κυρίου</em></strong></span> 
     </span>
     <span class='ocr_line' id='line_1_27' title="bbox 131 2578 1296 2665; baseline 0.001 -20"><span class='ocrx_word' id='word_1_290' title='bbox 131 2582 292 2657; x_wconf 75' lang='grc' dir='ltr'><strong><em>ἐποτίζοντο</em></strong></span> <span class='ocrx_word' id='word_1_291' title='bbox 320 2581 352 2644; x_wconf 86' lang='grc' dir='ltr'><strong><em>ἐκ</em></strong></span> <span class='ocrx_word' id='word_1_292' title='bbox 373 2587 431 2645; x_wconf 89' lang='grc' dir='ltr'><strong><em>τῶν</em></strong></span> <span class='ocrx_word' id='word_1_293' title='bbox 454 2588 557 2665; x_wconf 87' lang='grc' dir='ltr'><strong><em>πηγῶν</em></strong></span> <span class='ocrx_word' id='word_1_294' title='bbox 577 2588 630 2645; x_wconf 83' lang='grc' dir='ltr'><strong><em>τοῦ</em></strong></span> <span class='ocrx_word' id='word_1_295' title='bbox 659 2579 747 2662; x_wconf 83' lang='grc' dir='ltr'><strong><em>δρους</em></strong></span> <span class='ocrx_word' id='word_1_296' title='bbox 777 2582 899 2645; x_wconf 88' lang='grc' dir='ltr'><strong><em>ἐκείνου.</em></strong></span> <span class='ocrx_word' id='word_1_297' title='bbox 946 2578 987 2644; x_wconf 84' lang='grc' dir='ltr'><strong><em>Τὸ</em></strong></span> <span class='ocrx_word' id='word_1_298' title='bbox 1016 2580 1047 2644; x_wconf 87' lang='grc' dir='ltr'><strong><em>δέ</em></strong></span> <span class='ocrx_word' id='word_1_299' title='bbox 1076 2583 1208 2646; x_wconf 68' lang='grc' dir='ltr'><strong><em>έννατονο</em></strong></span> <span class='ocrx_word' id='word_1_300' title='bbox 1227 2607 1296 2665; x_wconf 87' lang='grc' dir='ltr'><strong><em>ορος</em></strong></span> 
     </span>
     <span class='ocr_line' id='line_1_28' title="bbox 130 2657 1297 2748; baseline 0.003 -20"><span class='ocrx_word' id='word_1_301' title='bbox 130 2661 187 2745; x_wconf 77' lang='grc' dir='ltr'><strong><em>εἶχε</em></strong></span> <span class='ocrx_word' id='word_1_302' title='bbox 208 2665 313 2748; x_wconf 91' lang='grc' dir='ltr'><strong><em>δένδρα</em></strong></span> <span class='ocrx_word' id='word_1_303' title='bbox 333 2665 451 2748; x_wconf 85' lang='grc' dir='ltr'><strong><em>μέγιστα</em></strong></span> <span class='ocrx_word' id='word_1_304' title='bbox 472 2666 521 2728; x_wconf 85' lang='grc' dir='ltr'><strong><em>καί</em></strong></span> <span class='ocrx_word' id='word_1_305' title='bbox 541 2662 611 2727; x_wconf 80' lang='grc' dir='ltr'><strong><em>όλον</em></strong></span> <span class='ocrx_word' id='word_1_306' title='bbox 638 2663 793 2729; x_wconf 81' lang='grc' dir='ltr'><strong><em>κατάσκιον</em></strong></span> <span class='ocrx_word' id='word_1_307' title='bbox 814 2657 861 2746; x_wconf 83' lang='grc' dir='ltr'><strong><em>ἦν,</em></strong></span> <span class='ocrx_word' id='word_1_308' title='bbox 883 2665 933 2729; x_wconf 83' lang='grc' dir='ltr'><strong><em>καλ</em></strong></span> <span class='ocrx_word' id='word_1_309' title='bbox 953 2661 1012 2728; x_wconf 84' lang='grc' dir='ltr'><strong><em>άπδ</em></strong></span> <span class='ocrx_word' id='word_1_310' title='bbox 1034 2661 1088 2745; x_wconf 76' lang='grc' dir='ltr'><strong><em>τὴν</em></strong></span> <span class='ocrx_word' id='word_1_311' title='bbox 1109 2666 1218 2748; x_wconf 78' lang='grc' dir='ltr'><strong><em>σκέπην</em></strong></span> <span class='ocrx_word' id='word_1_312' title='bbox 1238 2673 1297 2731; x_wconf 94' lang='grc' dir='ltr'><strong><em>τῶν</em></strong></span> 
     </span>
     <span class='ocr_line' id='line_1_29' title="bbox 131 2745 1296 2832; baseline 0.001 -20"><span class='ocrx_word' id='word_1_313' title='bbox 131 2749 259 2831; x_wconf 84' lang='grc' dir='ltr'><strong><em>δένδρων</em></strong></span> <span class='ocrx_word' id='word_1_314' title='bbox 285 2745 417 2828; x_wconf 83' lang='grc' dir='ltr'><strong><em>πρόβατα</em></strong></span> <span class='ocrx_word' id='word_1_315' title='bbox 444 2749 605 2812; x_wconf 75' lang='grc' dir='ltr'><strong><em>κατέκειντο</em></strong></span> <span class='ocrx_word' id='word_1_316' title='bbox 634 2746 843 2830; x_wconf 83' lang='grc' dir='ltr'><strong><em>άναπαυόμενα</em></strong></span> <span class='ocrx_word' id='word_1_317' title='bbox 869 2748 919 2813; x_wconf 81' lang='grc' dir='ltr'><strong><em>καὶ</em></strong></span> <span class='ocrx_word' id='word_1_318' title='bbox 937 2747 1149 2832; x_wconf 76' lang='grc' dir='ltr'><strong><em>μαρυκῶμενα.’</em></strong></span> <span class='ocrx_word' id='word_1_319' title='bbox 1195 2747 1236 2813; x_wconf 67' lang='lat' dir='ltr'><strong><em>Tb</em></strong></span> <span class='ocrx_word' id='word_1_320' title='bbox 1264 2750 1296 2813; x_wconf 89' lang='grc' dir='ltr'><strong><em>δέ</em></strong></span> 
     </span>
     <span class='ocr_line' id='line_1_30' title="bbox 131 2824 1298 2916; baseline 0.001 -21"><span class='ocrx_word' id='word_1_321' title='bbox 131 2831 284 2896; x_wconf 72' lang='grc' dir='ltr'><strong><em>ἑνδέκατον</em></strong></span> <span class='ocrx_word' id='word_1_322' title='bbox 304 2829 374 2914; x_wconf 82' lang='grc' dir='ltr'><strong><em>ὄρος</em></strong></span> <span class='ocrx_word' id='word_1_323' title='bbox 400 2834 465 2895; x_wconf 86' lang='grc' dir='ltr'><strong><em>λίαν</em></strong></span> <span class='ocrx_word' id='word_1_324' title='bbox 486 2831 663 2914; x_wconf 85' lang='grc' dir='ltr'><strong><em>σόνδενδρον</em></strong></span> <span class='ocrx_word' id='word_1_325' title='bbox 680 2824 734 2914; x_wconf 81' lang='grc' dir='ltr'><strong><em>ἦν,</em></strong></span> <span class='ocrx_word' id='word_1_326' title='bbox 763 2832 813 2896; x_wconf 86' lang='grc' dir='ltr'><strong><em>καλ</em></strong></span> <span class='ocrx_word' id='word_1_327' title='bbox 832 2829 868 2895; x_wconf 85' lang='grc' dir='ltr'><strong><em>τά</em></strong></span> <span class='ocrx_word' id='word_1_328' title='bbox 887 2831 993 2914; x_wconf 85' lang='grc' dir='ltr'><strong><em>δένδρα</em></strong></span> <span class='ocrx_word' id='word_1_329' title='bbox 1011 2832 1107 2895; x_wconf 87' lang='grc' dir='ltr'><strong><em>ἐκεῖνα</em></strong></span> <span class='ocrx_word' id='word_1_330' title='bbox 1126 2830 1298 2916; x_wconf 87' lang='grc' dir='ltr'><strong><em>κατάκαρπα</em></strong></span> 
     </span>
     <span class='ocr_line' id='line_1_31' title="bbox 130 2906 1295 3000; baseline 0.002 -22"><span class='ocrx_word' id='word_1_331' title='bbox 130 2906 177 2996; x_wconf 82' lang='grc' dir='ltr'><strong><em>ἦν,</em></strong></span> <span class='ocrx_word' id='word_1_332' title='bbox 200 2913 297 2989; x_wconf 82' lang='grc' dir='ltr'><strong><em>άλλοις</em></strong></span> <span class='ocrx_word' id='word_1_333' title='bbox 317 2915 366 2978; x_wconf 85' lang='grc' dir='ltr'><strong><em>καί</em></strong></span> <span class='ocrx_word' id='word_1_334' title='bbox 388 2912 485 2990; x_wconf 81' lang='grc' dir='ltr'><strong><em>άλλοις</em></strong></span> <span class='ocrx_word' id='word_1_335' title='bbox 505 2922 628 3000; x_wconf 85' lang='grc' dir='ltr'><strong><em>καρποῖς</em></strong></span> <span class='ocrx_word' id='word_1_336' title='bbox 647 2915 857 2997; x_wconf 84' lang='grc' dir='ltr'><strong><em>κεκοσμημένα,</em></strong></span> <span class='ocrx_word' id='word_1_337' title='bbox 879 2915 929 2977; x_wconf 75' lang='grc' dir='ltr'><strong><em>ἵνα</em></strong></span> <span class='ocrx_word' id='word_1_338' title='bbox 952 2912 1023 2978; x_wconf 80' lang='grc' dir='ltr'><strong><em>ἐδόν</em></strong></span> <span class='ocrx_word' id='word_1_339' title='bbox 1036 2939 1080 2991; x_wconf 89' lang='grc' dir='ltr'><strong><em>τις</em></strong></span> <span class='ocrx_word' id='word_1_340' title='bbox 1100 2912 1174 2978; x_wconf 81' lang='grc' dir='ltr'><strong><em>αδτά</em></strong></span> <span class='ocrx_word' id='word_1_341' title='bbox 1189 2917 1295 2980; x_wconf 85' lang='grc' dir='ltr'><strong><em>ἐπνθν-</em></strong></span> 
     </span>
     <span class='ocr_line' id='line_1_32' title="bbox 131 2990 1298 3085; baseline -0.001 -23"><span class='ocrx_word' id='word_1_342' title='bbox 131 2997 209 3085; x_wconf 75' lang='grc' dir='ltr'><strong><em>μηση</em></strong></span> <span class='ocrx_word' id='word_1_343' title='bbox 230 3005 335 3083; x_wconf 82' lang='grc' dir='ltr'><strong><em>φαγεῖν</em></strong></span> <span class='ocrx_word' id='word_1_344' title='bbox 356 2999 388 3062; x_wconf 86' lang='grc' dir='ltr'><strong><em>ἐκ</em></strong></span> <span class='ocrx_word' id='word_1_345' title='bbox 414 3005 473 3063; x_wconf 89' lang='grc' dir='ltr'><strong><em>τῶν</em></strong></span> <span class='ocrx_word' id='word_1_346' title='bbox 493 3005 613 3082; x_wconf 90' lang='grc' dir='ltr'><strong><em>καρπῶν</em></strong></span> <span class='ocrx_word' id='word_1_347' title='bbox 633 2996 738 3063; x_wconf 76' lang='grc' dir='ltr'><strong><em>αὐτῶν.</em></strong></span> <span class='ocrx_word' id='word_1_348' title='bbox 784 2997 824 3061; x_wconf 89' lang='grc' dir='ltr'><strong><em>Τδ</em></strong></span> <span class='ocrx_word' id='word_1_349' title='bbox 842 2996 874 3062; x_wconf 81' lang='grc' dir='ltr'><strong><em>δέ</em></strong></span> <span class='ocrx_word' id='word_1_350' title='bbox 895 2998 1060 3062; x_wconf 81' lang='grc' dir='ltr'><strong><em>δωδέκατον</em></strong></span> <span class='ocrx_word' id='word_1_351' title='bbox 1079 2995 1148 3081; x_wconf 82' lang='grc' dir='ltr'><strong><em>δρος</em></strong></span> <span class='ocrx_word' id='word_1_352' title='bbox 1168 2997 1238 3063; x_wconf 82' lang='grc' dir='ltr'><strong><em>δλον</em></strong></span> <span class='ocrx_word' id='word_1_353' title='bbox 1258 2990 1298 3080; x_wconf 80' lang='grc' dir='ltr'><strong><em>ἦν</em></strong></span> 
     </span>
     <span class='ocr_line' id='line_1_33' title="bbox 128 3073 1297 3228; baseline 0 -84"><span class='ocrx_word' id='word_1_354' title='bbox 128 3081 260 3228; x_wconf 78' lang='grc' dir='ltr'><strong><em>λεγκόν,ὸ</em></strong></span> <span class='ocrx_word' id='word_1_355' title='bbox 278 3078 365 3185; x_wconf 58' lang='grc' dir='ltr'><strong><em>ηαλὴ</em></strong></span> <span class='ocrx_word' id='word_1_356' title='bbox 391 3079 537 3165; x_wconf 81' lang='grc' dir='ltr'><strong><em>πρόσοψις</em></strong></span> <span class='ocrx_word' id='word_1_357' title='bbox 565 3081 656 3147; x_wconf 79' lang='grc' dir='ltr'><strong><em>αὐτοῦ</em></strong></span> <span class='ocrx_word' id='word_1_358' title='bbox 687 3077 771 3163; x_wconf 86' lang='grc' dir='ltr'><strong><em>ίλαρά</em></strong></span> <span class='ocrx_word' id='word_1_359' title='bbox 792 3073 843 3164; x_wconf 81' lang='grc' dir='ltr'><strong><em>ἦν·</em></strong></span> <span class='ocrx_word' id='word_1_360' title='bbox 871 3082 920 3144; x_wconf 86' lang='grc' dir='ltr'><strong><em>καλ</em></strong></span> <span class='ocrx_word' id='word_1_361' title='bbox 949 3078 1175 3166; x_wconf 77' lang='grc' dir='ltr'><strong><em>εὐπρεπέστατον</em></strong></span> <span class='ocrx_word' id='word_1_362' title='bbox 1205 3074 1244 3164; x_wconf 82' lang='grc' dir='ltr'><strong><em>ἦν</em></strong></span> <span class='ocrx_word' id='word_1_363' title='bbox 1265 3083 1297 3147; x_wconf 89' lang='grc' dir='ltr'><strong><em>ἐν</em></strong></span> 
     </span>
     <span class='ocr_line' id='line_1_34' title="bbox 129 3187 358 3251; baseline 0 -23"><span class='ocrx_word' id='word_1_364' title='bbox 129 3189 244 3251; x_wconf 76' lang='grc' dir='ltr'><strong><em>αυτριτ</em></strong></span> <span class='ocrx_word' id='word_1_365' title='bbox 281 3187 358 3245; x_wconf 89' lang='grc' dir='ltr'><strong><em>ορος.</em></strong></span> 
     </span>
    </p>
   </div>
   <div class='ocr_carea' id='block_1_5' title="bbox 128 3334 1297 4007">
    <p class='ocr_par' dir='ltr' id='par_1_5' title="bbox 128 3334 1297 4007">
     <span class='ocr_line' id='line_1_35' title="bbox 213 3334 1297 3425; baseline 0.003 -23"><span class='ocrx_word' id='word_1_366' title='bbox 213 3346 243 3402; x_wconf 91' lang='grc' dir='ltr'><strong><em>ΙΙ.</em></strong></span> <span class='ocrx_word' id='word_1_367' title='bbox 285 3338 342 3411; x_wconf 84' lang='grc' dir='ltr'><strong><em>Είς</em></strong></span> <span class='ocrx_word' id='word_1_368' title='bbox 355 3335 449 3424; x_wconf 85' lang='grc' dir='ltr'><strong><em>μέσον</em></strong></span> <span class='ocrx_word' id='word_1_369' title='bbox 470 3334 501 3398; x_wconf 87' lang='grc' dir='ltr'><strong><em>δέ</em></strong></span> <span class='ocrx_word' id='word_1_370' title='bbox 522 3342 574 3399; x_wconf 79' lang='grc' dir='ltr'><strong><em>τοῦ</em></strong></span> <span class='ocrx_word' id='word_1_371' title='bbox 595 3338 697 3402; x_wconf 91' lang='grc' dir='ltr'><strong><em>πεδίου</em></strong></span> <span class='ocrx_word' id='word_1_372' title='bbox 725 3337 814 3414; x_wconf 81' lang='grc' dir='ltr'><strong><em>έδειξέ</em></strong></span> <span class='ocrx_word' id='word_1_373' title='bbox 842 3362 892 3420; x_wconf 90' lang='grc' dir='ltr'><strong><em>μοι</em></strong></span> <span class='ocrx_word' id='word_1_374' title='bbox 918 3339 1026 3424; x_wconf 85' lang='grc' dir='ltr'><strong><em>πέτραν</em></strong></span> <span class='ocrx_word' id='word_1_375' title='bbox 1045 3337 1171 3425; x_wconf 86' lang='grc' dir='ltr'><strong><em>μεγάλην</em></strong></span> <span class='ocrx_word' id='word_1_376' title='bbox 1189 3336 1297 3422; x_wconf 77' lang='grc' dir='ltr'><strong><em>λευκὴν</em></strong></span> 
     </span>
     <span class='ocr_line' id='line_1_36' title="bbox 130 3415 1295 3524; baseline 0 -39"><span class='ocrx_word' id='word_1_377' title='bbox 130 3422 162 3485; x_wconf 88' lang='grc' dir='ltr'><strong><em>ἐκ</em></strong></span> <span class='ocrx_word' id='word_1_378' title='bbox 182 3427 234 3485; x_wconf 81' lang='grc' dir='ltr'><strong><em>τοῦ</em></strong></span> <span class='ocrx_word' id='word_1_379' title='bbox 255 3422 358 3485; x_wconf 87' lang='grc' dir='ltr'><strong><em>πεδίον</em></strong></span> <span class='ocrx_word' id='word_1_380' title='bbox 386 3416 610 3524; x_wconf 78' lang='grc' dir='ltr'><strong><em>άναβεβηκέναι·</em></strong></span> <span class='ocrx_word' id='word_1_381' title='bbox 637 3417 659 3500; x_wconf 76' lang='grc' dir='ltr'><em>ἦ</em></span> <span class='ocrx_word' id='word_1_382' title='bbox 685 3418 718 3483; x_wconf 85' lang='grc' dir='ltr'><strong><em>δέ</em></strong></span> <span class='ocrx_word' id='word_1_383' title='bbox 737 3421 826 3504; x_wconf 86' lang='grc' dir='ltr'><strong><em>πέτρα</em></strong></span> <span class='ocrx_word' id='word_1_384' title='bbox 852 3417 1017 3504; x_wconf 68' lang='grc' dir='ltr'><strong><em>ὑψηλοτέρα</em></strong></span> <span class='ocrx_word' id='word_1_385' title='bbox 1044 3415 1083 3502; x_wconf 78' lang='grc' dir='ltr'><strong><em>ἦν</em></strong></span> <span class='ocrx_word' id='word_1_386' title='bbox 1110 3428 1169 3485; x_wconf 88' lang='grc' dir='ltr'><strong><em>τῶν</em></strong></span> <span class='ocrx_word' id='word_1_387' title='bbox 1195 3419 1295 3503; x_wconf 86' lang='grc' dir='ltr'><strong><em>δρίαν,</em></strong></span> 
     </span>
     <span class='ocr_line' id='line_1_37' title="bbox 128 3495 1297 3589; baseline 0 -21"><span class='ocrx_word' id='word_1_388' title='bbox 128 3502 320 3589; x_wconf 85' lang='grc' dir='ltr'><strong><em>τετράγωνος,</em></strong></span> <span class='ocrx_word' id='word_1_389' title='bbox 352 3501 423 3567; x_wconf 73' lang='grc' dir='ltr'><strong><em>ὥστε</em></strong></span> <span class='ocrx_word' id='word_1_390' title='bbox 444 3504 590 3566; x_wconf 87' lang='grc' dir='ltr'><strong><em>δυνασ-θαι</em></strong></span> <span class='ocrx_word' id='word_1_391' title='bbox 613 3498 682 3566; x_wconf 70' lang='grc' dir='ltr'><strong><em>’όλον</em></strong></span> <span class='ocrx_word' id='word_1_392' title='bbox 701 3499 752 3567; x_wconf 86' lang='grc' dir='ltr'><strong><em>τὸν</em></strong></span> <span class='ocrx_word' id='word_1_393' title='bbox 773 3503 884 3585; x_wconf 88' lang='grc' dir='ltr'><strong><em>κόσμον</em></strong></span> <span class='ocrx_word' id='word_1_394' title='bbox 926 3511 1052 3588; x_wconf 82' lang='grc' dir='ltr'><strong><em>αρῆσαι·</em></strong></span> <span class='ocrx_word' id='word_1_395' title='bbox 1072 3499 1182 3566; x_wconf 84' lang='grc' dir='ltr'><strong><em>παλαιά</em></strong></span> <span class='ocrx_word' id='word_1_396' title='bbox 1203 3503 1233 3567; x_wconf 88' lang='grc' dir='ltr'><strong><em>δέ</em></strong></span> <span class='ocrx_word' id='word_1_397' title='bbox 1257 3495 1297 3585; x_wconf 79' lang='grc' dir='ltr'><strong><em>ἦν</em></strong></span> 
     </span>
     <span class='ocr_line' id='line_1_38' title="bbox 128 3581 1297 3693; baseline -0.003 -40"><span class='ocrx_word' id='word_1_398' title='bbox 128 3585 151 3670; x_wconf 78' lang='grc' dir='ltr'><em>ἦ</em></span> <span class='ocrx_word' id='word_1_399' title='bbox 171 3589 261 3669; x_wconf 84' lang='grc' dir='ltr'><strong><em>πέτρα</em></strong></span> <span class='ocrx_word' id='word_1_400' title='bbox 282 3589 386 3669; x_wconf 89' lang='grc' dir='ltr'><strong><em>ἐκείνη,</em></strong></span> <span class='ocrx_word' id='word_1_401' title='bbox 408 3583 504 3667; x_wconf 86' lang='grc' dir='ltr'><strong><em>πάλην</em></strong></span> <span class='ocrx_word' id='word_1_402' title='bbox 524 3585 734 3689; x_wconf 84' lang='grc' dir='ltr'><strong><em>ἐκκεκομμένην</em></strong></span> <span class='ocrx_word' id='word_1_403' title='bbox 763 3587 880 3668; x_wconf 74' lang='grc' dir='ltr'><strong><em>ίχουσα·</em></strong></span> <span class='ocrx_word' id='word_1_404' title='bbox 902 3613 943 3663; x_wconf 87' lang='grc' dir='ltr'><strong><em>ως</em></strong></span> <span class='ocrx_word' id='word_1_405' title='bbox 961 3581 1129 3693; x_wconf 75' lang='grc' dir='ltr'><strong><em>πρόσφατος</em></strong></span> <span class='ocrx_word' id='word_1_406' title='bbox 1149 3586 1181 3649; x_wconf 86' lang='grc' dir='ltr'><strong><em>δέ</em></strong></span> <span class='ocrx_word' id='word_1_407' title='bbox 1203 3583 1297 3652; x_wconf 89' lang='grc' dir='ltr'><strong><em>ἐδόκει</em></strong></span> 
     </span>
     <span class='ocr_line' id='line_1_39' title="bbox 129 3666 1296 3755; baseline 0.003 -23"><span class='ocrx_word' id='word_1_408' title='bbox 129 3695 178 3753; x_wconf 92' lang='grc' dir='ltr'><strong><em>μοι</em></strong></span> <span class='ocrx_word' id='word_1_409' title='bbox 200 3667 275 3733; x_wconf 79' lang='grc' dir='ltr'><strong><em>εἶναι</em></strong></span> <span class='ocrx_word' id='word_1_410' title='bbox 295 3667 317 3751; x_wconf 79' lang='grc' dir='ltr'><em>ἡ</em></span> <span class='ocrx_word' id='word_1_411' title='bbox 337 3668 497 3749; x_wconf 84' lang='grc' dir='ltr'><strong><em>ἐκκόλαψις</em></strong></span> <span class='ocrx_word' id='word_1_412' title='bbox 518 3675 571 3750; x_wconf 79' lang='grc' dir='ltr'><strong><em>τῆς</em></strong></span> <span class='ocrx_word' id='word_1_413' title='bbox 592 3675 693 3750; x_wconf 90' lang='grc' dir='ltr'><strong><em>πυλης.</em></strong></span> <span class='ocrx_word' id='word_1_414' title='bbox 734 3666 774 3731; x_wconf 85' lang='grc' dir='ltr'><em>Ἦ</em></span> <span class='ocrx_word' id='word_1_415' title='bbox 791 3669 824 3732; x_wconf 90' lang='grc' dir='ltr'><strong><em>δέ</em></strong></span> <span class='ocrx_word' id='word_1_416' title='bbox 851 3667 930 3750; x_wconf 83' lang='grc' dir='ltr'><strong><em>πάλη</em></strong></span> <span class='ocrx_word' id='word_1_417' title='bbox 957 3693 1050 3744; x_wconf 82' lang='grc' dir='ltr'><strong><em>ουτος</em></strong></span> <span class='ocrx_word' id='word_1_418' title='bbox 1076 3669 1202 3752; x_wconf 83' lang='grc' dir='ltr'><strong><em>έστελβεν</em></strong></span> <span class='ocrx_word' id='word_1_419' title='bbox 1223 3669 1296 3755; x_wconf 81' lang='grc' dir='ltr'><strong><em>δπέρ</em></strong></span> 
     </span>
     <span class='ocr_line' id='line_1_40' title="bbox 128 3749 1297 3860; baseline -0.003 -41"><span class='ocrx_word' id='word_1_420' title='bbox 128 3752 179 3819; x_wconf 81' lang='grc' dir='ltr'><strong><em>τὸν</em></strong></span> <span class='ocrx_word' id='word_1_421' title='bbox 199 3752 299 3835; x_wconf 77' lang='grc' dir='ltr'><strong><em>ἥλιον,</em></strong></span> <span class='ocrx_word' id='word_1_422' title='bbox 321 3751 393 3816; x_wconf 77' lang='grc' dir='ltr'><strong><em>ὥστε</em></strong></span> <span class='ocrx_word' id='word_1_423' title='bbox 418 3777 453 3834; x_wconf 87' lang='grc' dir='ltr'><strong><em>με</em></strong></span> <span class='ocrx_word' id='word_1_424' title='bbox 479 3749 640 3834; x_wconf 80' lang='grc' dir='ltr'><strong><em>θαυμάζειν</em></strong></span> <span class='ocrx_word' id='word_1_425' title='bbox 664 3752 712 3821; x_wconf 78' lang='grc' dir='ltr'><strong><em>ἐπὶ</em></strong></span> <span class='ocrx_word' id='word_1_426' title='bbox 758 3758 773 3773; x_wconf 76' lang='grc'><em>”</em></span> <span class='ocrx_word' id='word_1_427' title='bbox 802 3749 979 3833; x_wconf 86' lang='grc' dir='ltr'><strong><em>λαμπρότητι</em></strong></span> <span class='ocrx_word' id='word_1_428' title='bbox 999 3759 1052 3860; x_wconf 69' lang='grc' dir='ltr'><strong><em>τγῖς</em></strong></span> <span class='ocrx_word' id='word_1_429' title='bbox 1072 3750 1179 3834; x_wconf 85' lang='grc' dir='ltr'><strong><em>πάλης·</em></strong></span> <span class='ocrx_word' id='word_1_430' title='bbox 1201 3751 1297 3840; x_wconf 82' lang='grc' dir='ltr'><strong><em>κάκλφ</em></strong></span> 
     </span>
     <span class='ocr_line' id='line_1_41' title="bbox 129 3778 1296 3918; baseline -0.002 -18"><span class='ocrx_word' id='word_1_431' title='bbox 129 3835 162 3900; x_wconf 88' lang='grc' dir='ltr'><strong><em>δέ</em></strong></span> <span class='ocrx_word' id='word_1_432' title='bbox 181 3842 233 3918; x_wconf 79' lang='grc' dir='ltr'><strong><em>τῆς</em></strong></span> <span class='ocrx_word' id='word_1_433' title='bbox 259 3834 353 3916; x_wconf 88' lang='grc' dir='ltr'><strong><em>πύλης</em></strong></span> <span class='ocrx_word' id='word_1_434' title='bbox 381 3835 546 3918; x_wconf 75' lang='grc' dir='ltr'><strong><em>ἱστήκεισαν</em></strong></span> <span class='ocrx_word' id='word_1_435' title='bbox 577 3836 721 3918; x_wconf 86' lang='grc' dir='ltr'><strong><em>παρθένοι</em></strong></span> <span class='ocrx_word' id='word_1_436' title='bbox 738 3778 870 3897; x_wconf 55' lang='grc' dir='ltr'><strong><em>δυόδεκα.</em></strong></span> <span class='ocrx_word' id='word_1_437' title='bbox 912 3835 956 3898; x_wconf 78' lang='grc' dir='ltr'><strong><em>Αἱ</em></strong></span> <span class='ocrx_word' id='word_1_438' title='bbox 984 3860 1038 3900; x_wconf 89' lang='grc' dir='ltr'><strong><em>ουν</em></strong></span> <span class='ocrx_word' id='word_1_439' title='bbox 1068 3834 1094 3898; x_wconf 90' lang='grc' dir='ltr'><strong><em>δ’</em></strong></span> <span class='ocrx_word' id='word_1_440' title='bbox 1124 3838 1157 3898; x_wconf 88' lang='grc' dir='ltr'><strong><em>αί</em></strong></span> <span class='ocrx_word' id='word_1_441' title='bbox 1173 3838 1214 3910; x_wconf 88' lang='grc' dir='ltr'><strong><em>είς</em></strong></span> <span class='ocrx_word' id='word_1_442' title='bbox 1244 3833 1296 3910; x_wconf 87' lang='grc' dir='ltr'><strong><em>τάς</em></strong></span> 
     </span>
     <span class='ocr_line' id='line_1_42' title="bbox 129 3912 1296 4007; baseline -0.005 -21"><span class='ocrx_word' id='word_1_443' title='bbox 129 3923 236 4007; x_wconf 85' lang='grc' dir='ltr'><strong><em>γονίας</em></strong></span> <span class='ocrx_word' id='word_1_444' title='bbox 269 3919 415 4001; x_wconf 84' lang='grc' dir='ltr'><strong><em>έστηκυῖαι</em></strong></span> <span class='ocrx_word' id='word_1_445' title='bbox 443 3917 624 4004; x_wconf 84' lang='grc' dir='ltr'><strong><em>ἐνδοξότεραί</em></strong></span> <span class='ocrx_word' id='word_1_446' title='bbox 649 3943 699 4001; x_wconf 88' lang='grc' dir='ltr'><strong><em>μοι</em></strong></span> <span class='ocrx_word' id='word_1_447' title='bbox 727 3914 851 3982; x_wconf 85' lang='grc' dir='ltr'><strong><em>ἐδόκουν</em></strong></span> <span class='ocrx_word' id='word_1_448' title='bbox 879 3912 962 3984; x_wconf 74' lang='grc' dir='ltr'><strong><em>εἶναι.</em></strong></span> <span class='ocrx_word' id='word_1_449' title='bbox 1011 3920 1071 3984; x_wconf 64' lang='lat' dir='ltr'><strong><em>Kal</em></strong></span> <span class='ocrx_word' id='word_1_450' title='bbox 1099 3919 1132 3982; x_wconf 87' lang='grc' dir='ltr'><strong><em>αί</em></strong></span> <span class='ocrx_word' id='word_1_451' title='bbox 1156 3915 1238 3982; x_wconf 82' lang='grc' dir='ltr'><strong><em>άλλαι</em></strong></span> <span class='ocrx_word' id='word_1_452' title='bbox 1264 3916 1296 3981; x_wconf 84' lang='grc' dir='ltr'><strong><em>δέ</em></strong></span> 
     </span>
    </p>
   </div>
   <div class='ocr_carea' id='block_1_6' title="bbox 129 4181 1296 4321">
    <p class='ocr_par' dir='ltr' id='par_1_6' title="bbox 129 4181 1296 4321">
     <span class='ocr_line' id='line_1_43' title="bbox 180 4181 1057 4252; baseline -0.002 -14"><span class='ocrx_word' id='word_1_453' title='bbox 180 4189 207 4250; x_wconf 82' lang='grc'><strong><em>2)</em></strong></span> <span class='ocrx_word' id='word_1_454' title='bbox 228 4191 253 4239; x_wconf 84' lang='lat' dir='ltr'><strong><em>ln</em></strong></span> <span class='ocrx_word' id='word_1_455' title='bbox 273 4188 310 4237; x_wconf 86' lang='grc' dir='ltr'><strong><em>εδ.</em></strong></span> <span class='ocrx_word' id='word_1_456' title='bbox 333 4203 370 4252; x_wconf 82' lang='lat' dir='ltr'><strong><em>pr.</em></strong></span> <span class='ocrx_word' id='word_1_457' title='bbox 391 4187 536 4251; x_wconf 73' lang='lat' dir='ltr'><strong>proponitur</strong></span> <span class='ocrx_word' id='word_1_458' title='bbox 557 4185 608 4246; x_wconf 69' lang='grc' dir='ltr'><strong><em>ἕως</em></strong></span> <span class='ocrx_word' id='word_1_459' title='bbox 630 4182 696 4237; x_wconf 86' lang='grc' dir='ltr'><strong><em>δτου</em></strong></span> <span class='ocrx_word' id='word_1_460' title='bbox 781 4187 808 4250; x_wconf 85' lang='lat'><strong><em>5)</em></strong></span> <span class='ocrx_word' id='word_1_461' title='bbox 828 4200 910 4250; x_wconf 76' lang='lat' dir='ltr'><strong>apogr.</strong></span> <span class='ocrx_word' id='word_1_462' title='bbox 928 4181 1057 4250; x_wconf 82' lang='grc' dir='ltr'><strong><em>κτήσεως.</em></strong></span> 
     </span>
     <span class='ocr_line' id='line_1_44' title="bbox 129 4246 1296 4321; baseline -0.003 -15"><span class='ocrx_word' id='word_1_463' title='bbox 129 4272 173 4321; x_wconf 81' lang='lat' dir='ltr'><strong><em>pro</em></strong></span> <span class='ocrx_word' id='word_1_464' title='bbox 191 4253 239 4307; x_wconf 77' lang='grc' dir='ltr'><strong><em>ὅτε</em></strong></span> <span class='ocrx_word' id='word_1_465' title='bbox 256 4246 313 4307; x_wconf 73' lang='grc' dir='ltr'><strong><em>οὖν.</em></strong></span> <span class='ocrx_word' id='word_1_466' title='bbox 781 4252 808 4317; x_wconf 89' lang='grc'><strong><em>6)</em></strong></span> <span class='ocrx_word' id='word_1_467' title='bbox 826 4251 956 4305; x_wconf 76' lang='grc' dir='ltr'><strong><em>ἔννατονι</em></strong></span> <span class='ocrx_word' id='word_1_468' title='bbox 979 4254 1014 4301; x_wconf 84' lang='lat' dir='ltr'><strong><em>sic</em></strong></span> <span class='ocrx_word' id='word_1_469' title='bbox 1031 4266 1114 4315; x_wconf 77' lang='lat' dir='ltr'>apogr.</span> <span class='ocrx_word' id='word_1_470' title='bbox 1149 4251 1174 4301; x_wconf 90' lang='grc' dir='ltr'><strong><em>Ιο</em></strong></span> <span class='ocrx_word' id='word_1_471' title='bbox 1193 4266 1296 4317; x_wconf 78' lang='lat' dir='ltr'>sequen-</span> 
     </span>
    </p>
   </div>
   <div class='ocr_carea' id='block_1_7' title="bbox 179 4318 1428 4584">
    <p class='ocr_par' dir='ltr' id='par_1_7' title="bbox 179 4318 1428 4584">
     <span class='ocr_line' id='line_1_45' title="bbox 181 4318 1162 4389; baseline -0.005 -16"><span class='ocrx_word' id='word_1_472' title='bbox 181 4324 210 4388; x_wconf 90' lang='grc'><strong><em>3)</em></strong></span> <span class='ocrx_word' id='word_1_473' title='bbox 227 4323 254 4372; x_wconf 81' lang='grc' dir='ltr'><strong><em>οέ</em></strong></span> <span class='ocrx_word' id='word_1_474' title='bbox 273 4318 398 4389; x_wconf 72' lang='grc' dir='ltr'><strong><em>άγγελοεε</em></strong></span> <span class='ocrx_word' id='word_1_475' title='bbox 417 4323 449 4371; x_wconf 80' lang='lat' dir='ltr'><strong><em>ita</em></strong></span> <span class='ocrx_word' id='word_1_476' title='bbox 466 4336 550 4384; x_wconf 78' lang='lat' dir='ltr'><strong>apogr.</strong></span> <span class='ocrx_word' id='word_1_477' title='bbox 729 4320 792 4371; x_wconf 76' lang='lat' dir='ltr'>tibus</span> <span class='ocrx_word' id='word_1_478' title='bbox 810 4321 873 4371; x_wconf 77' lang='lat' dir='ltr'>haud</span> <span class='ocrx_word' id='word_1_479' title='bbox 892 4320 962 4369; x_wconf 78' lang='lat' dir='ltr'>dubie</span> <span class='ocrx_word' id='word_1_480' title='bbox 979 4320 1049 4384; x_wconf 75' lang='lat' dir='ltr'>plura</span> <span class='ocrx_word' id='word_1_481' title='bbox 1067 4319 1162 4368; x_wconf 79' lang='grc' dir='ltr'><strong><em>δεεοολ.</em></strong></span> 
     </span>
     <span class='ocr_line' id='line_1_46' title="bbox 179 4354 1428 4584; baseline -0.007 -143"><span class='ocrx_word' id='word_1_482' title='bbox 179 4393 208 4457; x_wconf 83' lang='grc'><strong><em>4)</em></strong></span> <span class='ocrx_word' id='word_1_483' title='bbox 225 4387 384 4442; x_wconf 74' lang='grc' dir='ltr'><strong><em>ἐπικαὺοειε</em></strong></span> <span class='ocrx_word' id='word_1_484' title='bbox 409 4403 492 4454; x_wconf 72' lang='lat' dir='ltr'><strong>apogr.</strong></span> <span class='ocrx_word' id='word_1_485' title='bbox 509 4384 696 4443; x_wconf 78' lang='grc' dir='ltr'><strong><em>ἐπικεκαόσει.</em></strong></span> <span class='ocrx_word' id='word_1_486' title='bbox 781 4389 808 4452; x_wconf 86' lang='grc'><strong><em>7)</em></strong></span> <span class='ocrx_word' id='word_1_487' title='bbox 826 4388 862 4437; x_wconf 83' lang='lat' dir='ltr'><strong><em>sic</em></strong></span> <span class='ocrx_word' id='word_1_488' title='bbox 880 4402 964 4451; x_wconf 78' lang='grc' dir='ltr'><strong><em>εροςε.</em></strong></span> <span class='ocrx_word' id='word_1_489' title='bbox 1246 4354 1428 4584; x_wconf 81' lang='grc'><em>·</em></span> 
     </span>
    </p>
   </div>
   <div class='ocr_carea' id='block_1_8' title="bbox 0 0 1448 4882">
    <p class='ocr_par' dir='ltr' id='par_1_8' title="bbox 0 0 1448 4882">
     <span class='ocr_line' id='line_1_47' title="bbox 0 0 1448 4882; baseline 0 0"><span class='ocrx_word' id='word_1_490' title='bbox 0 0 1448 4882; x_wconf 95' lang='lat' dir='ltr'><strong><em> </em></strong></span> 
     </span>
    </p>
   </div>
  </div>
 </body>
</html>
