<?xml version="1.0" encoding="UTF-8"?>
<!DOCTYPE html PUBLIC "-//W3C//DTD XHTML 1.0 Transitional//EN"
    "http://www.w3.org/TR/xhtml1/DTD/xhtml1-transitional.dtd">
<html xmlns="http://www.w3.org/1999/xhtml" xml:lang="en" lang="en">
 <head>
  <title>
</title>
<meta http-equiv="Content-Type" content="text/html;charset=utf-8" />
  <meta name='ocr-system' content='tesseract 3.04.00' />
  <meta name='ocr-capabilities' content='ocr_page ocr_carea ocr_par ocr_line ocrx_word'/>
</head>
<body>
  <div class='ocr_page' id='page_1' title='image "./patrumapostolic00polygoog/patrumapostolic00polygoog_0531.png"; bbox 0 0 2886 4882; ppageno 0'>
   <div class='ocr_carea' id='block_1_1' title="bbox 192 223 1171 303">
    <p class='ocr_par' dir='ltr' id='par_1_1' title="bbox 192 223 1171 303">
     <span class='ocr_line' id='line_1_1' title="bbox 192 223 1171 303; baseline -0.016 -5"><span class='ocrx_word' id='word_1_1' title='bbox 192 238 255 298; x_wconf 77' lang='lat' dir='ltr'><strong>tro</strong></span> <span class='ocrx_word' id='word_1_2' title='bbox 377 234 513 303; x_wconf 78' lang='lat' dir='ltr'><strong>nanum</strong></span> <span class='ocrx_word' id='word_1_3' title='bbox 534 231 674 301; x_wconf 77' lang='lat' dir='ltr'><strong>moron.</strong></span> <span class='ocrx_word' id='word_1_4' title='bbox 715 232 811 288; x_wconf 79' lang='lat' dir='ltr'><strong>trono</strong></span> <span class='ocrx_word' id='word_1_5' title='bbox 833 233 863 288; x_wconf 89' lang='grc' dir='ltr'><strong>ιι.</strong></span> <span class='ocrx_word' id='word_1_6' title='bbox 906 229 1052 288; x_wconf 77' lang='lat' dir='ltr'><strong>ninom.</strong></span> <span class='ocrx_word' id='word_1_7' title='bbox 1073 228 1104 284; x_wconf 83' lang='lat' dir='ltr'><strong>x.</strong></span> <span class='ocrx_word' id='word_1_8' title='bbox 1126 223 1171 297; x_wconf 80' lang='lat' dir='ltr'><strong>(i)</strong></span> 
     </span>
    </p>
   </div>
   <div class='ocr_carea' id='block_1_2' title="bbox 191 390 1373 1790">
    <p class='ocr_par' dir='ltr' id='par_1_2' title="bbox 191 390 1373 1790">
     <span class='ocr_line' id='line_1_2' title="bbox 191 390 1370 478; baseline -0.009 -19"><span class='ocrx_word' id='word_1_9' title='bbox 191 411 258 478; x_wconf 86' lang='lat' dir='ltr'><strong>quot</strong></span> <span class='ocrx_word' id='word_1_10' title='bbox 280 390 384 461; x_wconf 70' lang='lat' dir='ltr'><strong>autem*</strong></span> <span class='ocrx_word' id='word_1_11' title='bbox 405 397 479 454; x_wconf 90' lang='lat' dir='ltr'><strong>dubii</strong></span> <span class='ocrx_word' id='word_1_12' title='bbox 498 403 571 466; x_wconf 90' lang='lat' dir='ltr'><strong>sunt,</strong></span> <span class='ocrx_word' id='word_1_13' title='bbox 593 403 622 452; x_wconf 87' lang='lat' dir='ltr'><strong>et</strong></span> <span class='ocrx_word' id='word_1_14' title='bbox 632 396 747 454; x_wconf 88' lang='lat' dir='ltr'><strong>subinde</strong></span> <span class='ocrx_word' id='word_1_15' title='bbox 762 397 956 471; x_wconf 88' lang='lat' dir='ltr'><strong>poenitentiam</strong></span> <span class='ocrx_word' id='word_1_16' title='bbox 969 403 1060 469; x_wconf 71' lang='lat' dir='ltr'><strong>agunt</strong></span> <span class='ocrx_word' id='word_1_17' title='bbox 1082 393 1230 449; x_wconf 87' lang='lat' dir='ltr'><strong>consulunt</strong></span> <span class='ocrx_word' id='word_1_18' title='bbox 1241 401 1370 465; x_wconf 85' lang='lat' dir='ltr'><strong>tanquam</strong></span> 
     </span>
     <span class='ocr_line' id='line_1_3' title="bbox 191 476 1371 556; baseline -0.01 -14"><span class='ocrx_word' id='word_1_19' title='bbox 191 485 304 552; x_wconf 85' lang='lat' dir='ltr'><strong>ethuici,</strong></span> <span class='ocrx_word' id='word_1_20' title='bbox 326 490 353 538; x_wconf 91' lang='lat' dir='ltr'><strong>et</strong></span> <span class='ocrx_word' id='word_1_21' title='bbox 374 497 551 556; x_wconf 76' lang='lat' dir='ltr'><strong>permagnum</strong></span> <span class='ocrx_word' id='word_1_22' title='bbox 573 479 626 534; x_wconf 92' lang='lat' dir='ltr'><strong>sibi</strong></span> <span class='ocrx_word' id='word_1_23' title='bbox 648 488 792 553; x_wconf 87' lang='lat' dir='ltr'><strong>peecatum</strong></span> <span class='ocrx_word' id='word_1_24' title='bbox 815 487 976 553; x_wconf 78' lang='lat' dir='ltr'><strong>congerunt,</strong></span> <span class='ocrx_word' id='word_1_25' title='bbox 999 477 1080 533; x_wconf 86' lang='lat' dir='ltr'><strong>idolis</strong></span> <span class='ocrx_word' id='word_1_26' title='bbox 1103 477 1263 532; x_wconf 79' lang='lat' dir='ltr'><strong>servientes.</strong></span> <span class='ocrx_word' id='word_1_27' title='bbox 1307 476 1371 544; x_wconf 86' lang='lat' dir='ltr'><strong>Qui·</strong></span> 
     </span>
     <span class='ocr_line' id='line_1_4' title="bbox 192 550 1370 640; baseline -0.009 -16"><span class='ocrx_word' id='word_1_28' title='bbox 192 582 300 640; x_wconf 88' lang='lat' dir='ltr'><strong>cunque</strong></span> <span class='ocrx_word' id='word_1_29' title='bbox 322 580 389 637; x_wconf 79' lang='lat' dir='ltr'><strong>ergo</strong></span> <span class='ocrx_word' id='word_1_30' title='bbox 419 562 486 618; x_wconf 85' lang='lat' dir='ltr'><strong>tales</strong></span> <span class='ocrx_word' id='word_1_31' title='bbox 517 569 597 630; x_wconf 92' lang='lat' dir='ltr'><strong>snnt,</strong></span> <span class='ocrx_word' id='word_1_32' title='bbox 624 561 794 636; x_wconf 83' lang='lat' dir='ltr'><strong>interrogant</strong></span> <span class='ocrx_word' id='word_1_33' title='bbox 822 579 873 637; x_wconf 90' lang='lat' dir='ltr'><strong>pro</strong></span> <span class='ocrx_word' id='word_1_34' title='bbox 903 562 1013 634; x_wconf 82' lang='lat' dir='ltr'><strong>negotio</strong></span> <span class='ocrx_word' id='word_1_35' title='bbox 1044 559 1183 633; x_wconf 87' lang='lat' dir='ltr'><strong>quotibet,</strong></span> <span class='ocrx_word' id='word_1_36' title='bbox 1212 550 1370 615; x_wconf 80' lang='lat' dir='ltr'><strong>simulacra⁸</strong></span> 
     </span>
     <span class='ocr_line' id='line_1_5' title="bbox 193 634 1371 716; baseline -0.009 -10"><span class='ocrx_word' id='word_1_37' title='bbox 193 648 295 716; x_wconf 90' lang='lat' dir='ltr'><strong>colunt,</strong></span> <span class='ocrx_word' id='word_1_38' title='bbox 318 653 346 702; x_wconf 89' lang='lat' dir='ltr'><strong>et</strong></span> <span class='ocrx_word' id='word_1_39' title='bbox 367 645 443 701; x_wconf 88' lang='lat' dir='ltr'><strong>stulti</strong></span> <span class='ocrx_word' id='word_1_40' title='bbox 470 652 534 700; x_wconf 86' lang='lat' dir='ltr'><strong>sunt</strong></span> <span class='ocrx_word' id='word_1_41' title='bbox 555 652 583 700; x_wconf 88' lang='lat' dir='ltr'><strong>et</strong></span> <span class='ocrx_word' id='word_1_42' title='bbox 604 646 699 700; x_wconf 86' lang='lat' dir='ltr'><strong>inanes</strong></span> <span class='ocrx_word' id='word_1_43' title='bbox 721 662 735 699; x_wconf 87' lang='lat' dir='ltr'><strong>a</strong></span> <span class='ocrx_word' id='word_1_44' title='bbox 755 645 877 703; x_wconf 81' lang='lat' dir='ltr'><strong>veritate.</strong></span> <span class='ocrx_word' id='word_1_45' title='bbox 921 644 1014 699; x_wconf 87' lang='lat' dir='ltr'><strong>Omnis</strong></span> <span class='ocrx_word' id='word_1_46' title='bbox 1037 634 1121 698; x_wconf 76' lang='lat' dir='ltr'><strong>enim⁴</strong></span> <span class='ocrx_word' id='word_1_47' title='bbox 1143 643 1254 715; x_wconf 88' lang='lat' dir='ltr'><strong>spiritns</strong></span> <span class='ocrx_word' id='word_1_48' title='bbox 1277 658 1292 696; x_wconf 87' lang='lat' dir='ltr'><strong>a</strong></span> <span class='ocrx_word' id='word_1_49' title='bbox 1314 642 1371 696; x_wconf 83' lang='lat' dir='ltr'><strong>Deo</strong></span> 
     </span>
     <span class='ocr_line' id='line_1_6' title="bbox 192 723 1372 801; baseline -0.008 -14"><span class='ocrx_word' id='word_1_50' title='bbox 192 732 271 788; x_wconf 88' lang='lat' dir='ltr'><strong>datus</strong></span> <span class='ocrx_word' id='word_1_51' title='bbox 286 746 340 785; x_wconf 88' lang='lat' dir='ltr'><strong>non</strong></span> <span class='ocrx_word' id='word_1_52' title='bbox 351 728 549 801; x_wconf 57' lang='lat' dir='ltr'><strong>interrogatum</strong></span> <span class='ocrx_word' id='word_1_53' title='bbox 573 727 625 783; x_wconf 90' lang='lat' dir='ltr'><strong>sed</strong></span> <span class='ocrx_word' id='word_1_54' title='bbox 638 726 742 785; x_wconf 88' lang='lat' dir='ltr'><strong>habens</strong></span> <span class='ocrx_word' id='word_1_55' title='bbox 756 729 881 784; x_wconf 88' lang='lat' dir='ltr'><strong>virtutem</strong></span> <span class='ocrx_word' id='word_1_56' title='bbox 894 727 1048 794; x_wconf 87' lang='lat' dir='ltr'><strong>divinitatis,</strong></span> <span class='ocrx_word' id='word_1_57' title='bbox 1065 742 1119 781; x_wconf 90' lang='lat' dir='ltr'><strong>ase</strong></span> <span class='ocrx_word' id='word_1_58' title='bbox 1133 725 1222 779; x_wconf 89' lang='lat' dir='ltr'><strong>omnia</strong></span> <span class='ocrx_word' id='word_1_59' title='bbox 1238 723 1372 797; x_wconf 86' lang='lat' dir='ltr'><strong>loquitur,</strong></span> 
     </span>
     <span class='ocr_line' id='line_1_7' title="bbox 193 809 1371 887; baseline -0.008 -17"><span class='ocrx_word' id='word_1_60' title='bbox 193 814 257 887; x_wconf 89' lang='lat' dir='ltr'><strong>qnia</strong></span> <span class='ocrx_word' id='word_1_61' title='bbox 285 813 429 869; x_wconf 83' lang='lat' dir='ltr'><strong>desursum</strong></span> <span class='ocrx_word' id='word_1_62' title='bbox 457 817 499 866; x_wconf 88' lang='lat' dir='ltr'><strong>est</strong></span> <span class='ocrx_word' id='word_1_63' title='bbox 528 826 543 865; x_wconf 87' lang='lat' dir='ltr'><strong>a</strong></span> <span class='ocrx_word' id='word_1_64' title='bbox 567 811 667 865; x_wconf 83' lang='lat' dir='ltr'><strong>virtute</strong></span> <span class='ocrx_word' id='word_1_65' title='bbox 696 811 777 867; x_wconf 84' lang='lat' dir='ltr'><strong>divini</strong></span> <span class='ocrx_word' id='word_1_66' title='bbox 810 811 931 866; x_wconf 89' lang='lat' dir='ltr'><strong>siritns.</strong></span> <span class='ocrx_word' id='word_1_67' title='bbox 981 809 1032 877; x_wconf 83' lang='lat' dir='ltr'><strong>Qui</strong></span> <span class='ocrx_word' id='word_1_68' title='bbox 1057 816 1145 863; x_wconf 86' lang='lat' dir='ltr'><strong>antem</strong></span> <span class='ocrx_word' id='word_1_69' title='bbox 1177 809 1371 878; x_wconf 75' lang='lat' dir='ltr'><strong>interrogatus,</strong></span> 
     </span>
     <span class='ocr_line' id='line_1_8' title="bbox 191 888 1371 968; baseline -0.005 -17"><span class='ocrx_word' id='word_1_70' title='bbox 191 895 313 968; x_wconf 89' lang='lat' dir='ltr'><strong>loquitur</strong></span> <span class='ocrx_word' id='word_1_71' title='bbox 334 893 484 949; x_wconf 90' lang='lat' dir='ltr'><strong>secundum</strong></span> <span class='ocrx_word' id='word_1_72' title='bbox 499 888 689 962; x_wconf 75' lang='lat' dir='ltr'><strong>desiderium]</strong></span> <span class='ocrx_word' id='word_1_73' title='bbox 713 902 740 949; x_wconf 87' lang='lat' dir='ltr'><strong>et</strong></span> <span class='ocrx_word' id='word_1_74' title='bbox 759 893 817 948; x_wconf 85' lang='lat' dir='ltr'><strong>aliis</strong></span> <span class='ocrx_word' id='word_1_75' title='bbox 852 892 942 949; x_wconf 89' lang='lat' dir='ltr'><strong>multis</strong></span> <span class='ocrx_word' id='word_1_76' title='bbox 958 891 1042 948; x_wconf 88' lang='lat' dir='ltr'><strong>rebus</strong></span> <span class='ocrx_word' id='word_1_77' title='bbox 1055 891 1136 945; x_wconf 91' lang='lat' dir='ltr'><strong>huius</strong></span> <span class='ocrx_word' id='word_1_78' title='bbox 1150 889 1243 945; x_wconf 86' lang='lat' dir='ltr'><strong>seculi.</strong></span> <span class='ocrx_word' id='word_1_79' title='bbox 1273 889 1371 945; x_wconf 86' lang='lat' dir='ltr'><strong>Huius·</strong></span> 
     </span>
     <span class='ocr_line' id='line_1_9' title="bbox 194 965 1371 1047; baseline -0.006 -14"><span class='ocrx_word' id='word_1_80' title='bbox 194 969 283 1034; x_wconf 79' lang='lat' dir='ltr'><strong>modi⁶</strong></span> <span class='ocrx_word' id='word_1_81' title='bbox 305 992 360 1031; x_wconf 92' lang='lat' dir='ltr'><strong>non</strong></span> <span class='ocrx_word' id='word_1_82' title='bbox 383 975 537 1047; x_wconf 77' lang='lat' dir='ltr'><strong>intelligunt</strong></span> <span class='ocrx_word' id='word_1_83' title='bbox 560 975 735 1046; x_wconf 81' lang='lat' dir='ltr'><strong>quaestiones</strong></span> <span class='ocrx_word' id='word_1_84' title='bbox 758 975 921 1040; x_wconf 88' lang='lat' dir='ltr'><strong>divinitatis;</strong></span> <span class='ocrx_word' id='word_1_85' title='bbox 952 974 1134 1030; x_wconf 86' lang='lat' dir='ltr'><strong>obscurantur</strong></span> <span class='ocrx_word' id='word_1_86' title='bbox 1164 973 1236 1028; x_wconf 88' lang='lat' dir='ltr'><strong>enim</strong></span> <span class='ocrx_word' id='word_1_87' title='bbox 1259 965 1303 1026; x_wconf 76' lang='lat' dir='ltr'><strong>iis&#39;</strong></span> <span class='ocrx_word' id='word_1_88' title='bbox 1327 989 1371 1026; x_wconf 88' lang='lat' dir='ltr'><strong>ne·</strong></span> 
     </span>
     <span class='ocr_line' id='line_1_10' title="bbox 193 1054 1372 1134; baseline -0.006 -19"><span class='ocrx_word' id='word_1_89' title='bbox 193 1060 283 1134; x_wconf 76' lang='lat' dir='ltr'><strong>godis,</strong></span> <span class='ocrx_word' id='word_1_90' title='bbox 304 1065 331 1114; x_wconf 87' lang='lat' dir='ltr'><strong>et</strong></span> <span class='ocrx_word' id='word_1_91' title='bbox 353 1065 573 1129; x_wconf 84' lang='lat' dir='ltr'><strong>corrumpuntur,</strong></span> <span class='ocrx_word' id='word_1_92' title='bbox 595 1063 623 1112; x_wconf 89' lang='lat' dir='ltr'><strong>et</strong></span> <span class='ocrx_word' id='word_1_93' title='bbox 644 1057 862 1132; x_wconf 75' lang='lat' dir='ltr'><strong>confringuntur.</strong></span> <span class='ocrx_word' id='word_1_94' title='bbox 893 1055 968 1113; x_wconf 87' lang='lat' dir='ltr'><strong>Sicut</strong></span> <span class='ocrx_word' id='word_1_95' title='bbox 989 1057 1057 1111; x_wconf 82' lang='lat' dir='ltr'><strong>vites</strong></span> <span class='ocrx_word' id='word_1_96' title='bbox 1082 1054 1177 1122; x_wconf 86' lang='lat' dir='ltr'><strong>bonae,</strong></span> <span class='ocrx_word' id='word_1_97' title='bbox 1201 1071 1269 1128; x_wconf 88' lang='lat' dir='ltr'><strong>qnae</strong></span> <span class='ocrx_word' id='word_1_98' title='bbox 1287 1054 1372 1128; x_wconf 83' lang='lat' dir='ltr'><strong>negli-</strong></span> 
     </span>
     <span class='ocr_line' id='line_1_11' title="bbox 193 1131 1372 1215; baseline -0.004 -19"><span class='ocrx_word' id='word_1_99' title='bbox 193 1149 303 1215; x_wconf 77' lang='lat' dir='ltr'><strong>guntur,</strong></span> <span class='ocrx_word' id='word_1_100' title='bbox 325 1138 357 1195; x_wconf 88' lang='lat' dir='ltr'><strong>ab</strong></span> <span class='ocrx_word' id='word_1_101' title='bbox 378 1139 470 1195; x_wconf 86' lang='lat' dir='ltr'><strong>herbis</strong></span> <span class='ocrx_word' id='word_1_102' title='bbox 493 1146 520 1195; x_wconf 91' lang='lat' dir='ltr'><strong>et</strong></span> <span class='ocrx_word' id='word_1_103' title='bbox 542 1139 628 1212; x_wconf 88' lang='lat' dir='ltr'><strong>spinis</strong></span> <span class='ocrx_word' id='word_1_104' title='bbox 650 1149 812 1213; x_wconf 87' lang='lat' dir='ltr'><strong>premuntur</strong></span> <span class='ocrx_word' id='word_1_105' title='bbox 827 1147 854 1196; x_wconf 89' lang='lat' dir='ltr'><strong>et</strong></span> <span class='ocrx_word' id='word_1_106' title='bbox 876 1148 1006 1194; x_wconf 83' lang='lat' dir='ltr'><strong>necantur</strong></span> <span class='ocrx_word' id='word_1_107' title='bbox 1015 1131 1035 1206; x_wconf 79' lang='lat'><strong>3⁸</strong></span> <span class='ocrx_word' id='word_1_108' title='bbox 1057 1138 1097 1192; x_wconf 93' lang='lat' dir='ltr'><strong>sic</strong></span> <span class='ocrx_word' id='word_1_109' title='bbox 1120 1146 1147 1192; x_wconf 87' lang='lat' dir='ltr'><strong>et</strong></span> <span class='ocrx_word' id='word_1_110' title='bbox 1170 1138 1304 1206; x_wconf 87' lang='lat' dir='ltr'><strong>homines,</strong></span> <span class='ocrx_word' id='word_1_111' title='bbox 1325 1137 1372 1210; x_wconf 90' lang='lat' dir='ltr'><strong>qui</strong></span> 
     </span>
     <span class='ocr_line' id='line_1_12' title="bbox 193 1213 1373 1294; baseline -0.004 -14"><span class='ocrx_word' id='word_1_112' title='bbox 193 1213 306 1289; x_wconf 78' lang='lat' dir='ltr'><strong>tatibns&#39;</strong></span> <span class='ocrx_word' id='word_1_113' title='bbox 329 1221 512 1289; x_wconf 81' lang='lat' dir='ltr'><strong>crediderunt,</strong></span> <span class='ocrx_word' id='word_1_114' title='bbox 533 1221 551 1276; x_wconf 94' lang='lat' dir='ltr'><strong>ii</strong></span> <span class='ocrx_word' id='word_1_115' title='bbox 574 1223 692 1294; x_wconf 79' lang='lat' dir='ltr'><strong>negotiis</strong></span> <span class='ocrx_word' id='word_1_116' title='bbox 715 1231 742 1279; x_wconf 86' lang='lat' dir='ltr'><strong>et</strong></span> <span class='ocrx_word' id='word_1_117' title='bbox 764 1222 917 1279; x_wconf 86' lang='lat' dir='ltr'><strong>actionibus</strong></span> <span class='ocrx_word' id='word_1_118' title='bbox 939 1221 1030 1277; x_wconf 91' lang='lat' dir='ltr'><strong>multis</strong></span> <span class='ocrx_word' id='word_1_119' title='bbox 1052 1221 1224 1287; x_wconf 87' lang='lat' dir='ltr'><strong>inciderunt,</strong></span> <span class='ocrx_word' id='word_1_120' title='bbox 1253 1228 1281 1274; x_wconf 90' lang='lat' dir='ltr'><strong>et</strong></span> <span class='ocrx_word' id='word_1_121' title='bbox 1311 1237 1373 1276; x_wconf 86' lang='lat' dir='ltr'><strong>eva·</strong></span> 
     </span>
     <span class='ocr_line' id='line_1_13' title="bbox 196 1294 1373 1378; baseline -0.003 -16"><span class='ocrx_word' id='word_1_122' title='bbox 196 1312 313 1362; x_wconf 86' lang='lat' dir='ltr'><strong>cuantur</strong></span> <span class='ocrx_word' id='word_1_123' title='bbox 334 1320 349 1359; x_wconf 91' lang='lat' dir='ltr'><strong>a</strong></span> <span class='ocrx_word' id='word_1_124' title='bbox 371 1321 454 1359; x_wconf 87' lang='lat' dir='ltr'><strong>sensu</strong></span> <span class='ocrx_word' id='word_1_125' title='bbox 476 1319 535 1371; x_wconf 89' lang='lat' dir='ltr'><strong>sno,</strong></span> <span class='ocrx_word' id='word_1_126' title='bbox 559 1311 587 1359; x_wconf 92' lang='lat' dir='ltr'><strong>et</strong></span> <span class='ocrx_word' id='word_1_127' title='bbox 607 1305 675 1360; x_wconf 86' lang='lat' dir='ltr'><strong>nihil</strong></span> <span class='ocrx_word' id='word_1_128' title='bbox 697 1304 808 1361; x_wconf 89' lang='lat' dir='ltr'><strong>omnino</strong></span> <span class='ocrx_word' id='word_1_129' title='bbox 831 1305 993 1378; x_wconf 71' lang='lat' dir='ltr'><strong>intelligunt,</strong></span> <span class='ocrx_word' id='word_1_130' title='bbox 1018 1302 1051 1358; x_wconf 90' lang='lat' dir='ltr'><strong>de</strong></span> <span class='ocrx_word' id='word_1_131' title='bbox 1074 1303 1171 1357; x_wconf 89' lang='lat' dir='ltr'><strong>divitiis</strong></span> <span class='ocrx_word' id='word_1_132' title='bbox 1188 1294 1373 1374; x_wconf 79' lang='lat' dir='ltr'><strong>cogitantes¹⁰</strong></span> 
     </span>
     <span class='ocr_line' id='line_1_14' title="bbox 196 1377 1372 1458; baseline -0.003 -14"><span class='ocrx_word' id='word_1_133' title='bbox 196 1387 252 1444; x_wconf 85' lang='lat' dir='ltr'><strong>Sed</strong></span> <span class='ocrx_word' id='word_1_134' title='bbox 274 1387 296 1443; x_wconf 93' lang='lat' dir='ltr'><strong>si</strong></span> <span class='ocrx_word' id='word_1_135' title='bbox 320 1387 428 1458; x_wconf 87' lang='lat' dir='ltr'><strong>qnando</strong></span> <span class='ocrx_word' id='word_1_136' title='bbox 451 1385 587 1442; x_wconf 77' lang='lat' dir='ltr'><strong>audierint</strong></span> <span class='ocrx_word' id='word_1_137' title='bbox 609 1385 643 1443; x_wconf 93' lang='lat' dir='ltr'><strong>de</strong></span> <span class='ocrx_word' id='word_1_138' title='bbox 665 1388 787 1454; x_wconf 82' lang='lat' dir='ltr'><strong>domino,</strong></span> <span class='ocrx_word' id='word_1_139' title='bbox 810 1403 909 1443; x_wconf 91' lang='lat' dir='ltr'><strong>sensus</strong></span> <span class='ocrx_word' id='word_1_140' title='bbox 932 1403 1026 1442; x_wconf 87' lang='lat' dir='ltr'><strong>eornm</strong></span> <span class='ocrx_word' id='word_1_141' title='bbox 1048 1386 1074 1440; x_wconf 92' lang='lat' dir='ltr'><strong>in</strong></span> <span class='ocrx_word' id='word_1_142' title='bbox 1091 1385 1208 1458; x_wconf 78' lang='lat' dir='ltr'><strong>negotiis</strong></span> <span class='ocrx_word' id='word_1_143' title='bbox 1226 1377 1372 1458; x_wconf 88' lang='lat' dir='ltr'><strong>ipsorum¹¹</strong></span> 
     </span>
     <span class='ocr_line' id='line_1_15' title="bbox 197 1460 1373 1538; baseline -0.003 -12"><span class='ocrx_word' id='word_1_144' title='bbox 197 1477 246 1526; x_wconf 85' lang='lat' dir='ltr'><strong>est.</strong></span> <span class='ocrx_word' id='word_1_145' title='bbox 267 1460 340 1538; x_wconf 78' lang='lat' dir='ltr'><strong>*Qui</strong></span> <span class='ocrx_word' id='word_1_146' title='bbox 362 1477 451 1525; x_wconf 91' lang='lat' dir='ltr'><strong>antem</strong></span> <span class='ocrx_word' id='word_1_147' title='bbox 474 1470 598 1525; x_wconf 88' lang='lat' dir='ltr'><strong>timorem</strong></span> <span class='ocrx_word' id='word_1_148' title='bbox 621 1470 726 1526; x_wconf 83' lang='lat' dir='ltr'><strong>Domini</strong></span> <span class='ocrx_word' id='word_1_149' title='bbox 744 1470 852 1537; x_wconf 88' lang='lat' dir='ltr'><strong>habent,</strong></span> <span class='ocrx_word' id='word_1_150' title='bbox 875 1477 903 1525; x_wconf 89' lang='lat' dir='ltr'><strong>et</strong></span> <span class='ocrx_word' id='word_1_151' title='bbox 924 1476 1080 1524; x_wconf 87' lang='lat' dir='ltr'><strong>scrutantur</strong></span> <span class='ocrx_word' id='word_1_152' title='bbox 1101 1469 1133 1522; x_wconf 87' lang='lat' dir='ltr'><strong>de</strong></span> <span class='ocrx_word' id='word_1_153' title='bbox 1146 1466 1201 1523; x_wconf 83' lang='lat' dir='ltr'><strong>deo</strong></span> <span class='ocrx_word' id='word_1_154' title='bbox 1223 1468 1373 1536; x_wconf 83' lang='lat' dir='ltr'><strong>veritatem,</strong></span> 
     </span>
     <span class='ocr_line' id='line_1_16' title="bbox 197 1550 1373 1626; baseline -0.002 -18"><span class='ocrx_word' id='word_1_155' title='bbox 197 1552 388 1626; x_wconf 72' lang='lat' dir='ltr'><strong>cogitationem</strong></span> <span class='ocrx_word' id='word_1_156' title='bbox 419 1567 526 1608; x_wconf 88' lang='lat' dir='ltr'><strong>omnem</strong></span> <span class='ocrx_word' id='word_1_157' title='bbox 558 1551 660 1608; x_wconf 88' lang='lat' dir='ltr'><strong>babent</strong></span> <span class='ocrx_word' id='word_1_158' title='bbox 688 1552 721 1608; x_wconf 90' lang='lat' dir='ltr'><strong>ad</strong></span> <span class='ocrx_word' id='word_1_159' title='bbox 751 1552 901 1608; x_wconf 84' lang='lat' dir='ltr'><strong>dominnm.</strong></span> <span class='ocrx_word' id='word_1_160' title='bbox 945 1552 1053 1617; x_wconf 81' lang='lat' dir='ltr'><strong>Omnia,</strong></span> <span class='ocrx_word' id='word_1_161' title='bbox 1081 1567 1149 1622; x_wconf 86' lang='lat' dir='ltr'><strong>quoe</strong></span> <span class='ocrx_word' id='word_1_162' title='bbox 1171 1550 1299 1605; x_wconf 84' lang='lat' dir='ltr'><strong>dicuntur</strong></span> <span class='ocrx_word' id='word_1_163' title='bbox 1322 1552 1373 1624; x_wconf 90' lang='lat' dir='ltr'><strong>eis,</strong></span> 
     </span>
     <span class='ocr_line' id='line_1_17' title="bbox 197 1625 1373 1709; baseline 0 -20"><span class='ocrx_word' id='word_1_164' title='bbox 197 1625 386 1708; x_wconf 71' lang='lat' dir='ltr'><strong>percipiunt¹²</strong></span> <span class='ocrx_word' id='word_1_165' title='bbox 408 1640 435 1688; x_wconf 91' lang='lat' dir='ltr'><strong>et</strong></span> <span class='ocrx_word' id='word_1_166' title='bbox 455 1634 544 1689; x_wconf 85' lang='lat' dir='ltr'><strong>statim</strong></span> <span class='ocrx_word' id='word_1_167' title='bbox 574 1634 739 1709; x_wconf 80' lang='lat' dir='ltr'><strong>intelligunt,</strong></span> <span class='ocrx_word' id='word_1_168' title='bbox 770 1626 857 1707; x_wconf 77' lang='lat' dir='ltr'><strong>quia¹³</strong></span> <span class='ocrx_word' id='word_1_169' title='bbox 885 1633 985 1690; x_wconf 79' lang='lat' dir='ltr'><strong>habent</strong></span> <span class='ocrx_word' id='word_1_170' title='bbox 1015 1633 1138 1688; x_wconf 88' lang='lat' dir='ltr'><strong>timorem</strong></span> <span class='ocrx_word' id='word_1_171' title='bbox 1159 1632 1263 1688; x_wconf 83' lang='lat' dir='ltr'><strong>Domini</strong></span> <span class='ocrx_word' id='word_1_172' title='bbox 1287 1634 1373 1689; x_wconf 92' lang='lat' dir='ltr'><strong>inse.</strong></span> 
     </span>
     <span class='ocr_line' id='line_1_18' title="bbox 196 1713 1373 1790; baseline 0 -20"><span class='ocrx_word' id='word_1_173' title='bbox 196 1714 246 1771; x_wconf 88' lang='lat' dir='ltr'><strong>Ubi</strong></span> <span class='ocrx_word' id='word_1_174' title='bbox 275 1717 347 1771; x_wconf 88' lang='lat' dir='ltr'><strong>enim</strong></span> <span class='ocrx_word' id='word_1_175' title='bbox 376 1713 493 1788; x_wconf 83' lang='lat' dir='ltr'><strong>Spiritus</strong></span> <span class='ocrx_word' id='word_1_176' title='bbox 523 1714 627 1771; x_wconf 82' lang='lat' dir='ltr'><strong>Domini</strong></span> <span class='ocrx_word' id='word_1_177' title='bbox 656 1716 800 1786; x_wconf 89' lang='lat' dir='ltr'><strong>inhabitat,</strong></span> <span class='ocrx_word' id='word_1_178' title='bbox 830 1716 865 1772; x_wconf 92' lang='lat' dir='ltr'><strong>ibi</strong></span> <span class='ocrx_word' id='word_1_179' title='bbox 895 1724 923 1771; x_wconf 90' lang='lat' dir='ltr'><strong>et</strong></span> <span class='ocrx_word' id='word_1_180' title='bbox 950 1733 1048 1772; x_wconf 89' lang='lat' dir='ltr'><strong>sensus</strong></span> <span class='ocrx_word' id='word_1_181' title='bbox 1078 1715 1178 1771; x_wconf 88' lang='lat' dir='ltr'><strong>multus</strong></span> <span class='ocrx_word' id='word_1_182' title='bbox 1208 1715 1373 1790; x_wconf 75' lang='lat' dir='ltr'><strong>adiungitur.</strong></span> 
     </span>
    </p>
   </div>
   <div class='ocr_carea' id='block_1_3' title="bbox 197 1791 1140 1872">
    <p class='ocr_par' dir='ltr' id='par_1_3' title="bbox 197 1791 1140 1872">
     <span class='ocr_line' id='line_1_19' title="bbox 197 1791 1140 1872; baseline -0.001 -19"><span class='ocrx_word' id='word_1_183' title='bbox 197 1797 320 1871; x_wconf 70' lang='lat' dir='ltr'><strong>adiunge</strong></span> <span class='ocrx_word' id='word_1_184' title='bbox 341 1813 407 1871; x_wconf 82' lang='lat' dir='ltr'><strong>ergo</strong></span> <span class='ocrx_word' id='word_1_185' title='bbox 431 1806 457 1851; x_wconf 91' lang='lat' dir='ltr'><strong>te</strong></span> <span class='ocrx_word' id='word_1_186' title='bbox 472 1797 603 1866; x_wconf 83' lang='lat' dir='ltr'><strong>bomino;</strong></span> <span class='ocrx_word' id='word_1_187' title='bbox 624 1806 651 1854; x_wconf 89' lang='lat' dir='ltr'><strong>et</strong></span> <span class='ocrx_word' id='word_1_188' title='bbox 673 1801 764 1855; x_wconf 88' lang='lat' dir='ltr'><strong>omnia</strong></span> <span class='ocrx_word' id='word_1_189' title='bbox 786 1798 919 1872; x_wconf 77' lang='lat' dir='ltr'><strong>intelliges</strong></span> <span class='ocrx_word' id='word_1_190' title='bbox 942 1791 997 1854; x_wconf 86' lang='lat' dir='ltr'><strong>ao¹⁴</strong></span> <span class='ocrx_word' id='word_1_191' title='bbox 1020 1795 1140 1854; x_wconf 84' lang='lat' dir='ltr'><strong>senties‘</strong></span> 
     </span>
    </p>
   </div>
   <div class='ocr_carea' id='block_1_4' title="bbox 197 1938 1373 2680">
    <p class='ocr_par' dir='ltr' id='par_1_4' title="bbox 197 1938 1373 2680">
     <span class='ocr_line' id='line_1_20' title="bbox 282 1938 1373 2020; baseline 0.007 -23"><span class='ocrx_word' id='word_1_192' title='bbox 282 1939 322 2012; x_wconf 82' lang='grc' dir='ltr'><strong>(ι)</strong></span> <span class='ocrx_word' id='word_1_193' title='bbox 343 1942 388 1998; x_wconf 86' lang='grc' dir='ltr'>ΙΙΙ.</span> <span class='ocrx_word' id='word_1_194' title='bbox 431 1938 531 2010; x_wconf 82' lang='lat' dir='ltr'><strong>†,tu‹tt</strong></span> <span class='ocrx_word' id='word_1_195' title='bbox 560 1960 641 2013; x_wconf 90' lang='lat' dir='ltr'><strong>nunc,</strong></span> <span class='ocrx_word' id='word_1_196' title='bbox 670 1947 821 2020; x_wconf 87' lang='lat' dir='ltr'><strong>insipiens,</strong></span> <span class='ocrx_word' id='word_1_197' title='bbox 853 1947 1080 2020; x_wconf 85' lang='lat' dir='ltr'><strong>quomadmodum</strong></span> <span class='ocrx_word' id='word_1_198' title='bbox 1111 1948 1220 2004; x_wconf 87' lang='lat' dir='ltr'><strong>tristitia</strong></span> <span class='ocrx_word' id='word_1_199' title='bbox 1258 1943 1373 2006; x_wconf 86' lang='lat' dir='ltr'><strong>cruciat¹</strong></span> 
     </span>
     <span class='ocr_line' id='line_1_21' title="bbox 198 2025 1372 2099; baseline 0.005 -18"><span class='ocrx_word' id='word_1_200' title='bbox 198 2025 329 2099; x_wconf 81' lang='lat' dir='ltr'><strong>Spiritum</strong></span> <span class='ocrx_word' id='word_1_201' title='bbox 352 2032 485 2091; x_wconf 77' lang='lat' dir='ltr'><strong>sunctum,</strong></span> <span class='ocrx_word' id='word_1_202' title='bbox 507 2033 534 2080; x_wconf 90' lang='lat' dir='ltr'><strong>et</strong></span> <span class='ocrx_word' id='word_1_203' title='bbox 560 2027 719 2098; x_wconf 89' lang='lat' dir='ltr'><strong>quomodo</strong></span> <span class='ocrx_word' id='word_1_204' title='bbox 743 2029 843 2084; x_wconf 80' lang='lat' dir='ltr'><strong>salvum</strong></span> <span class='ocrx_word' id='word_1_205' title='bbox 866 2029 939 2084; x_wconf 83' lang='lat' dir='ltr'><strong>iacit</strong></span> <span class='ocrx_word' id='word_1_206' title='bbox 984 2028 1050 2085; x_wconf 85' lang='lat' dir='ltr'><strong>Cum</strong></span> <span class='ocrx_word' id='word_1_207' title='bbox 1078 2030 1175 2087; x_wconf 89' lang='lat' dir='ltr'><strong>dubius</strong></span> <span class='ocrx_word' id='word_1_208' title='bbox 1198 2031 1324 2087; x_wconf 87' lang='lat' dir='ltr'><strong>inciderit</strong></span> <span class='ocrx_word' id='word_1_209' title='bbox 1345 2033 1372 2087; x_wconf 92' lang='lat' dir='ltr'><strong>in</strong></span> 
     </span>
     <span class='ocr_line' id='line_1_22' title="bbox 198 2098 1373 2185; baseline 0.007 -23"><span class='ocrx_word' id='word_1_210' title='bbox 198 2108 336 2179; x_wconf 79' lang='lat' dir='ltr'><strong>negotium</strong></span> <span class='ocrx_word' id='word_1_211' title='bbox 359 2098 492 2180; x_wconf 71' lang='lat' dir='ltr'><strong>aliquod,¹</strong></span> <span class='ocrx_word' id='word_1_212' title='bbox 521 2116 549 2163; x_wconf 92' lang='lat' dir='ltr'><strong>et</strong></span> <span class='ocrx_word' id='word_1_213' title='bbox 578 2125 633 2164; x_wconf 91' lang='lat' dir='ltr'><strong>non</strong></span> <span class='ocrx_word' id='word_1_214' title='bbox 662 2103 798 2184; x_wconf 81' lang='lat' dir='ltr'><strong>provenit⁸</strong></span> <span class='ocrx_word' id='word_1_215' title='bbox 826 2111 864 2166; x_wconf 86' lang='lat' dir='ltr'><strong>iili</strong></span> <span class='ocrx_word' id='word_1_216' title='bbox 896 2120 1010 2185; x_wconf 87' lang='lat' dir='ltr'><strong>propter</strong></span> <span class='ocrx_word' id='word_1_217' title='bbox 1032 2112 1242 2181; x_wconf 70' lang='lat' dir='ltr'><strong>dubitationem</strong></span> <span class='ocrx_word' id='word_1_218' title='bbox 1264 2115 1373 2170; x_wconf 85' lang='lat' dir='ltr'><strong>tristitia</strong></span> 
     </span>
     <span class='ocr_line' id='line_1_23' title="bbox 197 2183 1372 2267; baseline 0.006 -22"><span class='ocrx_word' id='word_1_219' title='bbox 197 2189 266 2245; x_wconf 78' lang='lat' dir='ltr'><strong>haec</strong></span> <span class='ocrx_word' id='word_1_220' title='bbox 287 2189 368 2244; x_wconf 85' lang='lat' dir='ltr'><strong>intrat</strong></span> <span class='ocrx_word' id='word_1_221' title='bbox 391 2190 417 2243; x_wconf 92' lang='lat' dir='ltr'><strong>iu</strong></span> <span class='ocrx_word' id='word_1_222' title='bbox 440 2183 599 2257; x_wconf 83' lang='lat' dir='ltr'><strong>homiuem,‘</strong></span> <span class='ocrx_word' id='word_1_223' title='bbox 621 2201 648 2249; x_wconf 91' lang='lat' dir='ltr'><strong>et</strong></span> <span class='ocrx_word' id='word_1_224' title='bbox 668 2194 773 2249; x_wconf 85' lang='lat' dir='ltr'><strong>tristem</strong></span> <span class='ocrx_word' id='word_1_225' title='bbox 791 2192 853 2249; x_wconf 80' lang='lat' dir='ltr'><strong>iacit</strong></span> <span class='ocrx_word' id='word_1_226' title='bbox 866 2192 995 2267; x_wconf 90' lang='lat' dir='ltr'><strong>Spiritum</strong></span> <span class='ocrx_word' id='word_1_227' title='bbox 1007 2204 1137 2262; x_wconf 89' lang='lat' dir='ltr'><strong>sanctum,</strong></span> <span class='ocrx_word' id='word_1_228' title='bbox 1160 2204 1187 2251; x_wconf 89' lang='lat' dir='ltr'><strong>et</strong></span> <span class='ocrx_word' id='word_1_229' title='bbox 1201 2205 1279 2251; x_wconf 83' lang='lat' dir='ltr'><strong>verat</strong></span> <span class='ocrx_word' id='word_1_230' title='bbox 1301 2213 1372 2252; x_wconf 92' lang='lat' dir='ltr'><strong>enm.</strong></span> 
     </span>
     <span class='ocr_line' id='line_1_24' title="bbox 202 2263 1372 2351; baseline 0.008 -26"><span class='ocrx_word' id='word_1_231' title='bbox 202 2269 305 2327; x_wconf 75' lang='lat' dir='ltr'><strong>Deinde</strong></span> <span class='ocrx_word' id='word_1_232' title='bbox 327 2263 437 2326; x_wconf 75' lang='lat' dir='ltr'><strong>iternm⁸</strong></span> <span class='ocrx_word' id='word_1_233' title='bbox 459 2272 600 2329; x_wconf 86' lang='lat' dir='ltr'><strong>iracundia</strong></span> <span class='ocrx_word' id='word_1_234' title='bbox 622 2291 682 2331; x_wconf 88' lang='lat' dir='ltr'><strong>enm</strong></span> <span class='ocrx_word' id='word_1_235' title='bbox 704 2277 852 2333; x_wconf 85' lang='lat' dir='ltr'><strong>accesserit</strong></span> <span class='ocrx_word' id='word_1_236' title='bbox 863 2276 963 2332; x_wconf 89' lang='lat' dir='ltr'><strong>homini</strong></span> <span class='ocrx_word' id='word_1_237' title='bbox 977 2294 1026 2351; x_wconf 88' lang='lat' dir='ltr'><strong>pro</strong></span> <span class='ocrx_word' id='word_1_238' title='bbox 1047 2279 1155 2351; x_wconf 79' lang='lat' dir='ltr'><strong>negotio</strong></span> <span class='ocrx_word' id='word_1_239' title='bbox 1173 2278 1270 2351; x_wconf 85' lang='lat' dir='ltr'><strong>atiquo,</strong></span> <span class='ocrx_word' id='word_1_240' title='bbox 1292 2279 1372 2334; x_wconf 87' lang='lat' dir='ltr'><strong>rehe-</strong></span> 
     </span>
     <span class='ocr_line' id='line_1_25' title="bbox 199 2353 1371 2432; baseline 0.005 -22"><span class='ocrx_word' id='word_1_241' title='bbox 199 2360 306 2410; x_wconf 83' lang='lat' dir='ltr'><strong>menter</strong></span> <span class='ocrx_word' id='word_1_242' title='bbox 328 2354 470 2424; x_wconf 87' lang='lat' dir='ltr'><strong>irascitnr;</strong></span> <span class='ocrx_word' id='word_1_243' title='bbox 491 2362 518 2410; x_wconf 88' lang='lat' dir='ltr'><strong>ct</strong></span> <span class='ocrx_word' id='word_1_244' title='bbox 541 2356 607 2412; x_wconf 87' lang='lat' dir='ltr'><strong>haec</strong></span> <span class='ocrx_word' id='word_1_245' title='bbox 629 2359 670 2414; x_wconf 84' lang='lat' dir='ltr'><strong>ira</strong></span> <span class='ocrx_word' id='word_1_246' title='bbox 692 2358 775 2414; x_wconf 88' lang='lat' dir='ltr'><strong>intrat</strong></span> <span class='ocrx_word' id='word_1_247' title='bbox 795 2361 822 2414; x_wconf 91' lang='lat' dir='ltr'><strong>in</strong></span> <span class='ocrx_word' id='word_1_248' title='bbox 845 2360 1008 2432; x_wconf 86' lang='lat' dir='ltr'><strong>praecordia</strong></span> <span class='ocrx_word' id='word_1_249' title='bbox 1030 2360 1181 2428; x_wconf 87' lang='lat' dir='ltr'><strong>irascentis,</strong></span> <span class='ocrx_word' id='word_1_250' title='bbox 1203 2369 1231 2416; x_wconf 90' lang='lat' dir='ltr'><strong>et</strong></span> <span class='ocrx_word' id='word_1_251' title='bbox 1246 2353 1371 2416; x_wconf 82' lang='lat' dir='ltr'><strong>veratnr¹</strong></span> 
     </span>
     <span class='ocr_line' id='line_1_26' title="bbox 197 2435 1371 2516; baseline 0.006 -25"><span class='ocrx_word' id='word_1_252' title='bbox 197 2436 226 2492; x_wconf 89' lang='lat' dir='ltr'><strong>in</strong></span> <span class='ocrx_word' id='word_1_253' title='bbox 247 2435 358 2508; x_wconf 79' lang='lat' dir='ltr'><strong>negotio</strong></span> <span class='ocrx_word' id='word_1_254' title='bbox 381 2453 440 2503; x_wconf 88' lang='lat' dir='ltr'><strong>suo,</strong></span> <span class='ocrx_word' id='word_1_255' title='bbox 463 2437 537 2510; x_wconf 90' lang='lat' dir='ltr'><strong>quod</strong></span> <span class='ocrx_word' id='word_1_256' title='bbox 558 2440 621 2512; x_wconf 81' lang='lat' dir='ltr'><strong>agit,</strong></span> <span class='ocrx_word' id='word_1_257' title='bbox 644 2448 671 2496; x_wconf 90' lang='lat' dir='ltr'><strong>et</strong></span> <span class='ocrx_word' id='word_1_258' title='bbox 692 2448 787 2515; x_wconf 85' lang='lat' dir='ltr'><strong>postea</strong></span> <span class='ocrx_word' id='word_1_259' title='bbox 810 2441 937 2516; x_wconf 72' lang='lat' dir='ltr'><strong>poenitet,</strong></span> <span class='ocrx_word' id='word_1_260' title='bbox 961 2442 1033 2516; x_wconf 89' lang='lat' dir='ltr'><strong>qnod</strong></span> <span class='ocrx_word' id='word_1_261' title='bbox 1057 2442 1124 2497; x_wconf 77' lang='lat' dir='ltr'><strong>maie</strong></span> <span class='ocrx_word' id='word_1_262' title='bbox 1147 2443 1250 2499; x_wconf 66' lang='lat' dir='ltr'><strong>secent</strong></span> <span class='ocrx_word' id='word_1_263' title='bbox 1281 2442 1371 2498; x_wconf 87' lang='lat' dir='ltr'><strong>Utrae·</strong></span> 
     </span>
     <span class='ocr_line' id='line_1_27' title="bbox 199 2510 1370 2595; baseline 0.008 -23"><span class='ocrx_word' id='word_1_264' title='bbox 199 2533 253 2592; x_wconf 86' lang='lat' dir='ltr'><strong>qne</strong></span> <span class='ocrx_word' id='word_1_265' title='bbox 274 2534 340 2591; x_wconf 78' lang='lat' dir='ltr'><strong>ergo</strong></span> <span class='ocrx_word' id='word_1_266' title='bbox 361 2510 419 2574; x_wconf 83' lang='lat' dir='ltr'><strong>res&#39;</strong></span> <span class='ocrx_word' id='word_1_267' title='bbox 441 2517 549 2576; x_wconf 86' lang='lat' dir='ltr'><strong>laedant</strong></span> <span class='ocrx_word' id='word_1_268' title='bbox 571 2521 701 2595; x_wconf 82' lang='lat' dir='ltr'><strong>Spiritum</strong></span> <span class='ocrx_word' id='word_1_269' title='bbox 724 2533 856 2591; x_wconf 85' lang='lat' dir='ltr'><strong>sanetum,</strong></span> <span class='ocrx_word' id='word_1_270' title='bbox 879 2522 1009 2580; x_wconf 85' lang='lat' dir='ltr'><strong>dubitatio</strong></span> <span class='ocrx_word' id='word_1_271' title='bbox 1035 2533 1062 2579; x_wconf 86' lang='lat' dir='ltr'><strong>et</strong></span> <span class='ocrx_word' id='word_1_272' title='bbox 1083 2525 1370 2593; x_wconf 80' lang='lat' dir='ltr'><strong>tristitia:&#39;dubitatio,</strong></span> 
     </span>
     <span class='ocr_line' id='line_1_28' title="bbox 199 2598 1370 2680; baseline 0.007 -26"><span class='ocrx_word' id='word_1_273' title='bbox 199 2599 263 2673; x_wconf 84' lang='lat' dir='ltr'><strong>qnia</strong></span> <span class='ocrx_word' id='word_1_274' title='bbox 285 2616 339 2655; x_wconf 90' lang='lat' dir='ltr'><strong>non</strong></span> <span class='ocrx_word' id='word_1_275' title='bbox 363 2603 498 2657; x_wconf 83' lang='lat' dir='ltr'><strong>successit</strong></span> <span class='ocrx_word' id='word_1_276' title='bbox 519 2611 595 2659; x_wconf 84' lang='lat' dir='ltr'><strong>actus</strong></span> <span class='ocrx_word' id='word_1_277' title='bbox 618 2606 692 2673; x_wconf 78' lang='lat' dir='ltr'><strong>eins3</strong></span> <span class='ocrx_word' id='word_1_278' title='bbox 712 2612 739 2661; x_wconf 86' lang='lat' dir='ltr'><strong>et</strong></span> <span class='ocrx_word' id='word_1_279' title='bbox 760 2598 890 2673; x_wconf 77' lang='lat' dir='ltr'><strong>tristitia,⁸</strong></span> <span class='ocrx_word' id='word_1_280' title='bbox 911 2608 973 2680; x_wconf 90' lang='lat' dir='ltr'><strong>quia</strong></span> <span class='ocrx_word' id='word_1_281' title='bbox 987 2607 1051 2662; x_wconf 82' lang='lat' dir='ltr'><strong>iecit</strong></span> <span class='ocrx_word' id='word_1_282' title='bbox 1064 2608 1231 2665; x_wconf 80' lang='lat' dir='ltr'><strong>iracundiam</strong></span> <span class='ocrx_word' id='word_1_283' title='bbox 1249 2606 1370 2679; x_wconf 89' lang='lat' dir='ltr'><strong>Spiritui.</strong></span> 
     </span>
    </p>
   </div>
   <div class='ocr_carea' id='block_1_5' title="bbox 198 2704 1373 3125">
    <p class='ocr_par' dir='ltr' id='par_1_5' title="bbox 198 2704 1373 3125">
     <span class='ocr_line' id='line_1_29' title="bbox 286 2704 1373 2810; baseline 0.01 -43"><span class='ocrx_word' id='word_1_284' title='bbox 286 2706 350 2768; x_wconf 79' lang='grc' dir='ltr'><strong>*οί</strong></span> <span class='ocrx_word' id='word_1_285' title='bbox 369 2705 401 2769; x_wconf 74' lang='grc' dir='ltr'><strong>δὲ</strong></span> <span class='ocrx_word' id='word_1_286' title='bbox 422 2704 518 2810; x_wconf 68' lang='grc' dir='ltr'><strong><em>φόρον</em></strong></span> <span class='ocrx_word' id='word_1_287' title='bbox 539 2710 649 2789; x_wconf 69' lang='grc' dir='ltr'><strong><em>ἔχοντες</em></strong></span> <span class='ocrx_word' id='word_1_288' title='bbox 674 2714 760 2787; x_wconf 83' lang='grc' dir='ltr'><strong><em>Θεοῦ,</em></strong></span> <span class='ocrx_word' id='word_1_289' title='bbox 782 2711 832 2777; x_wconf 86' lang='grc' dir='ltr'><strong>καί</strong></span> <span class='ocrx_word' id='word_1_290' title='bbox 853 2713 1025 2795; x_wconf 73' lang='grc' dir='ltr'><strong><em>ἐρευνῶντες</em></strong></span> <span class='ocrx_word' id='word_1_291' title='bbox 1037 2713 1103 2791; x_wconf 86' lang='grc' dir='ltr'><strong><em>περὶ</em></strong></span> <span class='ocrx_word' id='word_1_292' title='bbox 1116 2716 1193 2778; x_wconf 84' lang='grc' dir='ltr'><em>Θεοῦ</em></span> <span class='ocrx_word' id='word_1_293' title='bbox 1214 2715 1305 2798; x_wconf 72' lang='grc' dir='ltr'><strong><em>ἔργων</em></strong></span> <span class='ocrx_word' id='word_1_294' title='bbox 1323 2715 1373 2778; x_wconf 86' lang='grc' dir='ltr'><strong>καλ</strong></span> 
     </span>
     <span class='ocr_line' id='line_1_30' title="bbox 198 2782 1372 2881; baseline 0.012 -34"><span class='ocrx_word' id='word_1_295' title='bbox 198 2782 350 2865; x_wconf 67' lang='grc' dir='ltr'><strong><em>ἀληθείας,</em></strong></span> <span class='ocrx_word' id='word_1_296' title='bbox 372 2789 422 2850; x_wconf 84' lang='grc' dir='ltr'><strong>καί</strong></span> <span class='ocrx_word' id='word_1_297' title='bbox 441 2814 495 2868; x_wconf 85' lang='grc' dir='ltr'><strong><em>την</em></strong></span> <span class='ocrx_word' id='word_1_298' title='bbox 515 2795 638 2871; x_wconf 78' lang='grc' dir='ltr'><strong><em>καρδίαν</em></strong></span> <span class='ocrx_word' id='word_1_299' title='bbox 668 2793 778 2872; x_wconf 76' lang='grc' dir='ltr'><strong><em>ἔχοντες</em></strong></span> <span class='ocrx_word' id='word_1_300' title='bbox 805 2794 879 2876; x_wconf 84' lang='grc' dir='ltr'><strong><em>πρὸς</em></strong></span> <span class='ocrx_word' id='word_1_301' title='bbox 900 2795 1016 2876; x_wconf 82' lang='grc' dir='ltr'><strong><em>κύριον,</em></strong></span> <span class='ocrx_word' id='word_1_302' title='bbox 1044 2794 1138 2858; x_wconf 71' lang='grc' dir='ltr'><strong><em>πάντα</em></strong></span> <span class='ocrx_word' id='word_1_303' title='bbox 1169 2794 1205 2860; x_wconf 69' lang='grc' dir='ltr'><strong>τὰ</strong></span> <span class='ocrx_word' id='word_1_304' title='bbox 1233 2795 1372 2881; x_wconf 75' lang='grc' dir='ltr'><strong><em>λεγόμενα</em></strong></span> 
     </span>
     <span class='ocr_line' id='line_1_31' title="bbox 199 2867 1372 2960; baseline 0.012 -30"><span class='ocrx_word' id='word_1_305' title='bbox 199 2867 299 2942; x_wconf 80' lang='grc' dir='ltr'><strong><em>αὐτοῖς</em></strong></span> <span class='ocrx_word' id='word_1_306' title='bbox 325 2867 422 2951; x_wconf 71' lang='grc' dir='ltr'><strong><em>τάχιον</em></strong></span> <span class='ocrx_word' id='word_1_307' title='bbox 450 2880 570 2937; x_wconf 80' lang='grc' dir='ltr'><strong><em>νοοῦσιν</em></strong></span> <span class='ocrx_word' id='word_1_308' title='bbox 596 2875 646 2937; x_wconf 82' lang='grc' dir='ltr'><strong>καί</strong></span> <span class='ocrx_word' id='word_1_309' title='bbox 675 2883 840 2951; x_wconf 82' lang='grc' dir='ltr'><strong><em>συνιοῦσιν,</em></strong></span> <span class='ocrx_word' id='word_1_310' title='bbox 866 2877 913 2943; x_wconf 78' lang='grc' dir='ltr'><strong>ὅτι</strong></span> <span class='ocrx_word' id='word_1_311' title='bbox 942 2915 984 2925; x_wconf 94' lang='grc'>-</span> <span class='ocrx_word' id='word_1_312' title='bbox 1004 2875 1055 2941; x_wconf 82' lang='grc' dir='ltr'><strong><em>τὸν</em></strong></span> <span class='ocrx_word' id='word_1_313' title='bbox 1083 2876 1179 2960; x_wconf 81' lang='grc' dir='ltr'><strong><em>φόβον</em></strong></span> <span class='ocrx_word' id='word_1_314' title='bbox 1208 2887 1261 2945; x_wconf 82' lang='grc' dir='ltr'><strong>τοῦ</strong></span> <span class='ocrx_word' id='word_1_315' title='bbox 1295 2885 1372 2944; x_wconf 84' lang='grc' dir='ltr'><strong><em>Θεοῦ</em></strong></span> 
     </span>
     <span class='ocr_line' id='line_1_32' title="bbox 198 2950 1372 3041; baseline 0.014 -27"><span class='ocrx_word' id='word_1_316' title='bbox 198 2950 313 3031; x_wconf 77' lang='grc' dir='ltr'><strong><em>ίχουσιν</em></strong></span> <span class='ocrx_word' id='word_1_317' title='bbox 335 2954 365 3016; x_wconf 77' lang='grc' dir='ltr'><strong><em>ἐν</em></strong></span> <span class='ocrx_word' id='word_1_318' title='bbox 386 2953 506 3031; x_wconf 73' lang='grc' dir='ltr'><strong><em>ἑαυτοῖς.</em></strong></span> <span class='ocrx_word' id='word_1_319' title='bbox 539 2955 640 3021; x_wconf 80' lang='grc' dir='ltr'><strong><em>Ὅπου</em></strong></span> <span class='ocrx_word' id='word_1_320' title='bbox 661 2956 715 3041; x_wconf 74' lang='grc' dir='ltr'><strong>γὰρ</strong></span> <span class='ocrx_word' id='word_1_321' title='bbox 744 2958 761 3023; x_wconf 81' lang='grc' dir='ltr'>ὁ</span> <span class='ocrx_word' id='word_1_322' title='bbox 788 2958 888 3041; x_wconf 78' lang='grc' dir='ltr'><strong><em>κύριος</em></strong></span> <span class='ocrx_word' id='word_1_323' title='bbox 915 2969 1058 3036; x_wconf 87' lang='grc' dir='ltr'><strong><em>κατοικεῖ,</em></strong></span> <span class='ocrx_word' id='word_1_324' title='bbox 1090 2963 1152 3026; x_wconf 77' lang='grc' dir='ltr'><strong><em>ἐκεῖ</em></strong></span> <span class='ocrx_word' id='word_1_325' title='bbox 1177 2965 1226 3028; x_wconf 85' lang='grc' dir='ltr'><strong>καλ</strong></span> <span class='ocrx_word' id='word_1_326' title='bbox 1258 2961 1372 3041; x_wconf 77' lang='grc' dir='ltr'><strong><em>σύνεσις</em></strong></span> 
     </span>
     <span class='ocr_line' id='line_1_33' title="bbox 198 3032 1139 3125; baseline 0.013 -29"><span class='ocrx_word' id='word_1_327' title='bbox 198 3032 297 3115; x_wconf 82' lang='grc' dir='ltr'><strong><em>πολλή.</em></strong></span> <span class='ocrx_word' id='word_1_328' title='bbox 340 3035 510 3119; x_wconf 70' lang='grc' dir='ltr'><strong><em>Κολλιίθητι</em></strong></span> <span class='ocrx_word' id='word_1_329' title='bbox 531 3033 656 3104; x_wconf 85' lang='grc' dir='ltr'><strong><em>οὖντοῦ</em></strong></span> <span class='ocrx_word' id='word_1_330' title='bbox 677 3045 791 3124; x_wconf 88' lang='grc' dir='ltr'><strong><em>κυρίου,</em></strong></span> <span class='ocrx_word' id='word_1_331' title='bbox 812 3046 862 3106; x_wconf 85' lang='grc' dir='ltr'><strong>καλ</strong></span> <span class='ocrx_word' id='word_1_332' title='bbox 880 3042 997 3108; x_wconf 75' lang='grc' dir='ltr'><strong><em>πάντων</em></strong></span> <span class='ocrx_word' id='word_1_333' title='bbox 1017 3042 1139 3125; x_wconf 81' lang='grc' dir='ltr'><strong><em>νοήσεις.</em></strong></span> 
     </span>
    </p>
   </div>
   <div class='ocr_carea' id='block_1_6' title="bbox 189 3145 1372 3500">
    <p class='ocr_par' dir='ltr' id='par_1_6' title="bbox 189 3145 1372 3500">
     <span class='ocr_line' id='line_1_34' title="bbox 282 3145 1371 3244; baseline 0.014 -32"><span class='ocrx_word' id='word_1_334' title='bbox 282 3148 418 3221; x_wconf 67' lang='grc' dir='ltr'><strong><em>’[’Ἁιιουε</em></strong></span> <span class='ocrx_word' id='word_1_335' title='bbox 439 3145 504 3232; x_wconf 82' lang='grc' dir='ltr'><strong><em>οὖν,</em></strong></span> <span class='ocrx_word' id='word_1_336' title='bbox 523 3161 586 3228; x_wconf 83' lang='grc' dir='ltr'><strong>πῶς</strong></span> <span class='ocrx_word' id='word_1_337' title='bbox 603 3153 625 3234; x_wconf 76' lang='grc' dir='ltr'><em>ἦ</em></span> <span class='ocrx_word' id='word_1_338' title='bbox 646 3153 723 3236; x_wconf 75' lang='grc' dir='ltr'><strong><em>λύπη</em></strong></span> <span class='ocrx_word' id='word_1_339' title='bbox 743 3157 873 3240; x_wconf 75' lang='grc' dir='ltr'><strong><em>’ἐκτρίβει</em></strong></span> <span class='ocrx_word' id='word_1_340' title='bbox 901 3157 933 3223; x_wconf 82' lang='grc' dir='ltr'><strong>τὸ</strong></span> <span class='ocrx_word' id='word_1_341' title='bbox 962 3167 1085 3244; x_wconf 84' lang='grc' dir='ltr'><strong><em>πνεῦμα,</em></strong></span> <span class='ocrx_word' id='word_1_342' title='bbox 1108 3163 1158 3224; x_wconf 84' lang='grc' dir='ltr'><strong>καὶ</strong></span> <span class='ocrx_word' id='word_1_343' title='bbox 1173 3159 1260 3226; x_wconf 75' lang='grc' dir='ltr'><strong><em>πάλιν</em></strong></span> <span class='ocrx_word' id='word_1_344' title='bbox 1282 3161 1371 3240; x_wconf 71' lang='grc' dir='ltr'><strong><em>σοι’ζει,</em></strong></span> 
     </span>
     <span class='ocr_line' id='line_1_35' title="bbox 189 3229 1371 3351; baseline 0.015 -58"><span class='ocrx_word' id='word_1_345' title='bbox 189 3229 285 3294; x_wconf 78' lang='grc' dir='ltr'><strong><em>Ὅταν</em></strong></span> <span class='ocrx_word' id='word_1_346' title='bbox 305 3229 322 3294; x_wconf 82' lang='grc' dir='ltr'><strong><em>ὁ</em></strong></span> <span class='ocrx_word' id='word_1_347' title='bbox 343 3235 469 3312; x_wconf 77' lang='grc' dir='ltr'><strong><em>δίψυχος</em></strong></span> <span class='ocrx_word' id='word_1_348' title='bbox 490 3234 660 3317; x_wconf 73' lang='grc' dir='ltr'><strong><em>ἐπιβάληται</em></strong></span> <span class='ocrx_word' id='word_1_349' title='bbox 681 3243 789 3319; x_wconf 84' lang='grc' dir='ltr'><strong><em>πρᾶξαί</em></strong></span> <span class='ocrx_word' id='word_1_350' title='bbox 809 3267 844 3318; x_wconf 89' lang='grc' dir='ltr'><strong>τι,</strong></span> <span class='ocrx_word' id='word_1_351' title='bbox 866 3243 915 3306; x_wconf 81' lang='grc' dir='ltr'><strong>καλ</strong></span> <span class='ocrx_word' id='word_1_352' title='bbox 936 3241 1064 3351; x_wconf 78' lang='grc' dir='ltr'><strong><em>ἆποτύχρ</em></strong></span> <span class='ocrx_word' id='word_1_353' title='bbox 1085 3243 1134 3307; x_wconf 80' lang='grc' dir='ltr'><strong>διὰ</strong></span> <span class='ocrx_word' id='word_1_354' title='bbox 1155 3243 1208 3326; x_wconf 83' lang='grc' dir='ltr'><strong><em>τὴν</em></strong></span> <span class='ocrx_word' id='word_1_355' title='bbox 1229 3249 1371 3327; x_wconf 79' lang='grc' dir='ltr'><strong><em>διψυχίαν</em></strong></span> 
     </span>
     <span class='ocr_line' id='line_1_36' title="bbox 199 3309 1372 3412; baseline 0.018 -39"><span class='ocrx_word' id='word_1_356' title='bbox 199 3309 307 3388; x_wconf 73' lang='lat' dir='ltr'><strong>edred,</strong></span> <span class='ocrx_word' id='word_1_357' title='bbox 330 3309 351 3393; x_wconf 77' lang='grc' dir='ltr'><em>ἦ</em></span> <span class='ocrx_word' id='word_1_358' title='bbox 371 3313 448 3396; x_wconf 81' lang='grc' dir='ltr'><strong><em>λύπη</em></strong></span> <span class='ocrx_word' id='word_1_359' title='bbox 477 3317 662 3399; x_wconf 76' lang='grc' dir='ltr'><strong><em>ἐκπορεύεται</em></strong></span> <span class='ocrx_word' id='word_1_360' title='bbox 682 3325 724 3396; x_wconf 81' lang='grc' dir='ltr'><strong><em>εἰς</em></strong></span> <span class='ocrx_word' id='word_1_361' title='bbox 744 3321 795 3387; x_wconf 83' lang='grc' dir='ltr'><strong><em>τὸν</em></strong></span> <span class='ocrx_word' id='word_1_362' title='bbox 816 3322 991 3405; x_wconf 71' lang='grc' dir='ltr'><strong><em>ἄνθρωπον,</em></strong></span> <span class='ocrx_word' id='word_1_363' title='bbox 1012 3352 1063 3390; x_wconf 89' lang='grc' dir='ltr'><strong>και</strong></span> <span class='ocrx_word' id='word_1_364' title='bbox 1089 3335 1176 3391; x_wconf 84' lang='grc' dir='ltr'><strong><em>λυπεῖ</em></strong></span> <span class='ocrx_word' id='word_1_365' title='bbox 1194 3327 1227 3392; x_wconf 82' lang='grc' dir='ltr'><strong>τὸ</strong></span> <span class='ocrx_word' id='word_1_366' title='bbox 1255 3337 1372 3412; x_wconf 77' lang='grc' dir='ltr'><strong><em>πνεῦμα</em></strong></span> 
     </span>
     <span class='ocr_line' id='line_1_37' title="bbox 197 3390 1371 3500; baseline 0.019 -43"><span class='ocrx_word' id='word_1_367' title='bbox 197 3390 230 3458; x_wconf 76' lang='grc' dir='ltr'><strong>τὸ</strong></span> <span class='ocrx_word' id='word_1_368' title='bbox 253 3393 355 3479; x_wconf 71' lang='grc' dir='ltr'><strong><em>ἅγιον,</em></strong></span> <span class='ocrx_word' id='word_1_369' title='bbox 383 3401 433 3460; x_wconf 91' lang='grc' dir='ltr'><strong>καλ</strong></span> <span class='ocrx_word' id='word_1_370' title='bbox 453 3411 622 3486; x_wconf 78' lang='grc' dir='ltr'><strong><em>στενοχωρεῖ</em></strong></span> <span class='ocrx_word' id='word_1_371' title='bbox 640 3403 721 3469; x_wconf 81' lang='grc' dir='ltr'><strong><em>αὐτό.</em></strong></span> <span class='ocrx_word' id='word_1_372' title='bbox 764 3405 839 3471; x_wconf 74' lang='lat' dir='ltr'><strong>Eira</strong></span> <span class='ocrx_word' id='word_1_373' title='bbox 866 3406 955 3473; x_wconf 79' lang='grc' dir='ltr'><strong><em>πάλιν</em></strong></span> <span class='ocrx_word' id='word_1_374' title='bbox 985 3409 1118 3490; x_wconf 79' lang='grc' dir='ltr'><strong><em>ὀξνχολία</em></strong></span> <span class='ocrx_word' id='word_1_375' title='bbox 1147 3410 1217 3475; x_wconf 77' lang='grc' dir='ltr'><strong><em>ὅταν</em></strong></span> <span class='ocrx_word' id='word_1_376' title='bbox 1238 3421 1371 3500; x_wconf 74' lang='grc' dir='ltr'><strong><em>κολληθῇ</em></strong></span> 
     </span>
    </p>
   </div>
   <div class='ocr_carea' id='block_1_7' title="bbox 196 3630 1369 4232">
    <p class='ocr_par' dir='ltr' id='par_1_7' title="bbox 250 3630 1120 3704">
     <span class='ocr_line' id='line_1_38' title="bbox 250 3630 1120 3704; baseline 0.015 -24"><span class='ocrx_word' id='word_1_377' title='bbox 250 3630 278 3690; x_wconf 79' lang='grc'><strong>2)</strong></span> <span class='ocrx_word' id='word_1_378' title='bbox 296 3634 358 3682; x_wconf 76' lang='lat' dir='ltr'><strong>enim</strong></span> <span class='ocrx_word' id='word_1_379' title='bbox 376 3635 440 3695; x_wconf 79' lang='lat' dir='ltr'><strong>Vnt,</strong></span> <span class='ocrx_word' id='word_1_380' title='bbox 464 3635 488 3684; x_wconf 92' lang='lat' dir='ltr'><strong>in</strong></span> <span class='ocrx_word' id='word_1_381' title='bbox 511 3651 559 3700; x_wconf 85' lang='lat' dir='ltr'><strong>qno</strong></span> <span class='ocrx_word' id='word_1_382' title='bbox 577 3651 623 3686; x_wconf 79' lang='lat' dir='ltr'><strong>vox</strong></span> <span class='ocrx_word' id='word_1_383' title='bbox 648 3641 766 3689; x_wconf 81' lang='lat' dir='ltr'><strong>subeunde</strong></span> <span class='ocrx_word' id='word_1_384' title='bbox 853 3643 880 3704; x_wconf 87' lang='grc'><strong>3)</strong></span> <span class='ocrx_word' id='word_1_385' title='bbox 902 3645 1053 3693; x_wconf 79' lang='lat' dir='ltr'><strong>simulacrum</strong></span> <span class='ocrx_word' id='word_1_386' title='bbox 1070 3644 1120 3693; x_wconf 76' lang='lat' dir='ltr'><strong>Vnt.</strong></span> 
     </span>
    </p>

    <p class='ocr_par' dir='ltr' id='par_1_8' title="bbox 196 3697 1369 4169">
     <span class='ocr_line' id='line_1_39' title="bbox 201 3697 1369 3775; baseline 0.016 -30"><span class='ocrx_word' id='word_1_387' title='bbox 201 3697 261 3760; x_wconf 75' lang='lat' dir='ltr'><strong>(sic)</strong></span> <span class='ocrx_word' id='word_1_388' title='bbox 278 3700 373 3761; x_wconf 88' lang='lat' dir='ltr'><strong>punctis</strong></span> <span class='ocrx_word' id='word_1_389' title='bbox 395 3704 529 3764; x_wconf 83' lang='lat' dir='ltr'><strong>suppositis</strong></span> <span class='ocrx_word' id='word_1_390' title='bbox 554 3705 687 3755; x_wconf 84' lang='lat' dir='ltr'><strong>excinditur</strong></span> <span class='ocrx_word' id='word_1_391' title='bbox 712 3715 765 3756; x_wconf 87' lang='lat' dir='ltr'><strong>ante</strong></span> <span class='ocrx_word' id='word_1_392' title='bbox 851 3709 878 3760; x_wconf 83' lang='grc'><strong>4)</strong></span> <span class='ocrx_word' id='word_1_393' title='bbox 898 3712 958 3758; x_wconf 76' lang='lat' dir='ltr'><strong>eninr</strong></span> <span class='ocrx_word' id='word_1_394' title='bbox 986 3725 1032 3759; x_wconf 89' lang='lat' dir='ltr'><strong>om.</strong></span> <span class='ocrx_word' id='word_1_395' title='bbox 1050 3711 1117 3772; x_wconf 76' lang='lat' dir='ltr'><strong>vat,</strong></span> <span class='ocrx_word' id='word_1_396' title='bbox 1141 3714 1271 3775; x_wconf 85' lang='lat' dir='ltr'><strong>postmodo</strong></span> <span class='ocrx_word' id='word_1_397' title='bbox 1299 3716 1369 3764; x_wconf 81' lang='lat' dir='ltr'><strong>datur</strong></span> 
     </span>
     <span class='ocr_line' id='line_1_40' title="bbox 201 3766 1368 3844; baseline 0.012 -28"><span class='ocrx_word' id='word_1_398' title='bbox 201 3766 314 3822; x_wconf 61' lang='lat' dir='ltr'><strong>nvindo,</strong></span> <span class='ocrx_word' id='word_1_399' title='bbox 336 3766 391 3815; x_wconf 88' lang='lat' dir='ltr'><strong>dein</strong></span> <span class='ocrx_word' id='word_1_400' title='bbox 410 3782 517 3829; x_wconf 78' lang='lat' dir='ltr'><strong>mupoum</strong></span> <span class='ocrx_word' id='word_1_401' title='bbox 535 3787 559 3834; x_wconf 90' lang='lat' dir='ltr'><strong>p.</strong></span> <span class='ocrx_word' id='word_1_402' title='bbox 575 3788 726 3835; x_wconf 77' lang='lat' dir='ltr'><strong>permopnom</strong></span> <span class='ocrx_word' id='word_1_403' title='bbox 744 3782 767 3823; x_wconf 88' lang='lat' dir='ltr'><strong>ct</strong></span> <span class='ocrx_word' id='word_1_404' title='bbox 801 3791 824 3838; x_wconf 90' lang='lat' dir='ltr'><strong>p.</strong></span> <span class='ocrx_word' id='word_1_405' title='bbox 843 3778 920 3825; x_wconf 79' lang='lat' dir='ltr'><strong>dotus.</strong></span> <span class='ocrx_word' id='word_1_406' title='bbox 945 3777 1104 3827; x_wconf 83' lang='lat' dir='ltr'><strong>Gatiiceiotii:</strong></span> <span class='ocrx_word' id='word_1_407' title='bbox 1131 3780 1221 3830; x_wconf 78' lang='lat' dir='ltr'><strong>Percbd</strong></span> <span class='ocrx_word' id='word_1_408' title='bbox 1241 3782 1296 3842; x_wconf 75' lang='lat' dir='ltr'><strong>ogni</strong></span> <span class='ocrx_word' id='word_1_409' title='bbox 1317 3782 1368 3844; x_wconf 91' lang='lat' dir='ltr'><strong>spi-</strong></span> 
     </span>
     <span class='ocr_line' id='line_1_41' title="bbox 199 3834 1368 3898; baseline 0.015 -17"><span class='ocrx_word' id='word_1_410' title='bbox 199 3834 305 3895; x_wconf 80' lang='lat' dir='ltr'><strong>ioserunt</strong></span> <span class='ocrx_word' id='word_1_411' title='bbox 322 3846 345 3894; x_wconf 95' lang='lat' dir='ltr'><strong>p.</strong></span> <span class='ocrx_word' id='word_1_412' title='bbox 364 3843 498 3894; x_wconf 78' lang='grc' dir='ltr'><strong><em>ιοαρειειιι.</em></strong></span> <span class='ocrx_word' id='word_1_413' title='bbox 516 3838 591 3888; x_wconf 81' lang='lat' dir='ltr'><strong>Vertit</strong></span> <span class='ocrx_word' id='word_1_414' title='bbox 607 3839 766 3889; x_wconf 83' lang='lat' dir='ltr'><strong>Goiiiccioiii:</strong></span> <span class='ocrx_word' id='word_1_415' title='bbox 799 3844 846 3891; x_wconf 90' lang='lat' dir='ltr'><strong>rito</strong></span> <span class='ocrx_word' id='word_1_416' title='bbox 873 3843 928 3891; x_wconf 86' lang='lat' dir='ltr'><strong>dato</strong></span> <span class='ocrx_word' id='word_1_417' title='bbox 955 3843 984 3891; x_wconf 90' lang='lat' dir='ltr'><strong>dn</strong></span> <span class='ocrx_word' id='word_1_418' title='bbox 1004 3844 1048 3892; x_wconf 87' lang='lat' dir='ltr'><strong>oio</strong></span> <span class='ocrx_word' id='word_1_419' title='bbox 1073 3860 1121 3895; x_wconf 87' lang='lat' dir='ltr'><strong>non</strong></span> <span class='ocrx_word' id='word_1_420' title='bbox 1139 3847 1160 3894; x_wconf 88' lang='lat' dir='ltr'><strong>si</strong></span> <span class='ocrx_word' id='word_1_421' title='bbox 1182 3847 1300 3898; x_wconf 87' lang='lat' dir='ltr'><strong>esamina:</strong></span> <span class='ocrx_word' id='word_1_422' title='bbox 1329 3863 1368 3898; x_wconf 80' lang='lat' dir='ltr'><strong>ma</strong></span> 
     </span>
     <span class='ocr_line' id='line_1_42' title="bbox 199 3898 1367 3975; baseline 0.012 -26"><span class='ocrx_word' id='word_1_423' title='bbox 199 3898 358 3949; x_wconf 83' lang='lat' dir='ltr'><strong>Ciascbednni</strong></span> <span class='ocrx_word' id='word_1_424' title='bbox 382 3900 478 3962; x_wconf 81' lang='lat' dir='ltr'><strong>dunque</strong></span> <span class='ocrx_word' id='word_1_425' title='bbox 505 3904 549 3952; x_wconf 87' lang='lat' dir='ltr'><strong>che</strong></span> <span class='ocrx_word' id='word_1_426' title='bbox 574 3919 635 3955; x_wconf 83' lang='lat' dir='ltr'><strong>sono</strong></span> <span class='ocrx_word' id='word_1_427' title='bbox 663 3909 718 3957; x_wconf 81' lang='lat' dir='ltr'><strong>[orti</strong></span> <span class='ocrx_word' id='word_1_428' title='bbox 742 3908 766 3956; x_wconf 92' lang='lat' dir='ltr'><strong>in</strong></span> <span class='ocrx_word' id='word_1_429' title='bbox 803 3907 887 3957; x_wconf 82' lang='lat' dir='ltr'><strong>erend&#39;</strong></span> <span class='ocrx_word' id='word_1_430' title='bbox 913 3924 968 3959; x_wconf 80' lang='lat' dir='ltr'><strong>esso</strong></span> <span class='ocrx_word' id='word_1_431' title='bbox 998 3910 1020 3958; x_wconf 83' lang='grc' dir='ltr'><strong><em>Ιε</em></strong></span> <span class='ocrx_word' id='word_1_432' title='bbox 1040 3911 1100 3960; x_wconf 82' lang='lat' dir='ltr'><strong>rirtd</strong></span> <span class='ocrx_word' id='word_1_433' title='bbox 1124 3913 1188 3962; x_wconf 82' lang='lat' dir='ltr'><strong>delio</strong></span> <span class='ocrx_word' id='word_1_434' title='bbox 1213 3914 1318 3975; x_wconf 75' lang='lat' dir='ltr'><strong>divinita,</strong></span> <span class='ocrx_word' id='word_1_435' title='bbox 1343 3916 1367 3964; x_wconf 89' lang='lat' dir='ltr'><strong>di</strong></span> 
     </span>
     <span class='ocr_line' id='line_1_43' title="bbox 197 3965 1367 4045; baseline 0.015 -31"><span class='ocrx_word' id='word_1_436' title='bbox 197 3966 252 4015; x_wconf 83' lang='lat' dir='ltr'><strong>tede</strong></span> <span class='ocrx_word' id='word_1_437' title='bbox 271 3965 433 4026; x_wconf 79' lang='lat' dir='ltr'><strong>delSigoore‚</strong></span> <span class='ocrx_word' id='word_1_438' title='bbox 452 3971 556 4018; x_wconf 87' lang='lat' dir='ltr'><strong>erestiti</strong></span> <span class='ocrx_word' id='word_1_439' title='bbox 576 3973 600 4020; x_wconf 92' lang='lat' dir='ltr'><strong>di</strong></span> <span class='ocrx_word' id='word_1_440' title='bbox 619 3974 699 4034; x_wconf 82' lang='lat' dir='ltr'><strong>verita,</strong></span> <span class='ocrx_word' id='word_1_441' title='bbox 717 3991 765 4023; x_wconf 89' lang='lat' dir='ltr'><strong>non</strong></span> <span class='ocrx_word' id='word_1_442' title='bbox 800 3991 844 4039; x_wconf 85' lang='lat' dir='ltr'><strong>per</strong></span> <span class='ocrx_word' id='word_1_443' title='bbox 866 3991 893 4024; x_wconf 85' lang='lat' dir='ltr'><strong>se</strong></span> <span class='ocrx_word' id='word_1_444' title='bbox 915 3977 1047 4026; x_wconf 86' lang='lat' dir='ltr'><strong>medosimo</strong></span> <span class='ocrx_word' id='word_1_445' title='bbox 1071 3979 1138 4041; x_wconf 77' lang='lat' dir='ltr'><strong>poris</strong></span> <span class='ocrx_word' id='word_1_446' title='bbox 1170 3989 1246 4039; x_wconf 74' lang='lat' dir='ltr'><strong>tutto.</strong></span> <span class='ocrx_word' id='word_1_447' title='bbox 1276 3982 1367 4045; x_wconf 77' lang='lat' dir='ltr'><strong>percbd</strong></span> 
     </span>
     <span class='ocr_line' id='line_1_44' title="bbox 196 4031 1366 4111; baseline 0.015 -29"><span class='ocrx_word' id='word_1_448' title='bbox 196 4033 270 4082; x_wconf 79' lang='grc' dir='ltr'><strong><em>ίειιιο</em></strong></span> <span class='ocrx_word' id='word_1_449' title='bbox 282 4031 422 4094; x_wconf 63' lang='lat' dir='ltr'><strong>coturnis</strong></span> <span class='ocrx_word' id='word_1_450' title='bbox 441 4035 583 4098; x_wconf 82' lang='lat' dir='ltr'><strong>eonlspiriti</strong></span> <span class='ocrx_word' id='word_1_451' title='bbox 597 4040 621 4088; x_wconf 89' lang='lat' dir='ltr'><strong>di</strong></span> <span class='ocrx_word' id='word_1_452' title='bbox 640 4041 764 4101; x_wconf 74' lang='lat' dir='ltr'><strong>trigenis,</strong></span> <span class='ocrx_word' id='word_1_453' title='bbox 800 4043 866 4092; x_wconf 82' lang='lat' dir='ltr'><strong>vieno</strong></span> <span class='ocrx_word' id='word_1_454' title='bbox 886 4041 943 4092; x_wconf 71' lang='lat' dir='ltr'><strong>ortt</strong></span> <span class='ocrx_word' id='word_1_455' title='bbox 961 4044 1010 4092; x_wconf 84' lang='lat' dir='ltr'><strong>atto</strong></span> <span class='ocrx_word' id='word_1_456' title='bbox 1029 4045 1092 4094; x_wconf 72' lang='lat' dir='ltr'><strong>detta</strong></span> <span class='ocrx_word' id='word_1_457' title='bbox 1110 4055 1213 4111; x_wconf 84' lang='lat' dir='ltr'><strong>potenza</strong></span> <span class='ocrx_word' id='word_1_458' title='bbox 1226 4048 1292 4097; x_wconf 82' lang='lat' dir='ltr'><strong>detto</strong></span> <span class='ocrx_word' id='word_1_459' title='bbox 1309 4049 1366 4111; x_wconf 89' lang='lat' dir='ltr'><strong>Spi-</strong></span> 
     </span>
     <span class='ocr_line' id='line_1_45' title="bbox 196 4099 953 4169; baseline 0.016 -22"><span class='ocrx_word' id='word_1_460' title='bbox 196 4111 234 4147; x_wconf 86' lang='lat' dir='ltr'><strong>ma</strong></span> <span class='ocrx_word' id='word_1_461' title='bbox 253 4100 283 4148; x_wconf 87' lang='lat' dir='ltr'><strong>da</strong></span> <span class='ocrx_word' id='word_1_462' title='bbox 304 4099 351 4148; x_wconf 87' lang='lat' dir='ltr'><strong>essi</strong></span> <span class='ocrx_word' id='word_1_463' title='bbox 371 4100 516 4161; x_wconf 80' lang='lat' dir='ltr'><strong>diioggiano.</strong></span> <span class='ocrx_word' id='word_1_464' title='bbox 539 4104 624 4161; x_wconf 82' lang='lat' dir='ltr'><strong>eranti</strong></span> <span class='ocrx_word' id='word_1_465' title='bbox 643 4108 684 4169; x_wconf 90' lang='lat' dir='ltr'><strong>poi</strong></span> <span class='ocrx_word' id='word_1_466' title='bbox 702 4123 763 4157; x_wconf 87' lang='lat' dir='ltr'><strong>nono</strong></span> <span class='ocrx_word' id='word_1_467' title='bbox 797 4109 844 4159; x_wconf 91' lang='lat' dir='ltr'><strong>rito</strong></span> <span class='ocrx_word' id='word_1_468' title='bbox 865 4110 953 4160; x_wconf 86' lang='lat' dir='ltr'><strong>divino.</strong></span> 
     </span>
    </p>

    <p class='ocr_par' dir='ltr' id='par_1_9' title="bbox 198 4162 1367 4232">
     <span class='ocr_line' id='line_1_46' title="bbox 198 4162 1367 4232; baseline 0.015 -19"><span class='ocrx_word' id='word_1_469' title='bbox 198 4162 293 4225; x_wconf 62' lang='lat' dir='ltr'><strong>unna,</strong></span> <span class='ocrx_word' id='word_1_470' title='bbox 318 4166 374 4216; x_wconf 75' lang='lat' dir='ltr'><strong>odi</strong></span> <span class='ocrx_word' id='word_1_471' title='bbox 395 4168 491 4230; x_wconf 76' lang='grc' dir='ltr'><strong><em>ρυειισο</em></strong></span> <span class='ocrx_word' id='word_1_472' title='bbox 509 4169 533 4217; x_wconf 90' lang='lat' dir='ltr'><strong>in</strong></span> <span class='ocrx_word' id='word_1_473' title='bbox 552 4171 648 4232; x_wconf 73' lang='lat' dir='ltr'><strong>quondo</strong></span> <span class='ocrx_word' id='word_1_474' title='bbox 667 4182 763 4223; x_wconf 86' lang='lat' dir='ltr'><strong>mutano</strong></span> <span class='ocrx_word' id='word_1_475' title='bbox 848 4179 874 4232; x_wconf 86' lang='grc'><strong>5)</strong></span> <span class='ocrx_word' id='word_1_476' title='bbox 893 4178 1018 4228; x_wconf 79' lang='lat' dir='ltr'><strong>Fortasse:</strong></span> <span class='ocrx_word' id='word_1_477' title='bbox 1037 4182 1065 4228; x_wconf 83' lang='lat' dir='ltr'><strong>de</strong></span> <span class='ocrx_word' id='word_1_478' title='bbox 1085 4183 1148 4232; x_wconf 87' lang='lat' dir='ltr'><strong>otiis.</strong></span> <span class='ocrx_word' id='word_1_479' title='bbox 1164 4182 1222 4232; x_wconf 76' lang='lat' dir='ltr'><strong>Feli.</strong></span> <span class='ocrx_word' id='word_1_480' title='bbox 1248 4183 1367 4231; x_wconf 77' lang='lat' dir='ltr'><strong>turonic</strong></span> 
     </span>
    </p>
   </div>
   <div class='ocr_carea' id='block_1_8' title="bbox 67 4226 1365 4596">
    <p class='ocr_par' dir='ltr' id='par_1_10' title="bbox 67 4226 1365 4596">
     <span class='ocr_line' id='line_1_47' title="bbox 196 4233 952 4301; baseline 0.024 -24"><span class='ocrx_word' id='word_1_481' title='bbox 196 4238 322 4288; x_wconf 77' lang='lat' dir='ltr'><strong>centenis.</strong></span> <span class='ocrx_word' id='word_1_482' title='bbox 346 4233 361 4282; x_wconf 89' lang='lat' dir='ltr'><strong>ti</strong></span> <span class='ocrx_word' id='word_1_483' title='bbox 381 4235 523 4285; x_wconf 75' lang='lat' dir='ltr'><strong>consultano</strong></span> <span class='ocrx_word' id='word_1_484' title='bbox 542 4252 609 4286; x_wconf 82' lang='lat' dir='ltr'><strong>corne</strong></span> <span class='ocrx_word' id='word_1_485' title='bbox 627 4239 659 4299; x_wconf 80' lang='lat' dir='ltr'><strong>gii</strong></span> <span class='ocrx_word' id='word_1_486' title='bbox 678 4240 763 4301; x_wconf 67' lang='lat' dir='ltr'><strong>Etnici</strong></span> <span class='ocrx_word' id='word_1_487' title='bbox 799 4243 952 4295; x_wconf 84' lang='lat' dir='ltr'><strong>Gniiieeioiii.</strong></span> 
     </span>
     <span class='ocr_line' id='line_1_48' title="bbox 195 4295 1165 4371; baseline 0.021 -25"><span class='ocrx_word' id='word_1_488' title='bbox 195 4302 214 4339; x_wconf 67' lang='grc' dir='ltr'>θ</span> <span class='ocrx_word' id='word_1_489' title='bbox 226 4295 305 4349; x_wconf 64' lang='lat' dir='ltr'><strong>fiune</strong></span> <span class='ocrx_word' id='word_1_490' title='bbox 322 4301 413 4350; x_wconf 76' lang='lat' dir='ltr'><strong>rdossn</strong></span> <span class='ocrx_word' id='word_1_491' title='bbox 432 4302 455 4351; x_wconf 92' lang='lat' dir='ltr'><strong>di</strong></span> <span class='ocrx_word' id='word_1_492' title='bbox 468 4318 494 4352; x_wconf 86' lang='lat' dir='ltr'><strong>se</strong></span> <span class='ocrx_word' id='word_1_493' title='bbox 507 4318 538 4353; x_wconf 93' lang='lat' dir='ltr'><strong>nn</strong></span> <span class='ocrx_word' id='word_1_494' title='bbox 549 4305 638 4367; x_wconf 70' lang='lat' dir='ltr'><strong>grande</strong></span> <span class='ocrx_word' id='word_1_495' title='bbox 652 4314 761 4369; x_wconf 85' lang='lat' dir='ltr'><strong>peceato,</strong></span> <span class='ocrx_word' id='word_1_496' title='bbox 847 4312 873 4371; x_wconf 86' lang='grc'><strong>6)</strong></span> <span class='ocrx_word' id='word_1_497' title='bbox 890 4311 1031 4362; x_wconf 81' lang='lat' dir='ltr'><strong>Huiusmodi</strong></span> <span class='ocrx_word' id='word_1_498' title='bbox 1049 4329 1095 4363; x_wconf 90' lang='lat' dir='ltr'><strong>om.</strong></span> <span class='ocrx_word' id='word_1_499' title='bbox 1114 4317 1165 4366; x_wconf 81' lang='lat' dir='ltr'><strong>Vnt.</strong></span> 
     </span>
     <span class='ocr_line' id='line_1_49' title="bbox 67 4226 1365 4596; baseline 0.022 -188"><span class='ocrx_word' id='word_1_500' title='bbox 67 4226 313 4596; x_wconf 57' lang='grc' dir='ltr'><strong>Ἰωσῆ·</strong></span> <span class='ocrx_word' id='word_1_501' title='bbox 333 4383 346 4415; x_wconf 88' lang='grc' dir='ltr'><strong>ιι</strong></span> <span class='ocrx_word' id='word_1_502' title='bbox 363 4367 431 4418; x_wconf 85' lang='lat' dir='ltr'><strong>idoli.</strong></span> <span class='ocrx_word' id='word_1_503' title='bbox 849 4377 876 4440; x_wconf 86' lang='grc'><strong>7)</strong></span> <span class='ocrx_word' id='word_1_504' title='bbox 894 4380 1031 4430; x_wconf 73' lang='lat' dir='ltr'><strong>obserentur</strong></span> <span class='ocrx_word' id='word_1_505' title='bbox 1055 4397 1086 4431; x_wconf 75' lang='lat' dir='ltr'><strong>ec</strong></span> <span class='ocrx_word' id='word_1_506' title='bbox 1108 4384 1146 4433; x_wconf 75' lang='lat' dir='ltr'><strong>bis</strong></span> <span class='ocrx_word' id='word_1_507' title='bbox 1164 4399 1188 4449; x_wconf 92' lang='lat' dir='ltr'><strong>p.</strong></span> <span class='ocrx_word' id='word_1_508' title='bbox 1208 4386 1365 4436; x_wconf 68' lang='lat' dir='ltr'><strong>animantur</strong></span> 
     </span>
    </p>
   </div>
   <div class='ocr_carea' id='block_1_9' title="bbox 0 0 1448 4882">
    <p class='ocr_par' dir='ltr' id='par_1_11' title="bbox 0 0 1448 4882">
     <span class='ocr_line' id='line_1_50' title="bbox 0 0 1448 4882; baseline 0 0"><span class='ocrx_word' id='word_1_509' title='bbox 0 0 1448 4882; x_wconf 95' lang='lat' dir='ltr'><strong> </strong></span> 
     </span>
    </p>
   </div>
  </div>
 </body>
</html>
