2886 4882
297 242 435 300 HERMAE
459 244 597 301 PASTOR.
639 245 737 302 LIBER
765 246 810 301 111.
852 246 986 307 81Μ11ΙΤ.
1008 248 1029 306 1.
1049 245 1093 321 (Ι)
1219 246 1279 308 483

108 415 248 481 sperantes
279 408 312 463 de
343 412 395 464 rita
425 418 451 465 et
479 411 647 484 adponentes
677 410 784 467 delictis
806 413 903 468 vestris
928 408 1053 481 [delicta]
1077 417 1196 471 oneratis
1218 415 1279 472 reti·

108 509 191 563 qnam
227 499 334 563 tempus
375 494 443 547 vitae
480 502 593 549 vestrae.
645 493 709 548 Nam
741 496 764 549 si
794 496 827 550 ad
861 493 1002 550 dominnm
1040 499 1141 552 reversi
1172 498 1278 555 fueritis

107 575 231 630 exomni
258 576 346 630 animo
373 584 480 642 vestro,
517 584 544 631 ot
572 578 641 632 iuste
669 578 780 649 egeritis
811 585 936 633 caeteros
966 578 1023 633 dies
1059 577 1180 651 retiquae
1208 582 1277 638 vitoe

107 665 220 723 vestrae,
244 665 271 713 et
296 665 370 713 recto
393 658 417 712 ei
441 659 590 714 servieritis
612 660 763 715 secundum
784 659 858 714 illins
881 659 1056 727 voluntatem,
1081 660 1155 716 dabit
1174 664 1277 719 renium

107 740 244 813 prioribus
268 739 371 795 delictis
394 742 499 807 vostris,
522 749 550 796 et
570 741 704 797 habebitis
725 742 850 799 virtutem
866 742 1022 799 dominandi
1040 745 1066 798 in
1084 743 1154 799 facta
1171 744 1279 801 diaboli.

106 824 190 878 Minas
207 831 295 878 autem
318 824 440 879 eiusdem
453 823 552 879 diaboli
574 826 670 879 timere
691 825 792 892 notitc3
815 833 857 879 est
878 827 948 881 euim
973 834 1025 881 tam
1045 825 1177 894 infirmus,
1200 843 1279 898 quam

110 906 225 961 troruinis
248 906 347 961 mortui
370 908 453 961 nervi.
496 906 593 962 Audite
616 924 681 980 ergo
702 923 754 975 me,
778 915 804 961 et
827 908 919 963 timete
943 909 1096 976 Dominum,
1120 910 1166 982 qui
1188 916 1281 982 potest

108 998 135 1044 et
163 1006 271 1044 servare
300 996 325 1045 et
357 988 526 1061 disperdere.
570 988 708 1044 Custodite
732 990 822 1062 itaque
845 999 990 1064 praecepta
1013 991 1094 1060 haec,
1127 1000 1155 1047 et
1185 992 1278 1047 vivetis

109 1071 171 1127 Deo.
216 1071 279 1126 Dico
303 1071 353 1126 iiii:
386 1072 504 1138 domine,
532 1088 604 1127 nnuc
634 1073 800 1128 constitutus
821 1080 849 1127 et
878 1072 999 1130 firmatus
1022 1091 1082 1130 euru
1105 1075 1131 1130 in
1154 1073 1279 1131 omnibus

109 1154 154 1209 Dei
177 1154 395 1226 dignationibus,
417 1155 480 1226 quia
503 1163 531 1209 tu
554 1172 659 1210 meeum
683 1172 712 1210 es
724 1148 740 1220 ‚¹
771 1163 798 1210 et
819 1155 886 1222 scio,
909 1158 971 1228 quia
993 1159 1065 1213 vires
1088 1157 1189 1213 diaboli
1208 1173 1280 1213 com·

108 1239 226 1302 minues,
261 1245 288 1291 et
316 1237 454 1314 sic)illins
488 1237 687 1293 dominabimur
707 1246 734 1292 et
757 1239 896 1293 vincemus
917 1239 985 1295 facta
1010 1240 1090 1295 illins.
1135 1238 1167 1293 Et
1189 1256 1280 1313 spero,

109 1337 159 1386 ure,
183 1319 299 1387 domiue,
322 1320 372 1373 iarn
387 1336 470 1391 posse
493 1329 639 1392 praecepta
662 1321 721 1392 ista,
745 1337 814 1392 quae
837 1321 902 1375 uriiri
925 1322 1031 1388 dedisti,
1054 1331 1079 1378 te
1103 1322 1213 1378 domino
1235 1337 1282 1378 no·

108 1410 164 1456 stro
186 1419 228 1457 me
252 1400 429 1457 confirmante
459 1402 606 1457 custodire.
649 1402 681 1457 Et
701 1402 768 1457 dixit
788 1403 868 1457 mihi:
890 1398 1061 1472 J,custodics‚
1084 1406 1107 1459 si
1130 1422 1179 1460 cor
1204 1411 1279 1459 tuum

107 1485 235 1539 mundum
260 1494 288 1541 et
307 1484 421 1557 simplex
441 1484 475 1539 ad
496 1485 639 1540 domiuum
660 1484 756 1552 fuerit,
779 1492 807 1540 et
824 1501 935 1554 omnes,
958 1488 1004 1558 qui
1026 1487 1094 1542 tales
1117 1495 1211 1552 erunt,
1234 1502 1279 1542 en·

109 1568 244 1633 medient,
272 1559 311 1623 et²
335 1584 396 1622 curu
419 1565 451 1621 ab
473 1566 598 1622 omnibus
620 1567 694 1623 vanis
718 1567 861 1623 desideriis
885 1569 965 1624 huius
986 1569 1071 1625 seculi
1092 1569 1282 1625 mandaverint

109 1651 222 1705 animam
244 1667 328 1717 suam,
349 1650 438 1704 vivent
453 1641 531 1704 Deo.³

193 1858 344 1908 lauterunt
366 1857 589 1909 strttattuutrttts
608 1859 727 1920 DECEM,
754 1860 830 1918 QUAS
851 1859 955 1909 MECUM
975 1860 1114 1910 LOCUTUS
1131 1860 1197 1909 EST.

560 1984 719 2023 sturntruuo
743 1985 805 2022 tutat
811 1985 835 2023 d·

192 2076 229 2149 (a)
251 2076 329 2138 111111ι
360 2085 449 2157 itaque
476 2085 554 2139 mitri:
584 2085 668 2157 ,scitis
704 2083 777 2156 quod
808 2100 922 2157 peregre
945 2082 1070 2138 habitatis
1093 2100 1139 2138 vos
1173 2098 1278 2146 omues,

112 2165 259 2220 servidei.
303 2165 399 2221 Civitas
433 2168 504 2221 eninr
534 2174 622 2220 vestm
645 2166 725 2236 longe
749 2165 781 2219 ala
806 2166 856 2220 hac
879 2167 983 2220 civitate
1006 2165 1094 2236 posita
1116 2173 1165 2219 est.
1208 2164 1279 2237 Ergo

111 2247 134 2300 si
164 2249 249 2302 nostis
281 2246 429 2314 coloniam,
461 2249 487 2302 in
512 2264 564 2318 qna
584 2246 729 2301 habitaturi
752 2247 832 2312 estis,
862 2247 927 2317 qnid
950 2246 994 2299 hic
1014 2245 1102 2300 emitis
1126 2262 1223 2317 agros,
1253 2255 1281 2301 et

111 2331 277 2401 praeparatis
289 2329 411 2383 aedificia
424 2337 451 2384 et
472 2327 860 2401 trabitatiouessupervacuast
882 2327 954 2381 Haec
977 2325 1048 2380 enim
1066 2327 1111 2397 qni
1128 2317 1281 2398 comparat*

111 2412 137 2465 in
161 2411 212 2465 hac
233 2410 316 2476 urbe,
347 2427 399 2464 non
424 2409 524 2483 cogitat
548 2410 573 2462 in
597 2408 691 2463 urbem
714 2425 789 2463 suam
812 2407 910 2463 redire.
954 2405 1129 2462 aaronem
1153 2406 1233 2461 dubie
1256 2415 1282 2463 ct

112 2493 195 2547 miser
216 2493 313 2565 dromo,
337 2493 382 2563 qni
404 2509 458 2546 non
482 2490 624 2564 intelligis,
653 2491 720 2545 haec
743 2491 831 2545 omnia
855 2489 941 2543 aliena
963 2504 1023 2543 esse
1046 2496 1074 2542 et
1095 2486 1145 2542 suh
1168 2487 1281 2544 alterius

114 2583 248 2647 potestate
270 2573 348 2629 csse!
378 2574 447 2629 lticit
472 2574 542 2628 enim
566 2573 614 2628 tibi
638 2568 763 2627 domiuus
786 2571 868 2626 liuius
891 2569 965 2626 urbis
987 2577 1032 2624 ant
1053 2568 1094 2625 nis
1117 2569 1163 2641 qui
1180 2569 1282 2625 habent

112 2665 272 2729 potestatem
296 2657 415 2729 regionis
439 2657 534 2710 diarius:
563 2657 589 2710 in
612 2654 679 2710 urbe
702 2672 760 2710 mea
784 2653 846 2710 noio
877 2661 907 2708 ut
929 2653 1078 2719 consistes,
1112 2652 1160 2707 sed
1184 2652 1224 2706 exi
1248 2651 1281 2708 de

112 2756 151 2806 eo,
174 2740 310 2811 quianon
333 2756 412 2811 pares
436 2738 542 2811 legibus
565 2739 675 2794 uostris.
718 2739 758 2794 Tu
781 2737 870 2809 igitur,
892 2736 938 2808 qni
961 2734 1044 2790 trabes
1066 2750 1146 2806 agros
1169 2742 1196 2789 et
1210 2732 1283 2790 aedi·

115 2822 175 2877 troia
197 2822 319 2894 aliosque
343 2821 440 2876 inultos
464 2829 616 2894 apparatas,
640 2837 700 2875 cum
723 2819 866 2892 expelleris
889 2819 921 2873 alr
942 2835 985 2881 eo,
1007 2816 1072 2890 quid
1095 2816 1217 2871 facturus
1233 2816 1282 2873 est

113 2905 152 2959 Tu
176 2906 280 2977 itaque,
310 2905 355 2977 qni
376 2904 461 2959 hahes
484 2909 509 2958 in
534 2903 601 2959 iube
625 2911 668 2958 tua
690 2902 828 2976 propriam
851 2901 952 2973 legem,
985 2908 1099 2973 propter
1119 2915 1199 2972 agros
1222 2907 1283 2956 tuos

115 2994 339 3059 caeterarumque
362 3002 451 3042 reruni
473 2995 625 3059 apparatus,
648 2984 785 3040 descisces
807 3002 822 3039 a
844 2983 903 3055 iege
927 2992 978 3050 tua,
1001 2989 1028 3037 et
1045 2979 1154 3053 parebis
1177 2980 1283 3054 legibus

114 3069 193 3123 huius
217 3070 300 3124 irritis.
343 3069 408 3124 Vide
431 3085 505 3141 ergo,
529 3086 562 3124 ne
583 3069 619 3123 sit
641 3067 687 3122 tibi
710 3067 897 3140 pernitiosum,
921 3055 1088 3120 desciscere⁸
1111 3064 1206 3135 alege
1231 3071 1285 3118 toa.

114 3211 153 3221 —-
177 3181 302 3238 Μᾶλλον
326 3175 478 3257 popiano
499 3171 550 3238 τὸν
570 3171 680 3257 κύριον,
703 3170 755 3236 τὸν
775 3168 936 3253 δυνάμενον
957 3178 1048 3235 σῶσαι
1068 3170 1118 3234 καὶ
1139 3166 1286 3235 ἀπολέσαι.

165 3346 192 3406 t)
211 3346 235 3393 in
254 3345 303 3393 Vat.
316 3344 413 3408 irrepsit
433 3346 548 3393 domiuum
567 3352 621 3391 ante
638 3357 682 3390 me.
766 3338 793 3401 t)
812 3341 847 3388 hic
866 3338 917 3388 Pa).
935 3340 985 3388 Vat.

166 3413 191 3473 a)
209 3430 250 3461 eos
270 3427 316 3463 oni.
337 3413 387 3460 t'at.
770 3406 796 3468 5)
814 3409 839 3453 in
858 3409 946 3467 sopitat
964 3420 988 3468 p.
1007 3420 1051 3453 noa
1070 3407 1158 3467 sopitat
1177 3403 1227 3453 Vnt.

166 3480 192 3539 a)
211 3487 231 3527 et
250 3481 372 3529 custoditis
382 3479 492 3526 rrruudatn
505 3481 555 3525 cius
567 3482 587 3524 ct
599 3477 683 3524 cientis
768 3473 795 3534 6)
814 3480 834 3520 et
854 3489 901 3520 nou
920 3480 956 3520 cst
974 3472 997 3519 in
1016 3471 1065 3518 Vnt.

117 3550 159 3595 deo
180 3548 228 3595 Vat.
254 3547 335 3594 Martii.
358 3547 395 3603 ld,
415 3545 454 3593 28.
477 3545 533 3592 Luc.
555 3543 592 3602 12,
610 3543 633 3590 5.
765 3537 844 3603 ’1)116
866 3539 967 3586 Hermae
986 3536 1109 3594 doctrina,
1133 3537 1193 3585 douo
1212 3543 1285 3588 tem·

170 3615 211 3673 ta)
229 3615 295 3660 niodo
315 3614 408 3660 domine
427 3611 476 3658 Vat.
719 3608 778 3653 strio
796 3607 838 3654 sub
854 3610 970 3666 potestate
982 3603 1144 3661 Diodoticsse,
1159 3603 1202 3652 cir.
1216 3604 1285 3654 Sem-

172 3681 211 3739 11)
231 3681 342 3741 actoridem
358 3679 409 3725 Vat.
718 3673 754 3719 ior
772 3673 805 3732 tin
827 3673 990 3732 Baumgarten,
1010 3669 1083 3717 theod.
1102 3669 1183 3719 Streit.
1210 3669 1237 3720 T.
1256 3670 1284 3719 11.

170 3746 210 3806 12)
231 3746 392 3806 superabimus
418 3745 481 3804 Van,
511 3742 551 3805 qni
576 3741 621 3791 ina.
645 3744 684 3791 dcc
719 3754 742 3802 p.
765 3739 813 3800 ld.)
831 3738 859 3787 11.

117 3814 234 3861 mundata.
769 3805 796 3866 S)
815 3805 858 3851 11ὺὶ
878 3817 923 3852 om.
942 3802 992 3851 vat.

173 3880 212 3940 13)
230 3881 288 3926 niret
307 3876 356 3923 Vnt.
768 3873 796 3933 9)
815 3873 838 3917 ia
857 3871 973 3917 ciuitatem
990 3877 1054 3919 tuom
1070 3870 1121 3920 Vnt.

173 3948 198 4010 l)
216 3948 240 3994 ln
257 3945 306 3993 Vat.
326 3942 455 4006 epigraphe
474 3942 561 3990 rubra:
773 3938 815 4001 10)
836 3937 918 3990 Ouidsi
936 3937 985 3985 Vot.

271 4010 532 4090 Efdhaeiu'nsnflf'dada·
774 4037 832 4100 Cap.
850 4037 886 4085 111.
923 4035 948 4100 1)
965 4043 1000 4086 cst
1018 4043 1070 4086 orat
1087 4036 1111 4084 in
1130 4034 1180 4084 eat.

245 4080 361 4142 incipiunt
382 4077 557 4124 samalrtudures.
772 4105 799 4166 ,ἢ
817 4112 839 4154 a
859 4105 899 4167 qui
918 4105 968 4153 Pa).
1278 4100 1282 4107 .

291 4143 365 4192 Primo
385 4143 519 4191 similitudo.
988 4171 993 4181 .

171 4213 198 4276 2)
214 4216 339 4276 imperepre
356 4225 381 4273 p.
400 4212 424 4256 iu
440 4204 687 4270 pereprinotr'oneVnt.
770 4171 797 4235 3)
815 4172 841 4220 ¹¹¹
859 4171 909 4219 Μ·
927 4178 1035 4234 ⁸⁰q¹¹¹¹¹¹¹
1052 4167 1136 4217 ΜΕΝ·

122 4279 193 4328 Heln.
219 4281 263 4339 13,
290 4279 327 4328 11.
363 4276 454 4325 Laudat
488 4274 510 4321 h.
538 4272 552 4320 1.
579 4270 688 4320 Antioeh.
773 4269 909 4320 Similitudo
928 4271 944 4318 1.
989 4265 1014 4331 1)
1032 4267 1094 4316 nteit
1114 4265 1164 4315 Pu.

121 4347 185 4395 hom.
206 4346 244 4394 ta.
775 4337 801 4400 2)
820 4352 878 4400 punc
889 4339 1004 4399 comperet
1016 4348 1042 4396 p.
1055 4335 1095 4396 qui
1112 4336 1230 4397 comperet
1236 4324 1288 4385 211.

171 4412 197 4477 3)
216 4413 277 4460 enim
295 4425 341 4459 om.
359 4410 409 4460 vat.
771 4405 797 4468 3)
816 4405 931 4453 descisco:
948 4401 999 4451 Pal.

1010 4482 1115 4567 ..³tt„
