2886 4882
436 230 634 291 llAll‘l'YlllUll
659 231 686 288 S.
707 230 841 289 lGNATll.
870 232 890 292 l.
913 233 944 290 ll.
964 231 1010 291 lll.
1250 228 1305 295 351

166 489 338 542 ttthTttttt'tt
359 490 563 540 sacaosaa'clt
584 490 623 539 ET
643 489 785 540 utentem
805 488 952 540 llAllTl'lllS
970 488 1083 541 lCh'ATll
1102 492 1285 545 Ttthot‘ttoht.

219 613 237 667 1.
282 614 347 669 Cum
374 615 505 669 'lraiouus
543 615 705 687 sumpsisset
740 621 847 686 sceptra
880 612 1061 669 Remanomm
1097 615 1218 689 Imperii,
1252 627 1309 675 erat

136 696 322 754 Antiochense
348 697 481 754 ecclesiae
503 697 655 770 Episcopus
683 705 711 753 et
737 698 845 752 nemine
875 703 903 751 ct
923 712 953 752 re
976 696 1158 770 'lheephorus
1181 697 1309 772 Ignatius.

136 778 200 836 Nam
226 795 324 853 magne
353 780 462 852 quidem
484 780 563 835 l‘etro
595 779 718 835 succedit
739 780 862 846 Euodus,
883 777 974 833 Evodo
995 789 1084 836 antem
1107 779 1242 853 lgnatius,
1264 784 1308 838 cui

137 860 168 916 ht
188 870 217 919 et
235 879 342 918 morum
365 871 392 918 et
412 863 517 918 virtutis
547 863 702 919 aemulator.
747 861 815 917 lluie
838 862 1020 934 Theophoro,
1050 879 1110 917 eum
1133 871 1208 919 esset
1230 862 1308 936 plane

136 961 213 1016 puer,
234 946 311 1001 aiunt
332 946 468 1001 Christum
491 945 579 1001 adhue
602 954 753 1002 versantem
777 946 802 1000 in
822 944 941 1012 retunde,
971 947 996 1000 ei
1019 946 1191 1001 intemeratas
1212 962 1308 1002 manus

135 1028 316 1102 imposuisse,
338 1029 420 1084 etad
442 1027 572 1101 populum
594 1029 723 1084 intuendo
747 1028 863 1084 dixisse:
893 1027 958 1094 ,Nisi
979 1029 1040 1100 quis
1062 1029 1181 1101 seipsum
1203 1028 1308 1087 humili·

135 1111 220 1167 averit
247 1118 277 1168 ut
297 1110 342 1166 hic
364 1110 487 1184 puellus,
519 1129 572 1166 uon
605 1112 715 1168 iutrahit
744 1112 768 1166 in
792 1127 903 1185 regnum
929 1110 1081 1178 caelorum3
1109 1119 1136 1166 et
1158 1112 1204 1183 quii
1225 1128 1308 1168 unum

134 1209 166 1247 ex
186 1193 283 1250 talibus
306 1195 398 1268 pueris
421 1195 574 1265 susceperit
595 1194 620 1248 in
643 1195 753 1250 nomine
774 1210 845 1262 meo,
867 1210 910 1250 me
933 1191 1075 1267 suscipit3‘
1097 1192 1245 1266 qualisnam
1269 1193 1308 1251 lu-

135 1283 210 1333 turus
232 1286 308 1333 esset
327 1284 415 1332 aetate
438 1275 723 1350 preficienslgnatius
746 1277 808 1333 hine
824 1275 973 1334 osteudens
994 1284 1022 1333 et
1036 1275 1215 1350 apostolicam
1237 1276 1309 1333 illius

135 1358 284 1416 doctrinam
306 1367 399 1433 aperte
421 1360 552 1415 indicans.

217 1530 248 1588 ll.
291 1532 339 1588 llic
364 1549 430 1605 ergo
453 1532 558 1589 divinus
581 1532 700 1605 Ignatius
722 1530 802 1587 siurul
824 1548 884 1588 cum
906 1531 1065 1605 l‘olyearpe,
1088 1532 1135 1603 qui
1149 1530 1309 1605 smyrnensi

133 1614 250 1688 praefuit
271 1615 422 1683 ecclesiae,
453 1615 483 1671 lit
504 1615 654 1688 discipulus
679 1613 786 1670 loannis
809 1612 1009 1687 Evangelistae3
1041 1622 1067 1670 ct
1094 1630 1155 1670 curn
1183 1615 1216 1671 ad
1244 1632 1307 1673 eum

134 1698 224 1755 solum
245 1699 405 1755 ventitasset
433 1707 514 1771 atque
543 1715 649 1754 omnem
679 1697 784 1753 virtutis
806 1698 927 1770 speciem
950 1705 977 1753 et
998 1714 1056 1754 eam
1078 1697 1206 1765 maxime,
1238 1714 1307 1770 quae

135 1781 213 1837 decet
234 1781 421 1848 sacerdotem,
450 1781 594 1854 diiigenter
616 1781 796 1848 exercuisset,
823 1780 954 1837 sacerdos
985 1779 1084 1836 deiude
1106 1780 1215 1853 eligitur
1235 1797 1308 1837 cem·

134 1863 206 1920 muni
228 1865 362 1920 sententia
384 1865 503 1920 omnium
525 1865 604 1920 simul
626 1863 834 1939 Apostolorum,
857 1870 885 1920 et
905 1863 1093 1919 Autioeheuus
1115 1872 1224 1920 creatur
1245 1862 1307 1939 lipi-

134 1961 242 2020 scopus.
285 1946 350 2002 Cum
372 1956 460 2003 autem
482 1948 676 2020 assumpsisset
696 1946 855 2014 ecclesiam,
883 1954 913 2004 et
932 1947 1016 2002 multe
1037 1946 1138 2002 sudore
1160 1963 1192 2002 ae
1213 1946 1307 2005 labore

135 2028 160 2083 in
181 2045 213 2086 ea
233 2029 395 2086 seminasset
415 2032 590 2103 praeconium
613 2031 734 2105 pietatis,
764 2039 790 2086 et
817 2030 903 2086 zelum
932 2046 982 2102 per
1009 2028 1098 2085 emnia
1118 2028 1307 2102 'apostolicum

134 2110 338 2184 doctrinamque
358 2113 524 2169 ostendisset
545 2131 577 2170 ac
599 2114 748 2170 exstitisset
774 2113 913 2186 perlectus
942 2113 1067 2168 minister
1088 2111 1187 2167 Christi
1208 2120 1307 2186 myste-

133 2195 243 2262 riorum,
266 2193 298 2249 lit
319 2211 428 2268 queque
451 2203 545 2267 postea
559 2204 669 2270 martyr,
690 2194 786 2252 hestiis
804 2202 917 2269 propter
940 2195 1013 2251 illurn
1029 2193 1153 2263 traditus,
1174 2202 1204 2250 ut
1224 2195 1306 2268 paulo

133 2275 209 2333 altius
231 2283 361 2351 repetens
383 2277 531 2335 declarabit
555 2280 650 2336 oratio.

213 2451 257 2507 lll.
301 2452 415 2508 Traiane
446 2454 516 2509 enim
539 2452 720 2509 homanorum
743 2450 917 2524 lmpcratori,
947 2450 1058 2508 victoria
1081 2449 1216 2523 quamde
1240 2449 1304 2527 Scy·

135 2534 188 2590 this
208 2533 341 2590 habuerat
361 2534 447 2604 elato,
478 2553 529 2592 uec
561 2535 705 2594 sustinenti
738 2550 813 2589 suam
841 2533 984 2608 hucusque
1015 2535 1112 2590 sistere
1140 2530 1321 2602 felicitatem,

132 2618 180 2673 scd
203 2617 304 2673 volenti
327 2634 384 2673 eam
408 2618 522 2675 ulterius
544 2618 699 2692 producere
722 2624 749 2673 ct
771 2616 952 2674 Romanorum
974 2617 1088 2691 imperio
1111 2615 1211 2672 multos
1235 2615 1303 2671 alies

132 2700 306 2773 subiungere,
329 2701 457 2757 adversus
480 2701 662 2770 Christianos,
686 2717 734 2756 seu
755 2700 884 2757 adversus
907 2701 1047 2775 pietatem,
1069 2699 1170 2756 bellum
1193 2699 1218 2754 ei
1242 2704 1303 2757 ante

132 2782 182 2838 alia
203 2783 289 2839 visum
311 2790 353 2839 est
381 2786 510 2858 optimum
539 2802 600 2842 esse
622 2801 653 2842 ac
683 2783 821 2857 expedire.
864 2783 930 2840 Nam
953 2784 998 2841 illo
1022 2783 1130 2856 quidem
1154 2782 1236 2838 mede
1257 2799 1305 2856 pu·

133 2865 204 2921 tabat
236 2882 266 2921 sc
289 2868 334 2922 uni
356 2868 489 2940 prodesse
505 2867 693 2942 lleipuhlicae3
715 2868 755 2923 sie
776 2882 886 2940 quoque
902 2867 970 2923 lleos
992 2884 1058 2923 sues
1080 2866 1179 2934 celere,
1202 2880 1306 2939 eosque

131 2947 275 3015 inducere,
306 2957 336 3004 ut
358 2967 438 3023 opem
460 2950 548 3007 lerant
569 2952 699 3008 adversus
719 2950 822 3006 hostes.
866 2951 977 3006 Gravern
1000 2951 1090 3022 itaque
1112 2965 1144 3005 ae
1166 2948 1304 3005 difficilem

131 3032 351 3104 persecutionem
374 3032 455 3088 insert
477 3034 606 3090 adversus
635 3035 706 3107 piam
735 3031 831 3101 tidem,
862 3040 889 3090 et
910 3033 1040 3107 proponit
1061 3032 1150 3088 edicta
1167 3046 1217 3104 per
1245 3031 1303 3086 uui·

131 3129 234 3169 versam
256 3121 364 3183 terram,
388 3133 457 3188 quine
478 3117 537 3172 eius
559 3116 673 3192 pareliat
694 3117 818 3188 irnperio,
840 3117 878 3172 uti
901 3124 946 3172 aut
967 3124 1062 3172 essent
1082 3131 1141 3170 eum
1165 3128 1304 3168 eeomnes

131 3196 276 3270 impietatis
307 3199 467 3272 participes,
497 3207 543 3255 aut
568 3200 656 3256 adhuc
684 3207 824 3254 monentes
850 3197 994 3255 Christiani
1023 3196 1198 3253 allicerentur
1224 3196 1306 3253 variis

131 3278 274 3352 suppliciis
295 3286 322 3336 et
344 3281 450 3337 acerbis
472 3282 616 3338 mortihus.
660 3281 831 3353 Contigerat,
859 3289 889 3337 ut
910 3289 982 3338 tuno
997 3282 1126 3338 Traianus
1148 3286 1306 3339 versaretur

130 3361 303 3429 Antiochiae,
338 3371 432 3437 utpote
463 3364 508 3438 qui
537 3373 610 3421 esset
638 3363 839 3436 expeditionem
867 3372 1045 3438 suscepturus
1074 3372 1168 3420 eontra
1194 3363 1304 3433 Persas,

130 3450 158 3498 et
177 3443 277 3500 bellum
307 3445 343 3501 ihi
367 3456 482 3520 pararet.
525 3447 576 3503 llic
603 3464 669 3520 ergo
699 3447 724 3501 ei
753 3445 786 3503 dc
809 3446 973 3521 'lheephore
1001 3446 1171 3521 significatur
1192 3444 1304 3520 Ignatie,

131 3527 204 3598 quod
228 3533 255 3582 et
274 3526 432 3600 religionem
456 3537 561 3586 teneret
584 3530 769 3596 Christianam,
793 3536 820 3585 et
840 3528 996 3586 hominihus
1019 3529 1206 3602 persuaderet,
1229 3529 1304 3588 Chri·

131 3617 201 3665 stum
225 3619 360 3684 tamquam
382 3613 452 3668 Deos
475 3613 658 3677 honorarent,
680 3611 763 3686 idque
786 3629 848 3668 cum
871 3611 968 3667 luisset
990 3628 1004 3666 a
1026 3611 1111 3668 Pilato
1135 3629 1216 3669 cruce
1239 3627 1303 3669 cou-

129 3690 271 3748 demnatus
295 3700 322 3749 et
343 3704 445 3766 morte,
475 3703 505 3752 ut
525 3695 626 3768 docent
647 3695 705 3752 citas
727 3696 806 3763 Aeta,
836 3703 862 3752 et
891 3694 976 3751 lerrct
1006 3694 1096 3769 legem
1119 3695 1152 3752 de
1174 3694 1305 3754 servanda

133 3839 341 3855 -ῄ--η-

183 3923 210 3985 5)
229 3921 390 3975 παιδίον).
416 3922 464 3970 cn.
484 3921 563 3971 llattlr.
582 3921 621 3980 18,
639 3923 662 3971 5.
786 3918 815 3981 3)
834 3919 913 3983 ζῆλον
931 3920 977 3970 κα)
994 3919 1225 3985 διδασκαλίανρ
1242 3919 1304 3985 βίον

182 3990 209 4051 6)
230 3988 437 4070 napodpldvh
735 3988 803 4037 AEN
823 3995 846 4036 et
863 4002 912 4036 sar
930 3988 984 4039 lect.
1002 4005 1040 4053 ap.
1060 3990 1113 4039 Cot.

183 4056 211 4120 7)
230 4057 264 4105 Al.
284 4058 384 4125 σαφως
407 4057 455 4107 Cot.
788 4052 815 4117 A)
832 4054 858 4103 ln
882 4054 913 4105 al.
931 4050 986 4122 ἤδη
1006 4056 1074 4109 deest
1092 4065 1153 4107 teste
1171 4055 1224 4105 Cet.
1254 4055 1301 4103 Su-

734 4121 807 4171 hinde
825 4117 876 4173 τὸν
893 4124 966 4175 erat'
960 4140 985 4174 m
1002 4126 1028 4175 A

182 4190 239 4253 Cap.
258 4191 286 4240 ll.
324 4188 349 4248 1)
368 4188 402 4239 Al.
421 4188 514 4253 πολλῷ
535 4187 581 4238 Cot
786 4187 843 4251 Cap.
861 4189 899 4239 ΠΙ.
939 4190 964 4253 1)
981 4190 1041 4241 [ledi
1060 4181 1301 4265 laeetana-josiam

180 4256 207 4319 2)
215 4204 257 4308 ptr
276 4257 362 4307 emll.
392 4255 502 4306 lleudnm
493 4205 700 4318 natanaelem
736 4272 756 4306 c.
774 4257 806 4313 A,
829 4256 853 4303 in
858 4271 920 4331 'quo
939 4256 1016 4336 prius
1025 4253 1144 4313 ἐκεῖνος,
1168 4263 1194 4307 ut
1211 4255 1235 4304 iu
1254 4254 1300 4306 EN

130 4323 243 4372 editionis
267 4323 329 4372 Cler.
354 4339 374 4372 a.
400 4324 472 4374 llll.
499 4319 596 4383 repetiit
618 4319 701 4372 Peter·
737 4322 811 4384 vulp,
830 4316 965 4402 ουίωςΝ,
984 4338 1064 4379 ουτος
1082 4321 1101 4369 E
1120 4321 1183 4384 surlg

129 4405 239 4440 manuus.
788 4389 816 4452 2)
835 4383 908 4440 θεόν
923 4403 972 4445 rar
992 4388 1048 4442 leet
1069 4401 1110 4452 ap.
1129 4387 1183 4445 Cot,
