2886 4882
454 226 628 285 nonnette
650 226 819 286 trtsrom.
852 230 919 287 11111.
940 230 1005 288 xlv.
1280 234 1320 297 33

169 392 265 465 nepus
287 391 409 449 adduxit
434 409 496 450 eum
518 394 552 450 ad
574 410 681 451 manum
705 395 841 452 dexteram
865 399 1014 471 patrissui
1038 400 1137 458 lacobi.
1180 403 1251 460 Vidit
1272 423 1318 461 an·

142 474 307 549 ‘aspiritu
339 477 464 533 lacobus
494 476 606 550 figuram
628 478 719 552 populi
741 480 856 534 venturi.
898 480 931 535 Et
952 482 1017 553 quid
1043 494 1134 542 narrat
1162 488 1317 561 scripturat

141 558 509 615 demonstremus
536 577 632 616 manus
660 578 737 630 suas,
769 570 797 617 et
820 556 979 635 [dexteram]
1009 569 1099 638 posuit
1124 586 1207 642 snper
1235 580 1317 645 eaput

143 641 282 713 lplniuii,
310 644 437 699 minoris
466 659 497 698 ae
520 644 650 711 iunioris,
680 653 707 701 et
728 644 866 702 benedixit
887 646 932 702 illi.
974 647 1096 720 Dixitque
1119 650 1250 724 losepbus
1281 653 1315 710 ad

163 723 274 781 aeui:
298 724 441 794 ,meter
461 725 596 782 dexteram
619 734 691 782 tuum
712 745 795 801 super
816 737 897 802 caput
918 728 1058 799 Manassis,
1081 733 1143 805 quia
1165 736 1315 805 primitivus

162 809 204 863 h
230 826 315 865 meus
349 804 414 866 est‘
456 807 489 864 Et
515 809 659 883 respondit
681 810 793 866 lacobus
818 813 949 885 losepbo:
982 815 1066 880 ‚scio,
1087 813 1140 881 lili,
1162 816 1237 885 scio;
1266 819 1315 875 sed

162 892 217 948 rior
234 892 350 948 serviet
370 892 488 965 minori,
520 890 700 949 benedicetur
720 902 808 950 autem
829 895 910 951 etiam
931 892 995 952 ille‘
1036 898 1170 971 Aspicite,
1202 898 1235 955 de
1257 901 1314 972 qui·

161 992 241 1032 mu
261 975 407 1044 voluerit,
440 991 503 1032 esse
532 975 605 1031 buno
634 977 750 1048 primum
780 978 911 1051 populum
940 987 967 1034 et
988 982 1140 1036 testamenti
1161 981 1314 1039 haeredem.

159 1056 244 1133 bergo
265 1059 366 1116 adbuc
390 1066 418 1115 et
439 1075 489 1132 per
509 1057 689 1114 Abrabammn
711 1060 827 1134 populns
850 1062 894 1118 ille
916 1071 1142 1119 commemoratus
1164 1073 1220 1132 est,
1249 1072 1313 1120 tuno

158 1144 241 1198 ruina
271 1150 378 1199 nostra
405 1142 440 1197 ad
475 1141 672 1215 perfectionem
701 1151 744 1198 est
772 1144 890 1200 redacta.
932 1145 1001 1213 Quid
1039 1148 1120 1220 igitur
1147 1146 1213 1203 dicit
1241 1147 1312 1204 [teus

159 1226 298 1294 trebenno,
332 1242 399 1281 cnm
426 1223 495 1297 tides
523 1226 550 1281 iu
579 1225 706 1281 iustitiam
736 1227 761 1282 ei
783 1227 910 1284 attributa
939 1228 1038 1286 lueritl
1080 1229 1160 1298 ,Eece
1184 1232 1264 1304 posui
1286 1239 1313 1288 te

157 1318 228 1371 utrm
243 1309 387 1384 gentium,
410 1324 479 1382 quae
501 1309 528 1364 in
549 1309 691 1383 praeputio
714 1310 831 1367 eredunt
850 1309 980 1367 Domino}

152 1506 192 1563 lll.
234 1509 464 1575 Testamentum,
495 1511 569 1582 qnod
590 1508 679 1567 diores
701 1513 819 1584 occepit,
837 1519 987 1585 posteaque
1014 1515 1154 1581 contrivit,
1176 1514 1314 1575 Dominttt

440 1626 492 1682 per
511 1608 604 1666 lesum
626 1609 762 1666 obrutum
782 1611 841 1666 tom
862 1613 1013 1670 renovavit.

206 1760 246 1815 lta
271 1775 356 1815 sane.
401 1755 456 1815 Sed
477 1760 648 1832 quaerimus,
671 1776 704 1814 an
727 1759 833 1816 dederit
854 1760 981 1816 Dominus
1005 1770 1210 1832 testamentum,
1238 1765 1312 1837 quod

145 1840 247 1913 urbibus
280 1843 387 1899 iurauit
408 1858 438 1898 se
459 1842 560 1915 populo
591 1843 723 1899 daturum.
765 1843 844 1900 Dedit
864 1843 987 1916 quidem;
1017 1862 1109 1903 verum
1138 1847 1176 1903 illi
1197 1858 1311 1922 propter

144 1935 236 1995 penta
268 1941 324 1981 sua
355 1924 461 1998 indigni
492 1924 599 1982 inerant
627 1926 673 1998 qui
703 1926 867 2000 acciperent.
909 1926 978 1984 Dicit
1005 1931 1076 1985 enim
1099 1931 1243 2005 propbeta:
1273 1940 1311 1999 ,et

141 2007 212 2065 letes
236 2010 268 2064 in
292 2014 394 2064 monte
417 2007 482 2063 Sina
501 2009 628 2064 ieiunarit
650 2010 826 2082 quadraginta
850 2009 948 2067 diebus
976 2020 1003 2068 et
1024 2013 1201 2088 qnadraginta
1224 2017 1308 2072 noeti·

139 2090 181 2160 lus,
203 2099 237 2148 ut
260 2097 462 2146 testamentum
475 2090 579 2147 donnini
602 2090 636 2146 ad
658 2091 786 2165 populum
802 2091 956 2167 acciperet!
998 2095 1031 2150 Et
1046 2097 1179 2170 accepite
1195 2096 1308 2155 Domino

137 2172 190 2230 lus
210 2173 332 2230 tabulas
355 2173 471 2246 scriptas
494 2173 577 2247 digito
599 2191 696 2230 manus
717 2175 829 2243 bomini,
851 2175 877 2231 in
900 2177 1014 2250 spiritu,
1038 2186 1194 2252 sumtasqne
1218 2176 1308 2237 Moses

135 2256 269 2314 deferebat
294 2256 334 2313 ad
359 2256 488 2331 populum
510 2264 540 2312 ut
561 2257 691 2313 traderet.
733 2257 765 2313 Et
781 2258 846 2313 dixit
861 2258 990 2314 Dominus
1013 2260 1047 2315 ad
1070 2259 1177 2317 bloscn:
1201 2260 1309 2330 ,doses

133 2337 232 2407 loces,
256 2337 405 2395 descende
436 2337 576 2410 celeriter,
607 2341 699 2413 inique
729 2340 800 2396 enim
822 2358 851 2394 se
874 2342 958 2412 gessit
978 2341 1097 2415 populus
1120 2350 1198 2409 tuns,
1228 2361 1309 2415 quem

132 2421 263 2479 deterre
288 2422 409 2495 Aegypti
438 2419 571 2479 eduxisti!
620 2422 806 2493 intellexitque
837 2422 926 2476 lloses
962 2423 1036 2494 quod
1065 2424 1162 2478 iterum
1190 2423 1311 2481 tererent

130 2505 279 2580 margines,
313 2514 343 2560 et
364 2505 482 2578 proiecit
502 2504 535 2561 de
557 2505 680 2562 manibus
703 2502 821 2571 tabulas,
851 2503 1036 2576 contritaeque
1060 2510 1123 2559 sunt
1144 2502 1249 2560 tabulae
1273 2512 1310 2560 te·

129 2589 257 2646 mmenti
285 2585 424 2644 dominici.
466 2590 578 2663 Accepit
599 2590 689 2661 itaque
711 2586 800 2642 lloses
822 2593 1032 2655 testamentum;
1060 2586 1113 2658 ipsi
1142 2601 1206 2641 nero
1236 2586 1310 2659 digni

129 2687 177 2728 ron
200 2672 336 2728 luerunt.
377 2670 519 2738 Quomodo
540 2679 629 2729 antem
644 2687 694 2727 nos
718 2669 744 2725 id
759 2667 955 2742 acceperimus,
979 2668 1082 2725 discite.
1126 2669 1225 2738 lloses,
1248 2685 1312 2727 eum

130 2762 200 2811 esset
222 2752 359 2821 taurulus,
381 2752 447 2811 illud
468 2754 590 2828 aceepit3
618 2752 696 2810 nobis
719 2760 808 2809 antem
831 2752 890 2827 ipse
911 2752 1041 2810 Dominus
1064 2752 1171 2821 tribuit,
1201 2768 1262 2809 esse
1281 2754 1311 2809 in¹

84 2828 86 2837 ’
128 2836 268 2913 populum
290 2836 477 2906 haereditatis,
499 2854 549 2911 pro
571 2837 651 2893 nobis
673 2853 778 2910 passus.
821 2837 954 2909 Apparuit
973 2852 1048 2903 nero,
1072 2843 1102 2892 ut
1125 2844 1180 2892 tum
1195 2834 1231 2891 illi
1256 2828 1309 2908 [lu-

129 2914 202 2994 daei]
228 2920 263 2977 in
285 2919 408 2993 peccatis
430 2927 700 2988 consummarentur,
729 2928 784 2975 tum
814 2935 865 2974 nos
895 2936 945 2992 per
971 2921 1061 2993 ipsum
1089 2918 1222 2975 haeredes
1245 2918 1308 2975 iacti

128 3001 237 3061 bomini
257 3002 324 3059 lesu
345 3009 532 3059 testamentum
548 3003 745 3077 acciperemus,
767 3002 814 3075 qui
829 3002 979 3058 destinatus
996 3011 1062 3070 erat,
1081 3009 1111 3057 nt
1132 3001 1191 3074 ipse
1210 3001 1237 3057 in
1256 3009 1309 3058 ter·

129 3087 167 3143 ris
185 3101 332 3161 apparens
347 3085 508 3159 praecordia
520 3094 622 3154 nostra,
645 3085 695 3141 iam
709 3102 724 3140 a
738 3093 824 3141 morte
847 3093 964 3140 assumta
987 3092 1014 3140 et
1035 3083 1133 3141 tradita
1147 3085 1250 3141 erroris
1272 3084 1310 3138 in·

132 3248 173 3297 lx.
203 3248 223 3296 t*
258 3248 353 3310 tirgnlu
387 3245 474 3296 ibidem
507 3245 619 3308 distingui
650 3244 708 3294 mibi
796 3242 838 3306 11))
857 3243 905 3293 Ctr.
924 3243 997 3293 llebr.
1013 3244 1037 3303 3,
1056 3245 1079 3293 5.

131 3321 255 3365 aurunt
795 3311 836 3374 11)
855 3308 952 3375 [eluat]
972 3311 1093 3374 supplerit
1110 3311 1166 3359 ltav.

181 3381 215 3446 2)
236 3377 346 3433 δέδωκε
369 3380 416 3432 BC
441 3397 462 3431 c.
485 3381 547 3444 unlg.
588 3380 709 3431 suadente
797 3379 838 3442 12)
857 3375 1111 3446 δίὴμᾶςΒΰΡΟ.
1135 3376 1226 3429 Eodem
1238 3391 1309 3442 spee-

132 3447 165 3499 lo.
176 3450 259 3499 nram
277 3450 365 3499 retinui
383 3449 518 3518 ζητοῦμεν
535 3466 555 3497 e.
575 3448 592 3496 ll
605 3447 622 3495 C
633 3448 649 3496 l'
661 3448 709 3496 Oll
740 3455 774 3496 tat
786 3442 816 3519 dt
826 3449 856 3497 11
867 3442 940 3513 ὑμᾶς
958 3444 1016 3507 (sic)
1027 3445 1051 3494 in
1062 3446 1087 3503 l',
1103 3441 1151 3494 did
1162 3441 1236 3512 ἡμᾶς
1247 3447 1309 3508 vulg.

134 3518 194 3567 len.
214 3523 240 3565 et
249 3516 328 3577 loss,
349 3517 474 3586 ζητῶμεν
491 3518 547 3567 [lav.
562 3530 590 3565 ex
608 3515 651 3564 lm.
664 3521 709 3564 ret.
794 3514 835 3576 to)
853 3514 887 3563 lta
905 3528 988 3575 margo
1008 3511 1072 3572 Cot,
1096 3510 1176 3579 ἡμεῖς
1193 3509 1242 3562 διὰ
1260 3517 1310 3565 τοῦ

184 3584 216 3644 3)
234 3583 312 3634 Ειοά.
331 3584 372 3645 24,
393 3584 430 3634 18.
448 3584 499 3633 tid.
518 3598 592 3646 supra
613 3599 633 3632 c.
651 3583 675 3631 1.
740 3580 976 3649 κληρουομυῡντος
994 3573 1134 3643 διαθήκην
1152 3580 1248 3647 κυρίου
1267 3583 1311 3646 1η-

183 3651 215 3713 t)
262 3645 593 3716 'B(bicetmoxintcxtu)
611 3648 629 3698 C
649 3650 709 3700 bien.
743 3650 793 3699 σοῦ
812 3643 1310 3716 Coldium,dadrodxtqponopcoiin·

185 3720 217 3780 5)
272 3719 370 3781 oddl,
391 3718 430 3769 18.
743 3732 789 3772 τος
811 3712 861 3777 τὴν
885 3712 926 3774 (ad
950 3716 1027 3776 oraru)
1049 3708 1190 3778 διαθήκην
1215 3717 1311 3776 κυρίου

186 3786 216 3845 bt
242 3780 386 3855 πνεύματι
414 3786 564 3835 desideratur
586 3799 624 3847 ap.
649 3786 708 3833 bien.
739 3781 830 3846 Ἰησοῦ
849 3781 874 3830 11.
909 3781 1016 3831 Subinde
1034 3775 1154 3848 λάβωμεν
1171 3783 1196 3831 ll.

136 3860 160 3901 et
179 3852 206 3900 in
227 3852 255 3911 C,
273 3853 313 3902 nbi
333 3861 411 3903 tamen
429 3852 537 3901 lacunam
557 3852 708 3901 amanuensis
798 3850 839 3911 11)
858 3848 916 3897 lleic
933 3850 956 3898 in
971 3850 1025 3898 llos,
1043 3856 1067 3898 et
1079 3848 1230 3897 Editionibns
1247 3847 1310 3895 mele

137 3919 262 3969 adnotavit
277 3920 302 3969 in
319 3936 393 3982 marg.
742 3916 888 3979 trnnsposita
910 3916 1026 3978 leguntur,
1045 3931 1106 3979 qnae
1124 3916 1185 3964 intra
1196 3914 1264 3964 uncis
1283 3913 1310 3976 ()

187 3987 215 4050 t)
235 3988 301 4049 Lego
319 3982 465 4057 ἠνόμησακ
484 3987 533 4036 nl}
552 3988 628 4046 Voss,
646 3981 709 4050 ἠυό-
741 3983 833 4033 incluso
849 3991 896 4032 eta
912 3984 989 4042 nobis,
1009 3982 1152 4032 dnueteteri
1171 3983 1310 4041 interprete,

136 4065 227 4122 μησεν
253 4054 361 4105 Bt’ov
384 4070 404 4103 c.
423 4054 481 4104 Lxx
504 4062 528 4103 et
550 4054 612 4117 vulg.
649 4054 709 4104 batn
742 4052 798 4100 loeo
824 4066 869 4099 sno
890 4051 1000 4100 restituta
1026 4057 1088 4098 srrnt.
1131 4050 1178 4097 Clr.
1201 4044 1310 4094 libellum

139 4123 250 4254 vicepro
262 4121 351 4203 γῇςΙΒ.
381 4121 455 4238 111οὲ.
461 4120 544 4237 gavi.
562 4123 630 4237 Deip.
640 4121 709 4237 {nidd
741 4132 833 4234 melpm:
852 4116 1111 4236 anogonplsscbreiben
1130 4115 1173 4164 des
1192 4113 1234 4174 Ap,
1253 4112 1311 4162 lter-

257 4205 322 4242 οκευ
346 4204 401 4238 uro
525 4223 531 4247 ,
571 4204 601 4237 uo
643 4204 667 4236 rn
742 4203 771 4235 na
790 4202 824 4246 as,
842 4200 865 4249 p.
934 4223 939 4235 .
987 4221 993 4234 .

138 4269 199 4306 mre
220 4208 268 4307 κέυ,
287 4205 388 4307 munitam
405 4254 430 4304 in
465 4204 598 4324 ovsdpgn
794 4253 835 4315 15)
853 4269 888 4302 κα
907 4249 972 4308 δίας
990 4267 1017 4300 ex
1034 4251 1077 4299 lnt.
1097 4255 1142 4296 vct.
1159 4247 1309 4309 praecordio.

188 4323 218 4389 9)
235 4321 267 4375 δὲ
288 4272 467 4373 υΒΕΡΟ1
485 4323 566 4386 Voss.;
586 4323 654 4374 deest
671 4337 709 4387 ap.
742 4321 840 4377 κακίας
858 4270 967 4369 11101
986 4318 1046 4366 Men.
1068 4315 1136 4362 Voss.

138 4389 199 4441 Ιυυ.
218 4400 242 4442 et
260 4391 333 4442 alios.
795 4388 837 4449 16)
854 4380 1098 4455 παραδεδωμίκας
1115 4381 1132 4430 Β
1152 4378 1247 4447 (supra)
1259 4377 1311 4429 OV.

206 4474 300 4526 Purrrs
319 4485 405 4524 aroer.
1089 4466 1104 4517 3
