2886 4882
284 214 418 277 lfflffl
437 214 603 277 mmm
623 217 667 276 tlt
688 214 1030 277 ruttlnntrtttttttsus.
1053 216 1152 324 ⁴Ml.
1246 212 1309 277 289

206 414 241 472 Χ.
286 416 425 487 Quonim
445 419 597 477 amandum
618 421 771 479 oranooem
793 428 908 477 vennam
930 428 958 476 et
979 420 1094 488 viscera,
1116 433 1185 491 qnae
1201 416 1307 474 habetis

136 498 295 557 influmine
317 498 398 570 lesu,
424 503 616 560 annunciatum
642 512 686 561 est
714 503 779 560 mihi
811 502 958 577 pacificare
976 502 1139 570 Ecclesiam,
1169 517 1240 575 quae
1268 510 1309 559 est

135 582 325 641 'uhtioehin
347 579 459 660 Syriae,
487 578 577 644 ‹lecet'
598 602 657 655 ros,
690 592 818 660 tanquam
840 584 990 642 Ecclesiam
1012 585 1073 651 llei,
1100 585 1228 641 orilinare
1249 583 1309 658 Epi-

134 681 242 741 scopum
266 665 303 723 acl
325 666 488 725 mittendum
510 659 590 726 illno¹
610 669 790 726 visitationem
811 668 873 739 llei;
894 668 1050 725 concedere
1076 668 1165 725 eisin
1189 667 1308 742 idipsum

133 750 290 809 mouns
310 746 469 825 glorificare
489 766 588 809 nomen
611 750 669 810 lloi.
710 751 809 809 Beatus
839 752 930 808 estin
953 750 1062 808 Christo
1084 748 1161 817 lesu,
1193 750 1240 822 qni
1267 748 1309 805 di·

132 848 195 905 μ
215 830 343 890 dectus
363 831 448 891 inerit
469 832 515 892 nti
533 834 704 893 ministerio:
725 843 755 893 et
774 851 822 891 ros
843 833 954 908 quidem
977 833 1152 900 festinantes,
1172 829 1306 904 glorifica·

130 914 192 973 ὑὶ
213 916 245 973 in
269 913 392 973 Elarirtn.
432 914 530 974 llolunt
551 916 758 986 summissis,
786 917 861 992 qnod
886 923 1006 974 nonest
1035 914 1162 973 omnibns
1183 914 1307 988 impossi-

130 996 187 1067 Ην,
207 1013 269 1073 pro
289 998 403 1055 nomine
425 998 480 1069 ttei,
501 1000 641 1074 quomodo
664 1010 691 1057 et
705 1018 815 1075 semper
827 1000 931 1057 vicinae
944 998 1082 1056 Ecclesiae
1100 1006 1308 1066 consueverunt,

129 1082 233 1139 n'ttere
257 1071 356 1139 nobis⁸
375 1080 536 1157 Episcopus,
559 1077 753 1159 l’reslrytcros⁴
775 1091 803 1140 et
822 1083 965 1141 Diaconos.

208 1229 261 1287 Xl.
304 1229 343 1287 tls
364 1229 477 1290 Philone
498 1248 564 1289 rcro
585 1231 724 1304 lliacono,
747 1235 805 1291 viro
834 1232 964 1308 religioso
985 1251 1000 1290 a
1022 1232 1131 1301 Cilicia,
1159 1234 1206 1306 qni
1233 1248 1306 1288 nunc

129 1315 194 1373 rifi
215 1315 250 1371 in
270 1310 360 1371 serbo
380 1312 430 1371 llci
450 1315 601 1382 ministrat,
628 1333 682 1375 una
705 1333 766 1375 cnm
784 1317 849 1373 Gaio
880 1324 907 1372 et
933 1308 1101 1390 Agathopo‚¹
1129 1316 1188 1372 siro
1210 1313 1307 1383 electo,

129 1398 177 1473 qni
196 1414 217 1455 a
240 1393 325 1471 spru
344 1412 389 1455 me
411 1398 551 1472 seqnitur,
573 1398 708 1458 testificor
735 1398 829 1469 vobis,
862 1399 925 1472 qnia
951 1399 1178 1456 renunciaverunt
1205 1395 1308 1465 secraln,

130 1488 158 1537 ι
182 1478 352 1555 matyrium
382 1488 542 1555 perpetrare
564 1491 779 1557 assumpserunt
820 1482 854 1539 Et
881 1497 933 1554 ego
963 1481 1062 1554 gratias
1089 1496 1141 1551 apo
1170 1477 1226 1534 Deo
1255 1493 1306 1551 pro

129 1560 230 1633 vebis,
250 1578 355 1636 ruptus
384 1570 414 1620 ut
444 1564 602 1639 suscipiatis
623 1581 673 1621 eos
694 1566 720 1621 in
742 1566 869 1633 Domino,
892 1572 922 1619 ut
943 1569 972 1618 et
992 1579 1040 1618 vos
1070 1561 1202 1635 suscipiat
1230 1559 1307 1616 lesus

130 1642 272 1703 Christus.
314 1644 365 1713 Qui
386 1645 458 1702 enim
486 1663 535 1703 eos
563 1639 799 1717 diffamaverunt,¹
826 1645 960 1719 redempti
988 1651 1052 1700 sunt
1078 1644 1106 1699 in
1135 1643 1221 1717 gratia
1246 1640 1309 1699 lesu

131 1726 247 1797 cnm-ct.
269 1727 318 1801 qni
338 1743 394 1784 non
414 1727 471 1785 vult
491 1736 606 1787 mortem
627 1731 791 1804 peccatoris,
813 1729 861 1787 sed
876 1716 1094 1803 poenitentium.⁸
1136 1724 1239 1781 Salutat
1260 1741 1308 1781 vos

132 1810 252 1869 dileetio
272 1809 395 1880 latrum,
419 1812 551 1884 quisunt
572 1812 600 1869 in
621 1812 710 1883 Troia,
731 1813 803 1870 uncle
824 1805 862 1870 et⁴
883 1810 976 1869 scribo
999 1808 1074 1866 volis
1096 1826 1146 1885 per
1167 1799 1309 1883 Burgum*

129 1894 178 1969 μ’
205 1894 311 1951 missus
333 1900 376 1951 est
402 1893 483 1951 simm
510 1893 544 1951 ab
566 1888 705 1969 Ephesiis⁸
726 1903 755 1953 et
775 1895 946 1970 Smymaeis‚
977 1894 1011 1950 ad
1037 1892 1148 1951 corbum
1179 1892 1309 1949 honoris:

130 1992 204 2051 qnos
227 1966 358 2034 redimet*
378 1975 509 2034 Dominus
529 1976 607 2036 lesus
619 1970 766 2048 Clusinus,⁸
787 1979 814 2035 in
836 1994 917 2052 quem
939 1983 1052 2052 sperant
1073 1992 1155 2033 carne
1169 1981 1197 2032 et
1211 1977 1308 2044 anima,

130 2060 236 2135 spiritu
254 2066 286 2115 et
305 2048 387 2127 nne·
416 2058 562 2118 dilectione
590 2068 617 2118 et
646 2061 803 2119 concordia.
845 2060 998 2119 lncolnmes
1027 2066 1116 2118 estote
1145 2059 1172 2115 in
1194 2058 1308 2116 llomino

131 2140 199 2199 lesu
220 2141 339 2211 maristo,
362 2136 522 2199 communi¹⁰
543 2160 592 2218 spe
614 2153 717 2213 nonna,
740 2145 766 2201 in
788 2144 891 2218 Spiritu
914 2134 1045 2199 Sancto.¹¹

190 2369 250 2433 Eup·
268 2369 294 2419 1.
332 2368 358 2434 1)
376 2371 439 2420 locet
456 2372 517 2418 enim
535 2369 585 2418 Pal.
605 2370 661 2432 lleg.
789 2367 816 2429 4)
836 2367 921 2418 Erech.
939 2367 980 2429 33,
1003 2368 1041 2420 ll.
1064 2368 1143 2419 trec
1160 2369 1186 2426 3,
1205 2369 1229 2419 9.

190 2435 218 2502 2)
234 2438 266 2487 uel
279 2438 425 2488 sitiendum
443 2439 495 2487 illic
516 2436 565 2488 Pal.
585 2437 641 2499 llcg.
789 2435 815 2498 5)
834 2436 940 2498 turpium
957 2436 1014 2498 llcg.

191 2503 206 2553 3
235 2506 301 2555 solis
319 2504 369 2556 Pal.
387 2505 444 2567 llep.
790 2503 816 2566 6)
834 2505 923 2567 opertis
942 2502 1000 2564 Pal,
1018 2504 1132 2568 epicisiis
1150 2502 1206 2564 [leg.

192 2572 207 2621 4
236 2578 257 2621 et
271 2574 420 2637 peripteros
438 2571 488 2621 Pal.
789 2570 817 2634 ’1)
834 2571 932 2619 certmst
949 2570 999 2620 Pal.
1018 2570 1073 2633 lteg.

792 2638 819 2699 8)
837 2639 943 2687 dossinus
962 2638 1029 2688 lesus
1049 2639 1116 2691 leros
1138 2636 1241 2690 Christos
1259 2639 1310 2689 Pal.

193 2703 249 2769 Cup.
264 2704 301 2756 xl.
337 2704 363 2770 1)
382 2708 478 2772 eltutopo
496 2705 552 2768 fleg.
792 2704 819 2767 9)
835 2719 903 2754 corne
922 2706 999 2754 naono
1023 2711 1046 2755 et
1071 2706 1158 2769 spirito
1180 2707 1224 2767 fille
1247 2707 1309 2755 {lile-

193 2771 220 2835 2)
236 2774 427 2824 dehonoraverint
450 2773 514 2833 Pal,
546 2773 706 2823 dehonorans·
741 2775 817 2822 ctione
835 2780 857 2820 et
876 2774 1000 2822 concordio
1019 2772 1068 2821 Pul.
1086 2772 1142 2834 ling.

139 2845 194 2888 ml
210 2838 266 2904 Eup.
795 2839 836 2902 10)
854 2854 906 2889 cum
924 2842 985 2889 omni
1002 2839 1058 2902 Eup.

190 2905 219 2972 ³)
235 2916 257 2959 et
280 2909 377 2960 restitui
404 2924 430 2960 ex
456 2910 505 2961 Pal.
524 2906 580 2969 ch.
607 2906 645 2957 ed.
663 2906 708 2957 tle·
797 2907 837 2970 ll)
857 2906 1021 2956 Subscribitur
1043 2906 1146 2970 Explicit
1170 2908 1202 2956 oet
1226 2909 1308 2971 pitito-

141 2982 194 3024 neta
213 2976 283 3028 toto.
743 2975 891 3039 dclplricnsea
909 2973 933 3023 in
952 2973 1017 3033 Pal,
1037 2973 1140 3039 Explicit
1162 2972 1190 3022 tl
1210 2975 1234 3023 in
1251 2975 1309 3039 llep.

218 4469 311 4521 Porrus
328 4484 412 4522 aroer.
