2886 4882
167 222 228 285 360
373 214 571 277 mmm!
592 214 620 271 S.
641 211 776 270 ΙίὶΝΑΤΙΙ.
803 210 868 268 XIV.
890 208 940 267 XV.
962 208 1028 265 xvl.
1050 206 1127 264 XVH.

167 377 292 459 δύναμιν
313 373 472 456 αἰτήσασθε
494 375 624 452 δοθῆναι
643 368 722 452 παρά
742 377 827 450 θεοῦ,
848 369 899 432 ἰ’να
920 363 959 449 μή
980 361 1071 447 μόνον
1085 363 1209 447 λέγωμαι
1224 367 1344 446 Χριστι·

168 459 255 538 ανδς,
277 456 349 522 ἀλλά
369 458 419 523 καὶ
439 453 554 537 εῦρεθῦ
575 455 624 518 καὶ
644 454 779 537 λέγεσθαι
800 451 948 533 δύνωμαι·
969 449 1018 512 καλ
1048 445 1111 510 τότε
1138 444 1238 520 πιστάς
1266 442 1344 510 είναι

168 542 357 626 ἀφθήσομαι,
387 539 434 604 ὅτε
454 537 564 626 κόσμρνι
585 534 624 619 μή
647 539 812 618 φαίνομαι.’
854 533 949 599 Οῦδέν
969 529 1024 638 γάρ
1051 528 1245 610 φαινόμενον,
1273 527 1345 593 αἰῦ.

168 643 246 693 νιον·
268 627 331 691 έπελ
352 625 402 689 καὶ
422 621 458 686 τά
473 619 658 705 βλεπόμενα,8
679 618 857 704 πρόσκαιρα·
880 616 914 682 τά
936 616 967 681 δέ
988 642 1028 697 μη
1042 612 1213 696 βλεπόμενα,
1227 611 1343 676 αίοίνια.

251 800 304 855 XV.
342 786 420 873 Ἐγά
441 786 544 895 γράφω
565 795 628 862 ταῖς
649 788 812 867 έκκλησίαις
833 785 883 848 καλ
903 782 1065 863 ἐντέλλομαι
1093 768 1195 855 πᾶσιν,
1219 779 1264 842 ὅτι
1286 776 1343 862 έγιδ

170 869 245 939 έκάν
265 870 339 954 ῦπέρ
360 878 435 937 θεοῦ
456 870 654 952 αποθνήσκω,
675 866 728 933 έάν
742 894 797 951 περ
818 865 899 950 ὖμεῖς
918 863 957 946 μή
974 862 1128 946 κωλύσητε.
1173 868 1344 945 Παρακαλῶ

170 952 262 1061 άριᾶς,
284 952 325 1037 μή
348 954 447 1020 εύνοια
469 953 591 1038 ἀκαιρος
610 953 735 1039 γένησθέ
755 954 824 1034 μοι.ι
859 948 973 1029 ’Ἅφετέ
993 950 1041 1030 με’
1062 949 1179 1028 θηρίων
1200 942 1272 1009 είναι
1294 949 1345 1025 βο-

170 1064 240 1121 ραν,
263 1037 303 1101 δι’
326 1032 369 1102 dv
391 1040 493 1103 ένεστι’
520 1045 596 1103 θεοῦ
623 1038 772 1117 ἐπιτυχεῖν.
815 1030 904 1108 Σῖτός
934 1035 991 1113 εἰμι
1011 1039 1104 1106 θεοῦ,
1126 1031 1175 1092 καλ
1194 1026 1233 1092 δι’
1258 1026 1344 1092 ἀδύν-

169 1147 229 1187 των
255 1125 371 1204 θηρίων
402 1119 567 1222 ἀλήθομαι,
599 1121 649 1184 ἵνα
678 1115 813 1200 καθαρός
843 1115 929 1199 άρτος
962 1113 1077 1197 εύρεθοῖ
1111 1120 1164 1175 τοῦ
1204 1118 1343 1193 Χριστοῦ.

172 1210 298 1269 Μᾶλλον
320 1205 363 1268 δέ*
384 1213 575 1269 κολακευσατε
594 1201 630 1267 τά
651 1205 759 1284 θηρία,
779 1203 829 1263 ἵνα
850 1225 900 1282 μοι
920 1196 1013 1277 τάφος
1033 1199 1184 1282 γένωνται,
1214 1197 1264 1258 καὶ
1291 1221 1345 1277 μη-

171 1286 222 1353 ῦλν
241 1290 444 1351 καταλείπωσι“
463 1295 516 1351 τοῦ
537 1285 668 1368 σώματός
686 1310 759 1369 μου,
781 1285 831 1347 ἵνα
852 1282 892 1364 μή
914 1283 1067 1363 κοιμηθεὶς
1095 1278 1189 1362 βαρῦς
1208 1279 1344 1362 γένωμαι.

175 1367 248 1435 nin
276 1371 375 1450 έσομαι
401 1367 537 1454 μαθητής
565 1366 681 1452 ἀληθής
707 1375 760 1433 τοῦ
782 1373 931 1447 Χριστοῦ,
961 1364 1008 1429 ὅτε
1039 1362 1109 1428 οῦδέ
1129 1360 1161 1427 τὸ
1184 1360 1266 1442 σῶμά
1287 1386 1346 1443 μου

172 1450 253 1518 ῦτιό
280 1452 388 1535 κόσμος
418 1451 532 1533 ὄψεται.
575 1451 770 1517 Λιτανεύσατε
798 1457 836 1537 τῷ
861 1450 989 1536 Χριστρῖ“
1016 1446 1088 1531 ύπέρ
1115 1448 1201 1527 ἐμοῦ,
1224 1447 1277 1509 ’ίνσ
1295 1443 1347 1508 διά

173 1542 231 1601 τοῖν
259 1535 391 1620 ὀργάνων
417 1535 528 1602 τούτων
561 1540 654 1601 θυσία
683 1533 802 1617 καθαρά
830 1531 952 1616 εῦρεθῶ.
1002 1529 1063 1614 Ούχ
1093 1529 1132 1604 οῖς
1162 1529 1274 1612 Πέτρος
1296 1529 1347 1591 καὶ

174 1623 295 1695 Παῦλος
317 1618 506 1703 διατάσσομαι
527 1617 546 1683 ῦ
569 1629 605 1685 ῖν.
644 1618 770 1683 Ἐκεῖνοι
791 1614 963 1693 ἀπόστολοι,
985 1612 1041 1699 ἒγῶ
1069 1611 1252 1694 κατάκριτος·
1274 1612 1347 1675 ἐκεῖ

172 1725 220 1766 νοτ
247 1700 411 1782 ἐλεύθεροι,
439 1702 496 1787 ίγά
522 1647 567 1767 δῦ
581 1703 662 1784 μέχρι
690 1710 744 1766 νῦν
765 1704 884 1776 δοῦλος·
918 1697 981 1763 ἀλλ’
1005 1697 1057 1761 έάν
1077 1694 1219 1777 θελήσητε
1228 1698 1248 1773 ‚⁷
1278 1692 1347 1759 ἀπε-

173 1782 313 1887 λεύθερος
329 1783 431 1865 Ἰησοῦ
452 1792 594 1869 Χριστοῦ,
617 1787 665 1850 καλ
686 1782 885 1865 ἀναστήσομαι
905 1784 938 1846 έν
965 1780 1044 1868 αύτρῖ
1071 1778 1233 1864 ἐλεύθερος.
1279 1784 1349 1844 Νῦν

173 1876 315 1947 μανθανω
336 1869 500 1947 δεδεμένος,
521 1868 611 1949 μηδέν
632 1870 788 1949 ἐπιθυμεῖν
808 1864 949 1946 κοσμικόν
969 1863 989 1947 ἢ
1010 1861 1141 1946 μάταιον.

255 2039 322 2093 xvi.
360 2026 433 2094 Ἀπά
461 2034 574 2110 Συρίας
602 2033 691 2136 μεήριι
718 2029 827 2112 Ῥώμης
856 2027 948 2112 αὐτῆς
977 2030 1179 2115 θηρωμαγῶν’
1208 2025 1266 2092 ἀπὸ
1317 2035 1348 2104 ’ς

174 2112 225 2177 καί
245 2108 415 2196 θαλάσσης,
437 2114 542 2190 ννκτδς
562 2117 612 2178 καί
632 2114 750 2197 ημέρας,
772 2115 922 2192 δεδεμένος
943 2114 1013 2178 δέκα
1033 2113 1213 2197 λεοπάρδοις,
1236 2112 1267 2176 δ”
1304 2130 1349 2174 στι

174 2192 379 2278 στρατιωτικόν
407 2195 513 2280 τάγμα·
542 2199 573 2260 οῖ
596 2199 646 2262 καί
677 2196 907 2282 εὐεργετούμενοι
935 2201 1049 2280 χείρους
1070 2201 1205 2281 γίνονται.
1242 2195 1295 2257 Ἐν
1317 2195 1349 2257 δὲ

174 2286 236 2354 τοῖς
267 2277 444 2358 ἀδικήμασιν
473 2278 570 2344 αὐτῶν
596 2288 706 2362 μᾶλλον
733 2278 943 2363 μαθητεύομαι.
982 2282 1126 2363 Ὀναίμην
1154 2287 1212 2345 τοῖν
1232 2281 1349 2361 θηρίων

176 2368 234 2425 τῦν
254 2363 318 2463 έμολ
338 2361 568 2452 ἡτοιμασμένων·
591 2366 639 2429 καὶ
662 2362 781 2447 εῦχομαι
803 2363 902 2471 έτοιμά
923 2390 972 2447 μοι
994 2363 1168 2449 εὑρεθῆναι·
1191 2360 1209 2426 ἀ
1230 2362 1280 2425 καὶ
1300 2387 1349 2424 κο·

175 2451 317 2526 λακευσω,
337 2445 486 2528 συντόμως
506 2473 541 2530 με
560 2457 755 2534 καταφαγεῖν,
777 2447 829 2530 οίγ
851 2469 946 2531 ωσπερ
967 2457 1054 2514 τινοῖν
1075 2445 1274 2527 δειλαινόμενα
1296 2443 1349 2527 οῦχ

174 2527 301 2609 ἥψαντο.
343 2526 409 2594 Κάν
436 2529 510 2594 αῦτά
538 2532 571 2596 δέ
597 2531 704 2597 ἀκοντα
734 2530 774 2614 μή
793 2531 958 2614 θελήσειεν,
981 2530 1036 2617 έγὼ
1058 2533 1088 2595 δέ
1108 2528 1350 2611 παραβήσομαι*

176 2612 359 2697 Στνγγνοίμην
379 2615 453 2695 ἔχετέ
479 2636 541 2695 μοι’
561 2618 589 2678 τί
609 2619 671 2697 μαῖ’
691 2616 789 2697 σνμφέ
807 2640 848 2692 ει,
869 2613 924 2698 ἐγὼ
945 2615 1085 2698 γινώσκω.
1130 2619 1199 2676 Νῦν
1228 2611 1350 2694 ῦρχομαι

176 2695 313 2777 μαθητής
333 2692 426 2773 είναι,
447 2699 497 2760 ἵνα
514 2695 612 2779 Ἰησοῦ
636 2704 765 2781 Χριστοῦ
786 2642 917 2778 ίπιτύχω.
961 2702 1029 2780 Πῦρ
1051 2697 1099 2760 καὶ
1121 2695 1262 2774 σταυρὸς,
1292 2706 1350 2776 θη-

176 2770 248 2861 ρίον
267 2804 298 2842 τε
317 2776 482 2854 συστάσεις,
504 2777 660 2861 ἀνατομαλ,
683 2779 855 2863 διαιρέσεις,
877 2779 1049 2859 σκορπισμολ
1070 2775 1193 2849 ὀστέων,
1215 2776 1350 2858 συγκοπὴ

174 2866 284 2941 μελοῖν,
307 2857 426 2942 ἀλεσμολ
447 2859 518 2924 ’ὅλον
539 2869 593 2925 τοῦ
614 2859 746 2941 σώματος
765 2862 815 2923 καλ
835 2859 968 2935 κολάσεις
987 2867 1040 2924 τοῦ
1069 2857 1207 2941 διαβόλου
1227 2856 1274 2921 ἔπ’
1300 2859 1350 2940 ἐμὲ

177 2942 375 3027 έργέσθωσαν,
397 2941 489 3025 μόνον
509 2945 571 3007 ’ίνα“
589 2941 688 3026 Ἰησοῦ
712 2950 841 3027 Χριστοῦ
862 2941 992 3024 ἐπιτύχω.

261 3109 339 3165 XVH.
380 3098 477 3164 Οῦδέν
497 3124 532 3180 με
553 3097 696 3180 ὠφελήσει
716 3097 752 3162 τά
772 3095 880 3180 τερπνά
898 3105 951 3162 τοῦ
973 3096 1103 3178 κόσμον,
1125 3094 1194 3162 οῦδὲ
1216 3101 1249 3162 αῖ
1268 3103 1350 3181 βασι·

176 3190 251 3248 λεῖαι
270 3191 323 3247 τοῦ
344 3185 452 3257 αἰῶνος
473 3179 586 3247 τούτου.
629 3181 729 3246 Καλόν
749 3206 799 3265 μοι
821 3178 985 3246 ἀποθανεῖν
1006 3182 1038 3245 έν
1061 3188 1176 3287 Χριστῷ
1194 3180 1308 3265 Ἰησοῦ,
1329 3182 1349 3265 ἢ

176 3264 339 3348 βασιλεύειν
359 3273 418 3329 τῶν
437 3262 569 3349 περάτων
590 3272 643 3347 τῆς
661 3272 723 3351 γῆς.
770 3267 816 3328 Τί
837 3262 893 3350 γάρ
914 3263 1065 3346 ὠφελεῖται
1093 3274 1269 3348 ανθρωπος,
1298 3264 1350 3329 έάν

177 3348 303 3435 κερδήση
334 3345 386 3412 τὸν
415 3345 526 3429 κόσμον
553 3349 638 3428 ῦλον,
659 3350 708 3413 καλ
729 3354 862 3436 ζημιωθῇ
884 3347 937 3430 τήν
956 3347 1056 3431 ψυχὴν
1077 3347 1167 3412 αὐτοῦ
1176 3351 1198 3427 3¹
1217 3347 1350 3412 Ἐκεῖνον

177 3437 267 3512 ζητῶ,
296 3428 349 3494 τόν
379 3427 452 3515 ύπέρ
480 3429 564 3514 ήμῶν
585 3430 783 3498 ἀποθανόντα.
827 3432 982 3517 Σύγγνωτέ
1002 3458 1059 3514 μοι,
1082 3430 1218 3510 ἀδελφοί·
1241 3429 1281 3513 μὴ
1303 3433 1348 3513 έμ·

177 3514 315 3595 ποδίσητέ
342 3540 393 3595 μοι
419 3520 519 3596 ζῆσαι·
549 3514 601 3599 μὴ’
621 3514 764 3599 θελήσητέ
793 3542 828 3599 με
856 3514 1029 3584 ἀποθανεῖν.
1064 3513 1172 3594 ’Ἁφετέ
1200 3540 1234 3596 με
1255 3524 1349 3578 καθα-

178 3594 233 3679 ρδν
254 3604 320 3677 φῶς
339 3601 447 3679 λαβεῖν.
485 3597 570 3665 Ἐκεῖ
592 3598 648 3684 γάρ
676 3598 924 3683 παραγενόμενος,
953 3596 1112 3682 ῦνθρωπος
1143 3605 1218 3662 θεοῦ
1237 3599 1349 3679 ἔσομαι.

174 3678 369 3764 Ἐπιτρέιγατέ
397 3707 448 3761 μοι
476 3680 604 3766 μιμητήν
631 3679 706 3747 είναι
733 3691 785 3747 τοῦ
817 3682 938 3758 πάθους
970 3689 1023 3746 τοῦ
1056 3688 1192 3764 Χριστοῦ.
1238 3685 1283 3744 Er
1308 3708 1351 3758 τις

178 3760 269 3829 αῦτδν
289 3765 321 3828 έν
349 3765 442 3851 έαντηῖ
463 3766 534 3848 ἔχει,
556 3765 687 3849 νοησάτω
708 3765 725 3831 δ
746 3767 840 3844 θέλω,
862 3769 912 3830 καλ
932 3763 1154 3850 συμπαθησάτω
1181 3789 1246 3848 μοι,
1267 3762 1352 3841 είδώς

178 3844 215 3913 τά
234 3847 389 3929 συνέχοντά
408 3872 451 3928 με.

230 4084 288 4148 Cap.
307 4084 363 4135 XIV.
399 4080 424 4146 1)
440 4081 476 4132 ΑΙ.
493 4079 539 4163 κρλ
555 4076 661 4152 κόσμῳ.
681 4083 730 4134 cot.
784 4084 810 4144 E,
830 4076 945 4201 ἄκαιρος
961 4082 1095 4149 γενοίσθε
1111 4098 1168 4151 μου
1185 4082 1218 4141 Ν,
1237 4075 1353 4150 ἄκαιρος

230 4150 260 4212 2)
278 4151 313 4201 ΑΙ.
330 4151 487 4220 φαίνωμαι.
508 4150 554 4198 ίολ.
781 4151 889 4219 γένησθ
919 4167 975 4220 μου
992 4150 1076 4215 (supra
1094 4148 1132 4214 οι)
1150 4151 1177 4201 Α.

230 4215 258 4281 3)
277 4218 296 4266 11
308 4218 363 4267 Cor.
380 4219 404 4280 4,
424 4217 462 4268 λδ.
837 4216 864 4284 2)
884 4212 973 4287 ἀφετί
990 4234 1039 4286 μοι
1059 4225 1195 4267 correctum
1213 4215 1237 4265 in
1253 4229 1291 4284 με
1309 4217 1333 4266 Α.

834 4285 863 4348 3]
880 4285 915 4335 ΑΙ.
933 4282 1001 4335 ἐστὶ.
1023 4282 1072 4333 Cot.

67 4341 353 4594 ΛΠ.
390 4350 414 4416 1)
433 4346 532 4424 ἀκερος
544 4351 680 4419 γενέσθαι
692 4368 749 4420 μου
832 4352 859 4418 λ)
878 4348 910 4404 δέ
929 4351 1010 4401 addidi
1029 4365 1056 4399 ex
1073 4350 1099 4400 λ.
