2886 4882
221 258 282 320 626
658 251 797 311 HERMAE
819 251 960 310 PASTOR.

223 414 472 519 ἆποβεβλημένεον.
514 412 553 474 Οί
581 410 613 473 66
641 412 738 475 λοιποί
763 407 875 484 πόντας
901 407 1041 492 ῆρθησαν
1065 403 1125 470 ύιτδ
1146 402 1208 469 τοῖιν
1228 405 1400 510 παρθένοι·

223 497 371 563 λευκολ“
340 523 411 644 γαρ
417 494 498 570 ὄντες
518 491 786 578 ῆρμόοθησανύπ’
811 492 985 557 αὐτῶντῶν
1005 491 1172 596 παρθένων
1186 490 1287 564 εἰς
1251 515 1313 570 την
1329 492 1398 554 οἰτο

223 578 373 688 δομῆγέ
375 578 490 686 ξιότεροι
517 578 550 685 66
570 578 729 658 έτέθησαν,
759 574 843 640 ὕει’
823 585 914 660 υγιεῖς
935 574 1114 693 εὑρέθησαν,
1148 572 1223 638 ὥστε
1250 573 1398 638 δύνασθαι

224 664 332 740 αὐτοὺς
342 672 469 765 κρατεῖν
487 660 558 735 τοὺς
579 660 670 736 εἰς’
641 685 674 725 το
696 661 783 766 μέσον
803 661 955 735 τεθέντας·
976 659 1051 734 όλας
1072 682 1127 759 γαρ
1148 653 1232 734 ἐξ’
1193 664 1299 721 ανταῖν
1318 656 1398 722 οὐδέν

224 746 404 830 ἐκολοβώθη.
439 742 515 809 Εἶτα
535 743 666 809 κατενόει
686 742 756 820 τοὺς
775 752 888 892 τραχεῖς
907 746 958 808 καί
978 739 1131 826 σκληρούς,
1151 741 1202 805 καί
1227 739 1333 821 [ούιι]’
1347 739 1398 805 όίί·

222 858 269 936 γρι
292 831 440 908 ἐξαύτῶν
462 827 673 911 όιπεβλῆθησαν
693 826 791 892 διδτό
813 828 859 935 66
876 826 1025 893 δύνασθαι
1040 831 1261 972 λιγτομηθῆναι·
1268 826 1397 932 σκληραί

223 914 280 1025 γὰρ
299 918 365 980 λίαν
386 913 569 998 εύρέθησαν·
598 915 628 976 οί
655 913 688 976 66
708 910 859 976 λοιποί’
824 918 922 977 αυτοίν
946 908 1240 1018 έλατομῆθησανιιαί
1261 907 1398 1011 ῆρθηατγ

224 999 282 1063 ἆπό
304 1006 363 1062 τῶν
380 999 553 1107 ηαρθένοον,
582 999 632 1060 καί
662 999 711 1103 εἰς
727 994 866 1078 66666⁸
835 1023 890 1078 την
915 993 1076 1102 οἰκοδομὴν
1097 1000 1149 1099 τηῦ
1169 991 1291 1076 πύργου
1314 991 1397 1097 6666

223 1093 354 1164 σθησαν·
383 1080 584 1184 όσθενέστεροι
609 1076 664 1165 γὰρ
691 1071 775 1161 ῆοαν.
818 1077 894 1144 Etru
921 1079 1051 1143 κατενόει
1077 1075 1147 1151 τούς
1179 1077 1304 1177 έγοντιις
1335 1101 1398 1181 τοιγς

225 1170 360 1244 σπίλους,
380 1167 429 1228 καί
451 1167 483 1228 ἐκ
503 1161 614 1227 τούτων
635 1160 775 1245 ἐλάχιστοι
796 1162 990 1245 ἐμελόνωσαν’
1009 1162 1061 1227 καί
1091 1159 1310 1266 οἰπεβλῆθησαν
1329 1158 1398 1242 πρὸς

223 1248 293 1324 τοὺς
313 1247 441 1324 λοιπούς.
472 1249 512 1310 Οί
532 1245 563 1308 66
583 1247 800 1351 ηερισσειίοντες
821 1256 856 1311 λα
857 1249 945 1331 μπροί
967 1248 1017 1311 καί
1037 1240 1332 1348 ἐκεῖνοιεύρέθηραν·
1352 1245 1397 1309 ταί

224 1328 306 1395 οὗτοι
326 1329 521 1440 ῆρμόσθησαν
542 1327 601 1395 ύπό
620 1337 679 1394 τῶν
705 1332 864 1438 παρθένων
885 1334 927 1406 εἰς
945 1328 1002 1413 τῆν
1019 1325 1191 1410 οἰκοδομήν·
1214 1325 1352 1408 ἐξότεροι
1369 1327 1396 1391 δὲ

225 1417 367 1499 ἐτέθησαν
387 1413 487 1480 666⁸
457 1441 512 1498 την
534 1413 760 1499 ίσχυρότητα’
726 1423 830 1482 αυτοῖν.

308 1557 562 1647 1Χ.Εἰταῆλθε
582 1573 761 1648 κατανοῆσαι
780 1565 850 1640 τοὺς
868 1561 990 1669 6sv6o63
1010 1563 1060 1627 τιαί
1079 1559 1273 1647 στρογγύλους
1286 1564 1394 1638 λίθους

225 1652 275 1715 καὶ
287 1652 367 1754 λέγει
389 1677 437 1757 μηι
465 1653 500 1712 Τί
520 1653 669 1756 πριοῦμεν
682 1650 749 1733 περί
768 1647 878 1713 τούτοιν
897 1655 956 1712 τοῖν
976 1650 1087 1725 λίθων,
1133 1649 1185 1748 Τί,
1214 1649 1313 1728 φημί,
1340 1643 1393 1746 ἐγύ

225 1734 366 1838 γινοίσκτο,
375 1733 486 1839 κύριες
516 1725 669 1842 06666
632 1759 688 1798 ουν
708 1735 834 1808 ἐπινοεῖς
853 1729 974 1836 περί’
939 1738 1052 1809 αυτιίνς
1090 1727 1179 1834 Ἐγοί,
1198 1732 1288 1811 φημί,
1310 1728 1392 1813 κύριε,

225 1816 333 1899 ταύτην
352 1816 406 1897 τῆν
425 1816 580 1924 τέγνηγ’
547 1843 602 1882 ουκ
619 1819 688 1898 ἰχαο·
718 1815 787 1881 ούδέ
807 1814 932 1921 λατόμος
950 1818 1022 1921 εἰμί,
1042 1811 1113 1878 ούδέ
1135 1814 1266 1893 δύναμαι
1283 1836 1393 1920 νοησομ

228 1900 407 2003 θύρλέπεις
429 1923 546 1999 αυτους,
568 1903 659 1981 φησί,
680 1903 746 1965 λίαν
770 1897 1000 2007 στρογγύλοης”
983 1924 1085 1974 ονταςς
1129 1897 1189 1962 Καὶ
1216 1895 1271 1962 ἐὰν
1291 1893 1393 1972 αὐτοὺς

226 1990 343 2062 θεληστο
364 2009 447 2065 τετρα
465 1979 561 2057 οόνοος
580 1991 712 2088 ποιῆσαι,
733 1982 809 2048 πολὺ
830 1982 909 2048 θεῖ’
894 1981 944 2047 απ’
970 1981 1066 2046 αὐτῶν
1081 1979 1286 2085 ἀποκοπῆναι·
1311 1979 1393 2047 δεῖδί

225 2064 311 2142 6²
276 2072 373 2129 αντῶν
394 2069 423 2144 ἐξ
444 2009 573 2150 όνόγκης
592 2067 674 2142 τινας
695 2066 787 2143 εἰς’
756 2094 810 2149 την
831 2065 991 2149 οἰκοδομὴν
1011 2073 1142 2174 τεθῆναι.
1170 2055 1261 2127 Εἰ
1225 2090 1291 2140 ουν,
1314 2067 1394 2146 φημί,

225 2148 317 2255 κύριε,
339 2147 451 2257 ἇγόγκη
473 2150 543 2227 ἐστί,
564 2153 592 2214 τί
611 2150 734 2216 σεαυτὸν
754 2154 925 2259 βασανίζεις,
946 2148 1050 2215 καῖ’
1017 2176 1073 2215 ουκ
1084 2150 1132 2214 ἐκλ
1196 2146 1308 2255 εἰςτῆν
1323 2152 1394 2213 οἰτο

226 2232 370 2314 6066v⁸
342 2235 395 2311 ούς
415 2235 522 2312 θέλεις,
535 2200 634 2298 ’ml‘
615 2262 635 2298 α
636 2234 750 2320 ρμόζεις
771 2238 812 2310 εἰς
832 2233 941 2344 666663
979 2233 1143 2311 Ἐξελέξατο
1179 2230 1317 2310 ξαύττόν
1330 2230 1394 2307 τούς

225 2321 357 2399 μείζονας
375 2320 425 2384 καί
445 2316 604 2424 λαμπρούς,
626 2321 676 2385 καί
696 2317 872 2400 ἐλατόμησεν
892 2316 1012 2395 αύτούς·
1034 2320 1067 2381 αί
1086 2316 1117 2381 δέ
1129 2314 1331 2424 παρθένοισι
1332 2337 1394 2380 ασιιι

224 2401 356 2509 ἥρμοσαν
378 2400 468 2478 εἰς’
438 2427 474 2464 τα
493 2400 672 2487 ἐξοίτεραέ
636 2430 708 2486 μρη
729 2409 782 2484 τῆς
799 2405 968 2508 οἰκοδομῆς.
1009 2403 1049 2464 06
1075 2401 1108 2465 δέ
1128 2399 1225 2465 λοιποί
1255 2401 1287 2463 οί
1303 2421 1395 2483 περισ

225 2485 376 2561 σεύσαντες
396 2485 552 2588 ῆρθησαν,
580 2488 631 2550 καί
661 2487 845 2568 οἰτιετέθησαν
873 2490 914 2561 εἰς
939 2483 972 2548 τό
992 2488 1096 2549 πεδίον
1116 2484 1192 2549 όθεν
1210 2481 1394 2589 ἠνέχθησαν·

226 2567 281 2632 οὐκ
303 2568 513 2671 ἀπεβληθησαν
534 2569 575 2648 δέ,
597 2569 655 2646 ὅτι,
678 2573 761 2674 φησί,
783 2573 874 2633 λείπει
894 2576 934 2658 τῷ
954 2567 1066 2672 66666¹
1091 2569 1132 2632 ἐτι
1158 2564 1265 2669 μικρόν
1286 2570 1393 2632 οἰιταδο

225 2660 366 2734 μηθῆναι.
411 2651 531 2727 Πόντος
562 2620 595 2714 66
615 2623 739 2717 θέλετ’
722 2678 738 2716 ο
766 2635 922 2758 δεσπότης
935 2659 987 2717 τοῦ
1016 2651 1131 2737 πύργου
1158 2649 1282 2727 τούτους
1298 2648 1396 2759 ἆρμο-

225 2743 336 2816 σθῆναι
356 2734 424 2811 τούς
445 2739 551 2809 λίθους
572 2735 662 2810 εἰς’
633 2762 687 2818 την
707 2735 926 2842 ⁰666⁰66vst
909 2762 954 2801 οτι
957 2738 1119 2841 ..mm
1116 2738 1170 2800 εἰσι
1191 2737 1268 2800 λίαν.
1298 2733 1397 2818 ’6366-

224 2827 323 2898 θησαν
343 2819 374 2882 66
400 2826 535 2923 γυναῖκες
562 2816 689 2902 δώδεκα,
720 2791 909 2884 εύειδέσταται
931 2827 971 2907 τῷ
991 2826 1212 2904 χαρακτῆρι,μ
1191 2820 1301 2901 μέλανα
1321 2819 1396 2883 ἐνδε-

224 2902 360 3008 δημέναι,
389 2905 438 2966 καί
465 2900 518 2976 τὰς
545 2905 641 3009 τρίχας
669 2871 836 3010 λέλυμέναι.
865 2884 1049 2968 Ἐδοκοῦσαν
1076 2904 1108 2967 δέ
1111 2928 1183 3009 μοι
1205 2904 1238 2966 αί
1241 2911 1399 3006 γυναῖκες

223 2977 309 3048 αὗται
330 2983 349 3049 6
350 3011 427 3070 γριαι
448 2981 530 3050 εἰναι
569 2984 720 3050 Ἐλιιέλευσε
742 2987 774 3050 66
801 2984 891 3063 αιἰτόις
916 2985 935 3052 6
967 2985 1076 3095 ποιμὴν
1104 2977 1173 3092 6666
1193 2980 1273 3094 τοῆς
1293 2990 1399 3061 λίθους

223 3066 292 3172 τούς
299 3013 496 3174 ιἰποβεβλημέ
497 3093 566 3143 νους
587 3070 620 3132 ἐκ
639 3077 692 3151 τῆς
714 3073 873 3153 οἰκοδομῆς
899 3072 949 3140 καί
968 3068 1137 3178 ἀπενεγκεῖν
1165 3067 1276 3146 αὐτοὺς
1304 3067 1394 3145 εἰς’
1364 3096 1398 3135 τα

222 3150 277 3255 όρη
299 3151 373 3215 ὅθεν
394 3153 444 3215 καί
462 3151 654 3257 η’νέγθησον.
681 3155 761 3215 Αίδ
763 3147 933 3238 έίλαραί
912 3182 1003 3238 ηραν,
1031 3154 1118 3219 καῖ’
1103 3152 1271 3260 ρπῆνεγιιαν
1287 3151 1398 3230 πάντας

222 3233 291 3337 6⁰69
310 3235 496 3310 λίθους,καί
511 3233 654 3315 ἐθηκαν“
637 3244 711 3300 σθεν
724 3234 904 3319 ἐλήφθησαν.
935 3241 995 3302 Καί
1007 3236 1077 3319 μετόι
1088 3236 1121 3302 τό
1142 3235 1277 3319 ἀρθῆναι
1287 3234 1398 3314 πόντος

222 3313 290 3389 τούς
305 3319 414 3417 λίθους
439 3317 490 3380 καί
518 3318 619 3424 μηκέτι
638 3327 756 3384 κεῖσθαι
776 3325 864 3386 λίθον
884 3320 981 3411 κύκλῳ
1002 3329 1055 3386 τοῦ
1066 3319 1190 3425 πύργον,
1211 3322 1288 3427 λέγει
1310 3345 1361 3403 μοι
1378 3347 1396 3386 ο

221 3397 331 3507 ποιμῆν
360 3398 610 3506 Kvu66666w⁸
583 3428 634 3466 τον
637 3403 836 3513 ἱ,πύργονη
797 3407 846 3469 καλ
867 3388 973 3513 666666
994 3405 1033 3487 66
1052 3431 1081 3469 τι
1100 3402 1246 3511 ἐλόττοιμρι
1268 3405 1346 3469 ἐστιν
1367 3405 1398 3469 ἐν

223 3481 312 3589 αύτῷ
334 3486 392 3548 Καὶ
409 3483 571 3551 ἐκύκλωσα’
593 3484 648 3571 ἐγῶ
657 3512 707 3568 μετ
745 3497 844 3553 αυτοῦ.
881 3487 966 3555 Ἰδὼν
987 3488 1057 3553 δέ’
1039 3515 1055 3553 ο
1056 3486 1186 3596 ποιμὴν
1206 3485 1258 3552 τόν
1263 3487 1397 3595 πύργον

222 3566 352 3675 εὐπρεπῆ
381 3566 452 3632 όντα
472 3577 507 3650 τῆ
536 3572 686 3675 οίκοδομῆ
699 3576 765 3636 λίαν
786 3566 925 3657 ἱλαρός
905 3597 967 3678 ην·
994 3571 1085 3658 ὁγὰρ
1105 3572 1224 3679 πύργος
1244 3597 1339 3648 ουτως
1340 3563 1396 3678 ῆν

221 3647 455 3758 ᾠκοδομημένος,
509 3674 556 3718 στε
577 3679 622 3756 με
639 3653 739 3720 ἰδόντα
761 3653 967 3760 ἐηίθυμεῖν“
936 3682 991 3763 666
1008 3655 1167 3738 οίκοδομῆν
1188 3652 1298 3720 αύτυύ·
1320 3654 1397 3721 ούτο)

219 3730 274 3879 γδρ
295 3725 333 3838 ῆν
346 3733 622 3842 ᾠκοδομημένος
598 3737 677 3801 ωσόιν
699 3740 728 3815 ἐξ
748 3737 813 3814 ένός
833 3743 922 3804 λίθου
948 3739 988 3821 66
1016 3742 1088 3822 έγοιν
1114 3736 1232 3822 6666‘
1211 3737 1345 3824 αρμογῆν
1364 3741 1395 3844 ἐγ

221 3817 322 3903 ἐαυτῷ.
346 3815 500 3896 Ἐφαίνετο
521 3817 590 3883 66⁸
573 3845 589 3884 ο
610 3820 742 3896 λίθος’
718 3847 758 3898 ως
779 3823 867 3886 ἐκ
832 3849 883 3905 της
900 3823 1006 3907 πέτρας
1026 3823 1282 3910 ἐγκεκολαμμένος·
1312 3821 1394 3905 μονό·

219 3907 307 3976 λιθος
326 3902 382 3985 γόρ
403 3925 452 3983 μοι
474 3900 568 3967 ἐδόκει
589 3900 671 3969 εἶναι.

302 4059 330 4114 Χ.
374 4049 464 4197 K6y6
493 4061 660 4157 περιπατῶν
680 4053 743 4135 μετ’
779 4054 871 4120 αὐτοῦ
902 4053 1002 4137 ἱλαρός
1033 4054 1113 4162 6666
1140 4062 1261 4121 τοιαῦτα
1291 4054 1391 4143 ἇγαθό

215 4131 336 4209 βλέπων.
372 4136 512 4220 Λέἐγειδ
530 4161 579 4216 μοι
592 4133 611 4200 6
621 4162 730 4219 ποιμογν
741 4137 855 4224 ’ίλταγε
876 4141 970 4219 καῖφ
947 4141 1017 4222 φέρε
1032 4143 1172 4222 ασβεστον
1185 4142 1232 4204 καί
1249 4138 1391 4226 όστρακον

217 4265 426 4280 Q.

265 4328 292 4390 2)
310 4330 487 4386 οὐκιλοεεῑίτι
505 4352 588 4400 apogr
872 4343 928 4405 01¹6
948 4343 984 4391 Π(
1021 4338 1388 4426 ¹6⁷¹v6‘6261’08f·6¹¹‘t’v·

73 4378 349 4600 Λεία
367 4417 450 4466 apogr
870 4412 897 4473 2)
917 4424 1001 4472 apogr.
1020 4407 1185 4462 ἐκύκλωσσει.
