<?xml version="1.0" encoding="UTF-8"?>
<!DOCTYPE html PUBLIC "-//W3C//DTD XHTML 1.0 Transitional//EN"
    "http://www.w3.org/TR/xhtml1/DTD/xhtml1-transitional.dtd">
<html xmlns="http://www.w3.org/1999/xhtml" xml:lang="en" lang="en">
 <head>
  <title>
</title>
<meta http-equiv="Content-Type" content="text/html;charset=utf-8" />
  <meta name='ocr-system' content='tesseract 3.04.00' />
  <meta name='ocr-capabilities' content='ocr_page ocr_carea ocr_par ocr_line ocrx_word'/>
</head>
<body>
  <div class='ocr_page' id='page_1' title='image "./patrumapostolic00polygoog/patrumapostolic00polygoog_0684.png"; bbox 0 0 2886 4882; ppageno 0'>
   <div class='ocr_carea' id='block_1_1' title="bbox 417 238 1233 311">
    <p class='ocr_par' dir='ltr' id='par_1_1' title="bbox 417 238 1233 311">
     <span class='ocr_line' id='line_1_1' title="bbox 417 238 1233 311; baseline 0.011 -17"><span class='ocrx_word' id='word_1_1' title='bbox 417 238 607 297; x_wconf 76' lang='grc' dir='ltr'><strong><em>ιιιιιιιτυου</em></strong></span> <span class='ocrx_word' id='word_1_2' title='bbox 631 238 683 295; x_wconf 84' lang='grc' dir='ltr'><strong><em>νυ.</em></strong></span> <span class='ocrx_word' id='word_1_3' title='bbox 712 239 777 311; x_wconf 82' lang='lat' dir='ltr'><strong><em>vm,</em></strong></span> <span class='ocrx_word' id='word_1_4' title='bbox 802 243 826 298; x_wconf 87' lang='lat'><strong><em>1.</em></strong></span> <span class='ocrx_word' id='word_1_5' title='bbox 850 242 878 297; x_wconf 82' lang='grc' dir='ltr'><strong><em>ι.</em></strong></span> <span class='ocrx_word' id='word_1_6' title='bbox 1171 241 1233 304; x_wconf 84' lang='lat'><strong><em>615</em></strong></span> 
     </span>
    </p>
   </div>
   <div class='ocr_carea' id='block_1_2' title="bbox 51 388 1237 2389">
    <p class='ocr_par' dir='ltr' id='par_1_2' title="bbox 51 388 1237 2389">
     <span class='ocr_line' id='line_1_2' title="bbox 62 388 1237 486; baseline 0.009 -30"><span class='ocrx_word' id='word_1_7' title='bbox 62 388 104 469; x_wconf 84' lang='grc' dir='ltr'><strong><em>είς</em></strong></span> <span class='ocrx_word' id='word_1_8' title='bbox 124 394 243 470; x_wconf 74' lang='grc' dir='ltr'><strong><em>ἕκαστος</em></strong></span> <span class='ocrx_word' id='word_1_9' title='bbox 265 391 363 458; x_wconf 78' lang='grc' dir='ltr'><strong><em>αύτῶν</em></strong></span> <span class='ocrx_word' id='word_1_10' title='bbox 382 391 524 461; x_wconf 85' lang='grc' dir='ltr'><strong><em>άπεδίδου</em></strong></span> <span class='ocrx_word' id='word_1_11' title='bbox 544 393 596 470; x_wconf 86' lang='grc' dir='ltr'><strong><em>τάς</em></strong></span> <span class='ocrx_word' id='word_1_12' title='bbox 616 391 759 477; x_wconf 83' lang='grc' dir='ltr'><strong><em>ῥάβδους·</em></strong></span> <span class='ocrx_word' id='word_1_13' title='bbox 791 393 932 477; x_wconf 74' lang='grc' dir='ltr'><strong><em>ἐλάμβανε</em></strong></span> <span class='ocrx_word' id='word_1_14' title='bbox 953 399 985 461; x_wconf 80' lang='grc' dir='ltr'><strong><em>δέ</em></strong></span> <span class='ocrx_word' id='word_1_15' title='bbox 1006 398 1023 464; x_wconf 89' lang='grc' dir='ltr'><strong><em>ό</em></strong></span> <span class='ocrx_word' id='word_1_16' title='bbox 1044 398 1163 486; x_wconf 71' lang='grc' dir='ltr'><strong><em>ἅγγελος</em></strong></span> <span class='ocrx_word' id='word_1_17' title='bbox 1183 409 1237 467; x_wconf 88' lang='grc' dir='ltr'><strong><em>τού</em></strong></span> 
     </span>
     <span class='ocr_line' id='line_1_3' title="bbox 61 473 1235 570; baseline 0.007 -28"><span class='ocrx_word' id='word_1_18' title='bbox 61 480 165 559; x_wconf 86' lang='grc' dir='ltr'><strong><em>κυρίου</em></strong></span> <span class='ocrx_word' id='word_1_19' title='bbox 187 478 237 543; x_wconf 88' lang='grc' dir='ltr'><strong><em>καί</em></strong></span> <span class='ocrx_word' id='word_1_20' title='bbox 256 473 386 543; x_wconf 75' lang='grc' dir='ltr'><strong><em>κατενόει</em></strong></span> <span class='ocrx_word' id='word_1_21' title='bbox 404 474 502 555; x_wconf 87' lang='grc' dir='ltr'><strong><em>αύτός.</em></strong></span> <span class='ocrx_word' id='word_1_22' title='bbox 546 477 636 558; x_wconf 89' lang='grc' dir='ltr'><strong><em>Παρά</em></strong></span> <span class='ocrx_word' id='word_1_23' title='bbox 656 502 742 544; x_wconf 88' lang='grc' dir='ltr'><strong><em>τινων</em></strong></span> <span class='ocrx_word' id='word_1_24' title='bbox 762 474 904 560; x_wconf 83' lang='grc' dir='ltr'><strong><em>ἐλάμβανε</em></strong></span> <span class='ocrx_word' id='word_1_25' title='bbox 925 475 976 554; x_wconf 74' lang='grc' dir='ltr'><strong><em>τὰς</em></strong></span> <span class='ocrx_word' id='word_1_26' title='bbox 996 477 1125 565; x_wconf 87' lang='grc' dir='ltr'><strong><em>ῥάβδους</em></strong></span> <span class='ocrx_word' id='word_1_27' title='bbox 1146 481 1235 570; x_wconf 72' lang='grc' dir='ltr'><strong><em>ξηρύς</em></strong></span> 
     </span>
     <span class='ocr_line' id='line_1_4' title="bbox 61 556 1234 646; baseline 0.008 -21"><span class='ocrx_word' id='word_1_28' title='bbox 61 561 110 625; x_wconf 83' lang='grc' dir='ltr'><strong><em>καί</em></strong></span> <span class='ocrx_word' id='word_1_29' title='bbox 122 560 304 644; x_wconf 69' lang='grc' dir='ltr'><strong><em>βεβρωμένας</em></strong></span> <span class='ocrx_word' id='word_1_30' title='bbox 321 557 361 635; x_wconf 88' lang='grc' dir='ltr'><strong><em>άς</em></strong></span> <span class='ocrx_word' id='word_1_31' title='bbox 377 556 435 625; x_wconf 86' lang='grc' dir='ltr'><strong><em>ύπδ</em></strong></span> <span class='ocrx_word' id='word_1_32' title='bbox 458 557 552 643; x_wconf 88' lang='grc' dir='ltr'><strong><em>οητός.</em></strong></span> <span class='ocrx_word' id='word_1_33' title='bbox 590 559 758 627; x_wconf 63' lang='lat' dir='ltr'>&#39;Meum</span> <span class='ocrx_word' id='word_1_34' title='bbox 774 559 792 625; x_wconf 87' lang='grc' dir='ltr'><strong><em>δ</em></strong></span> <span class='ocrx_word' id='word_1_35' title='bbox 806 559 926 646; x_wconf 79' lang='grc' dir='ltr'><strong><em>ἅγγελος</em></strong></span> <span class='ocrx_word' id='word_1_36' title='bbox 939 560 1008 636; x_wconf 85' lang='grc' dir='ltr'><strong><em>τούς</em></strong></span> <span class='ocrx_word' id='word_1_37' title='bbox 1028 562 1079 638; x_wconf 77' lang='grc' dir='ltr'><strong><em>τὰς</em></strong></span> <span class='ocrx_word' id='word_1_38' title='bbox 1099 567 1234 646; x_wconf 74' lang='grc' dir='ltr'><strong><em>τοιαύτας</em></strong></span> 
     </span>
     <span class='ocr_line' id='line_1_5' title="bbox 61 640 1232 732; baseline 0.003 -25"><span class='ocrx_word' id='word_1_39' title='bbox 61 641 190 725; x_wconf 82' lang='grc' dir='ltr'><strong><em>ῥάβδους</em></strong></span> <span class='ocrx_word' id='word_1_40' title='bbox 208 640 422 721; x_wconf 81' lang='grc' dir='ltr'><strong><em>ἐπιδεδωκότας</em></strong></span> <span class='ocrx_word' id='word_1_41' title='bbox 442 645 528 727; x_wconf 79' lang='grc' dir='ltr'><strong><em>χειρίς</em></strong></span> <span class='ocrx_word' id='word_1_42' title='bbox 547 645 695 711; x_wconf 81' lang='grc' dir='ltr'><strong><em>ἵστασθαι.</em></strong></span> <span class='ocrx_word' id='word_1_43' title='bbox 727 643 846 726; x_wconf 79' lang='grc' dir='ltr'><strong><em>Ἔτεροι</em></strong></span> <span class='ocrx_word' id='word_1_44' title='bbox 868 643 900 708; x_wconf 75' lang='grc' dir='ltr'><strong><em>δὲ</em></strong></span> <span class='ocrx_word' id='word_1_45' title='bbox 920 644 1105 709; x_wconf 80' lang='grc' dir='ltr'><strong><em>ἐπεδίδοσαν’</em></strong></span> <span class='ocrx_word' id='word_1_46' title='bbox 1134 650 1232 732; x_wconf 70' lang='grc' dir='ltr'><strong><em>ξηρός,</em></strong></span> 
     </span>
     <span class='ocr_line' id='line_1_6' title="bbox 61 714 1233 813; baseline 0.003 -22"><span class='ocrx_word' id='word_1_47' title='bbox 61 723 124 791; x_wconf 73' lang='grc' dir='ltr'><strong><em>ἀλλ’</em></strong></span> <span class='ocrx_word' id='word_1_48' title='bbox 156 724 212 791; x_wconf 86' lang='grc' dir='ltr'><strong><em>ούιτ</em></strong></span> <span class='ocrx_word' id='word_1_49' title='bbox 239 714 315 808; x_wconf 77' lang='grc' dir='ltr'><strong><em>ἦσαν</em></strong></span> <span class='ocrx_word' id='word_1_50' title='bbox 339 728 520 810; x_wconf 83' lang='grc' dir='ltr'><strong><em>βεβρωμέναι</em></strong></span> <span class='ocrx_word' id='word_1_51' title='bbox 541 724 600 792; x_wconf 88' lang='grc' dir='ltr'><strong><em>ύπδ</em></strong></span> <span class='ocrx_word' id='word_1_52' title='bbox 628 725 732 810; x_wconf 88' lang='grc' dir='ltr'><strong><em>σητός·</em></strong></span> <span class='ocrx_word' id='word_1_53' title='bbox 766 727 816 793; x_wconf 79' lang='grc' dir='ltr'><strong><em>καί</em></strong></span> <span class='ocrx_word' id='word_1_54' title='bbox 841 727 963 804; x_wconf 82' lang='grc' dir='ltr'><strong><em>τούτους</em></strong></span> <span class='ocrx_word' id='word_1_55' title='bbox 989 727 1118 793; x_wconf 79' lang='grc' dir='ltr'><strong><em>ἐκέλευσε</em></strong></span> <span class='ocrx_word' id='word_1_56' title='bbox 1147 733 1233 813; x_wconf 77' lang='grc' dir='ltr'><strong><em>χωρίς</em></strong></span> 
     </span>
     <span class='ocr_line' id='line_1_7' title="bbox 62 802 1231 894; baseline 0.006 -22"><span class='ocrx_word' id='word_1_57' title='bbox 62 810 207 875; x_wconf 76' lang='grc' dir='ltr'><strong><em>ἵστασθαι.</em></strong></span> <span class='ocrx_word' id='word_1_58' title='bbox 240 808 359 891; x_wconf 81' lang='grc' dir='ltr'><strong><em>Ἕτεροι</em></strong></span> <span class='ocrx_word' id='word_1_59' title='bbox 388 809 420 876; x_wconf 87' lang='grc' dir='ltr'><strong><em>δέ</em></strong></span> <span class='ocrx_word' id='word_1_60' title='bbox 442 812 594 881; x_wconf 75' lang='grc' dir='ltr'><strong><em>ἐπεδίδουν</em></strong></span> <span class='ocrx_word' id='word_1_61' title='bbox 614 807 789 894; x_wconf 76' lang='grc' dir='ltr'><strong><em>ἡμιξηρους·</em></strong></span> <span class='ocrx_word' id='word_1_62' title='bbox 822 812 872 874; x_wconf 87' lang='grc' dir='ltr'><strong><em>καὶ</em></strong></span> <span class='ocrx_word' id='word_1_63' title='bbox 898 802 980 875; x_wconf 80' lang='grc' dir='ltr'><strong><em>οὗτοι</em></strong></span> <span class='ocrx_word' id='word_1_64' title='bbox 1001 810 1087 893; x_wconf 86' lang='grc' dir='ltr'><strong><em>χωρίς</em></strong></span> <span class='ocrx_word' id='word_1_65' title='bbox 1107 811 1231 880; x_wconf 89' lang='grc' dir='ltr'><strong><em>ἵσταντο.</em></strong></span> 
     </span>
     <span class='ocr_line' id='line_1_8' title="bbox 52 889 1232 1041; baseline 0.005 -87"><span class='ocrx_word' id='word_1_66' title='bbox 52 891 171 976; x_wconf 77' lang='grc' dir='ltr'><strong><em>Ἕτερον</em></strong></span> <span class='ocrx_word' id='word_1_67' title='bbox 192 892 224 957; x_wconf 74' lang='grc' dir='ltr'><strong><em>δὲ</em></strong></span> <span class='ocrx_word' id='word_1_68' title='bbox 245 894 398 965; x_wconf 73' lang='grc' dir='ltr'><strong><em>ἐπεδίδουν</em></strong></span> <span class='ocrx_word' id='word_1_69' title='bbox 418 892 470 970; x_wconf 84' lang='grc' dir='ltr'><strong><em>τάς</em></strong></span> <span class='ocrx_word' id='word_1_70' title='bbox 496 889 625 976; x_wconf 75' lang='grc' dir='ltr'><strong><em>ῥάβδους</em></strong></span> <span class='ocrx_word' id='word_1_71' title='bbox 645 891 743 958; x_wconf 83' lang='grc' dir='ltr'><strong><em>αύτῶν</em></strong></span> <span class='ocrx_word' id='word_1_72' title='bbox 762 891 923 1041; x_wconf 71' lang='grc' dir='ltr'><strong><em>ημιξήηους</em></strong></span> <span class='ocrx_word' id='word_1_73' title='bbox 941 893 991 958; x_wconf 81' lang='grc' dir='ltr'><strong><em>καί</em></strong></span> <span class='ocrx_word' id='word_1_74' title='bbox 1013 891 1131 974; x_wconf 82' lang='grc' dir='ltr'><strong><em>οχισμάς</em></strong></span> <span class='ocrx_word' id='word_1_75' title='bbox 1152 894 1232 977; x_wconf 73' lang='grc' dir='ltr'><strong><em>ἑχού-</em></strong></span> 
     </span>
     <span class='ocr_line' id='line_1_9' title="bbox 61 967 1231 1060; baseline 0.001 -20"><span class='ocrx_word' id='word_1_76' title='bbox 61 996 127 1051; x_wconf 90' lang='grc' dir='ltr'><strong><em>σας·</em></strong></span> <span class='ocrx_word' id='word_1_77' title='bbox 174 977 224 1042; x_wconf 79' lang='grc' dir='ltr'><strong><em>καὶ</em></strong></span> <span class='ocrx_word' id='word_1_78' title='bbox 258 967 339 1041; x_wconf 77' lang='grc' dir='ltr'><strong><em>οὗτοι</em></strong></span> <span class='ocrx_word' id='word_1_79' title='bbox 372 980 458 1058; x_wconf 80' lang='grc' dir='ltr'><strong><em>χωρὶς</em></strong></span> <span class='ocrx_word' id='word_1_80' title='bbox 497 977 642 1042; x_wconf 67' lang='grc' dir='ltr'><strong><em>ἵσταντο.“</em></strong></span> <span class='ocrx_word' id='word_1_81' title='bbox 685 975 803 1060; x_wconf 76' lang='grc' dir='ltr'><strong><em>Ἕτερον</em></strong></span> <span class='ocrx_word' id='word_1_82' title='bbox 840 979 856 1040; x_wconf 95' lang='grc' dir='ltr'><strong><em>δ</em></strong></span> <span class='ocrx_word' id='word_1_83' title='bbox 908 977 1061 1041; x_wconf 89' lang='grc' dir='ltr'><strong><em>ἐπεδίδουν</em></strong></span> <span class='ocrx_word' id='word_1_84' title='bbox 1094 973 1145 1052; x_wconf 80' lang='grc' dir='ltr'><strong><em>τάς</em></strong></span> <span class='ocrx_word' id='word_1_85' title='bbox 1180 975 1231 1060; x_wconf 87' lang='grc' dir='ltr'><strong><em>ῥά-</em></strong></span> 
     </span>
     <span class='ocr_line' id='line_1_10' title="bbox 58 1052 1229 1165; baseline 0.003 -42"><span class='ocrx_word' id='word_1_86' title='bbox 58 1061 150 1137; x_wconf 88' lang='grc' dir='ltr'><strong><em>βδους</em></strong></span> <span class='ocrx_word' id='word_1_87' title='bbox 168 1059 259 1142; x_wconf 73' lang='grc' dir='ltr'><strong><em>ἥμισυ</em></strong></span> <span class='ocrx_word' id='word_1_88' title='bbox 290 1056 378 1142; x_wconf 65' lang='grc' dir='ltr'><strong><em>ξηρὸν</em></strong></span> <span class='ocrx_word' id='word_1_89' title='bbox 401 1062 450 1125; x_wconf 81' lang='grc' dir='ltr'><strong><em>καί</em></strong></span> <span class='ocrx_word' id='word_1_90' title='bbox 477 1059 509 1129; x_wconf 89' lang='grc' dir='ltr'><strong><em>τδ</em></strong></span> <span class='ocrx_word' id='word_1_91' title='bbox 538 1060 629 1165; x_wconf 66' lang='grc' dir='ltr'><strong><em>ἥμισυ</em></strong></span> <span class='ocrx_word' id='word_1_92' title='bbox 657 1057 783 1143; x_wconf 83' lang='grc' dir='ltr'><strong><em>χλωρόν·</em></strong></span> <span class='ocrx_word' id='word_1_93' title='bbox 815 1062 864 1125; x_wconf 78' lang='grc' dir='ltr'><strong><em>ιιάλ</em></strong></span> <span class='ocrx_word' id='word_1_94' title='bbox 884 1052 962 1125; x_wconf 83' lang='grc' dir='ltr'><strong><em>οὗτοι</em></strong></span> <span class='ocrx_word' id='word_1_95' title='bbox 991 1059 1076 1143; x_wconf 81' lang='grc' dir='ltr'><strong><em>χωρὶς</em></strong></span> <span class='ocrx_word' id='word_1_96' title='bbox 1104 1062 1229 1127; x_wconf 78' lang='grc' dir='ltr'><strong><em>ἵσταντο.</em></strong></span> 
     </span>
     <span class='ocr_line' id='line_1_11' title="bbox 51 1139 1230 1249; baseline 0.003 -43"><span class='ocrx_word' id='word_1_97' title='bbox 51 1141 169 1225; x_wconf 73' lang='grc' dir='ltr'><strong><em>Ἕτεροι</em></strong></span> <span class='ocrx_word' id='word_1_98' title='bbox 189 1144 221 1209; x_wconf 86' lang='grc' dir='ltr'><strong><em>δέ</em></strong></span> <span class='ocrx_word' id='word_1_99' title='bbox 240 1142 422 1226; x_wconf 78' lang='grc' dir='ltr'><strong><em>προσέφερον</em></strong></span> <span class='ocrx_word' id='word_1_100' title='bbox 441 1142 492 1218; x_wconf 84' lang='grc' dir='ltr'><strong><em>τάς</em></strong></span> <span class='ocrx_word' id='word_1_101' title='bbox 514 1146 644 1249; x_wconf 69' lang='grc' dir='ltr'><strong><em>ῥαβδουη</em></strong></span> <span class='ocrx_word' id='word_1_102' title='bbox 676 1142 774 1209; x_wconf 74' lang='grc' dir='ltr'><strong><em>αύτοῖν</em></strong></span> <span class='ocrx_word' id='word_1_103' title='bbox 798 1139 834 1205; x_wconf 83' lang='grc' dir='ltr'><strong><em>τά</em></strong></span> <span class='ocrx_word' id='word_1_104' title='bbox 864 1140 918 1207; x_wconf 91' lang='grc' dir='ltr'><strong><em>δύο</em></strong></span> <span class='ocrx_word' id='word_1_105' title='bbox 945 1143 1016 1226; x_wconf 87' lang='grc' dir='ltr'><strong><em>μέρη</em></strong></span> <span class='ocrx_word' id='word_1_106' title='bbox 1043 1149 1095 1226; x_wconf 79' lang='grc' dir='ltr'><strong><em>τῆς</em></strong></span> <span class='ocrx_word' id='word_1_107' title='bbox 1116 1143 1230 1226; x_wconf 89' lang='grc' dir='ltr'><strong><em>ῥάβδου</em></strong></span> 
     </span>
     <span class='ocr_line' id='line_1_12' title="bbox 58 1223 1231 1311; baseline 0.004 -22"><span class='ocrx_word' id='word_1_108' title='bbox 58 1223 162 1308; x_wconf 81' lang='grc' dir='ltr'><strong><em>χλωρά,</em></strong></span> <span class='ocrx_word' id='word_1_109' title='bbox 183 1223 216 1292; x_wconf 81' lang='grc' dir='ltr'><strong><em>τὸ</em></strong></span> <span class='ocrx_word' id='word_1_110' title='bbox 239 1227 270 1291; x_wconf 82' lang='grc' dir='ltr'><strong><em>δέ</em></strong></span> <span class='ocrx_word' id='word_1_111' title='bbox 290 1229 384 1309; x_wconf 89' lang='grc' dir='ltr'><strong><em>τρίτον</em></strong></span> <span class='ocrx_word' id='word_1_112' title='bbox 405 1225 508 1309; x_wconf 77' lang='grc' dir='ltr'><strong><em>ξηρόν·</em></strong></span> <span class='ocrx_word' id='word_1_113' title='bbox 536 1228 586 1292; x_wconf 80' lang='grc' dir='ltr'><strong><em>καί</em></strong></span> <span class='ocrx_word' id='word_1_114' title='bbox 607 1249 689 1292; x_wconf 89' lang='grc' dir='ltr'><strong><em>ουτοι</em></strong></span> <span class='ocrx_word' id='word_1_115' title='bbox 710 1227 796 1310; x_wconf 77' lang='grc' dir='ltr'><strong><em>χωρίς</em></strong></span> <span class='ocrx_word' id='word_1_116' title='bbox 821 1227 944 1293; x_wconf 85' lang='grc' dir='ltr'><strong><em>ἵσταντο.</em></strong></span> <span class='ocrx_word' id='word_1_117' title='bbox 976 1224 1095 1311; x_wconf 84' lang='grc' dir='ltr'><strong><em>Ἕτεροι</em></strong></span> <span class='ocrx_word' id='word_1_118' title='bbox 1117 1227 1147 1293; x_wconf 72' lang='grc' dir='ltr'><strong><em>δὲ</em></strong></span> <span class='ocrx_word' id='word_1_119' title='bbox 1168 1229 1231 1293; x_wconf 88' lang='grc' dir='ltr'><strong><em>ἐπε-</em></strong></span> 
     </span>
     <span class='ocr_line' id='line_1_13' title="bbox 59 1306 1231 1395; baseline 0.001 -20"><span class='ocrx_word' id='word_1_120' title='bbox 59 1311 163 1375; x_wconf 84' lang='grc' dir='ltr'><strong><em>δίδουν</em></strong></span> <span class='ocrx_word' id='word_1_121' title='bbox 188 1310 223 1375; x_wconf 80' lang='grc' dir='ltr'><strong><em>τά</em></strong></span> <span class='ocrx_word' id='word_1_122' title='bbox 253 1306 308 1375; x_wconf 88' lang='grc' dir='ltr'><strong><em>δύο</em></strong></span> <span class='ocrx_word' id='word_1_123' title='bbox 337 1312 409 1393; x_wconf 80' lang='grc' dir='ltr'><strong><em>μέρη</em></strong></span> <span class='ocrx_word' id='word_1_124' title='bbox 431 1311 521 1393; x_wconf 80' lang='grc' dir='ltr'><strong><em>ξηρά,</em></strong></span> <span class='ocrx_word' id='word_1_125' title='bbox 550 1308 582 1375; x_wconf 85' lang='grc' dir='ltr'><strong><em>τό</em></strong></span> <span class='ocrx_word' id='word_1_126' title='bbox 612 1310 644 1375; x_wconf 71' lang='grc' dir='ltr'><strong><em>δὲ</em></strong></span> <span class='ocrx_word' id='word_1_127' title='bbox 671 1312 768 1392; x_wconf 90' lang='grc' dir='ltr'><strong><em>τρίτον</em></strong></span> <span class='ocrx_word' id='word_1_128' title='bbox 793 1309 919 1393; x_wconf 77' lang='grc' dir='ltr'><strong><em>χλωρόν·</em></strong></span> <span class='ocrx_word' id='word_1_129' title='bbox 961 1311 1010 1374; x_wconf 80' lang='grc' dir='ltr'><strong><em>καί</em></strong></span> <span class='ocrx_word' id='word_1_130' title='bbox 1039 1335 1120 1375; x_wconf 90' lang='grc' dir='ltr'><strong><em>ουτοι</em></strong></span> <span class='ocrx_word' id='word_1_131' title='bbox 1144 1312 1231 1395; x_wconf 80' lang='grc' dir='ltr'><strong><em>χωρίς</em></strong></span> 
     </span>
     <span class='ocr_line' id='line_1_14' title="bbox 58 1389 1231 1498; baseline 0.003 -42"><span class='ocrx_word' id='word_1_132' title='bbox 58 1394 182 1458; x_wconf 78' lang='grc' dir='ltr'><strong><em>ἵσταντο.</em></strong></span> <span class='ocrx_word' id='word_1_133' title='bbox 215 1392 332 1477; x_wconf 83' lang='grc' dir='ltr'><strong><em>Ἔτεροι</em></strong></span> <span class='ocrx_word' id='word_1_134' title='bbox 354 1394 386 1459; x_wconf 76' lang='grc' dir='ltr'><strong><em>δέ</em></strong></span> <span class='ocrx_word' id='word_1_135' title='bbox 407 1396 561 1459; x_wconf 80' lang='grc' dir='ltr'><strong><em>ἐπεδίδουν</em></strong></span> <span class='ocrx_word' id='word_1_136' title='bbox 582 1391 634 1468; x_wconf 85' lang='grc' dir='ltr'><strong><em>τάς</em></strong></span> <span class='ocrx_word' id='word_1_137' title='bbox 652 1391 782 1474; x_wconf 75' lang='grc' dir='ltr'><strong><em>ῥάβδους</em></strong></span> <span class='ocrx_word' id='word_1_138' title='bbox 810 1389 907 1456; x_wconf 83' lang='grc' dir='ltr'><strong><em>αύτῶν</em></strong></span> <span class='ocrx_word' id='word_1_139' title='bbox 934 1390 1013 1498; x_wconf 80' lang='grc' dir='ltr'><strong><em>παηά</em></strong></span> <span class='ocrx_word' id='word_1_140' title='bbox 1034 1392 1140 1476; x_wconf 83' lang='grc' dir='ltr'><strong><em>μικρὸν</em></strong></span> <span class='ocrx_word' id='word_1_141' title='bbox 1160 1394 1231 1473; x_wconf 79' lang='grc' dir='ltr'><strong><em>δίας</em></strong></span> 
     </span>
     <span class='ocr_line' id='line_1_15' title="bbox 57 1467 1228 1560; baseline 0.001 -20"><span class='ocrx_word' id='word_1_142' title='bbox 57 1474 176 1558; x_wconf 82' lang='grc' dir='ltr'><strong><em>χλωράς,</em></strong></span> <span class='ocrx_word' id='word_1_143' title='bbox 199 1473 345 1557; x_wconf 83' lang='grc' dir='ltr'><strong><em>ἐλάχιστον</em></strong></span> <span class='ocrx_word' id='word_1_144' title='bbox 372 1476 404 1541; x_wconf 77' lang='grc' dir='ltr'><strong><em>δέ</em></strong></span> <span class='ocrx_word' id='word_1_145' title='bbox 424 1485 482 1541; x_wconf 81' lang='grc' dir='ltr'><strong><em>τῶν</em></strong></span> <span class='ocrx_word' id='word_1_146' title='bbox 502 1474 621 1558; x_wconf 86' lang='grc' dir='ltr'><strong><em>ῥάβδων</em></strong></span> <span class='ocrx_word' id='word_1_147' title='bbox 642 1473 738 1539; x_wconf 79' lang='grc' dir='ltr'><strong><em>αύτῶυ</em></strong></span> <span class='ocrx_word' id='word_1_148' title='bbox 760 1472 848 1557; x_wconf 80' lang='grc' dir='ltr'><strong><em>ξηρόν</em></strong></span> <span class='ocrx_word' id='word_1_149' title='bbox 869 1467 923 1555; x_wconf 77' lang='grc' dir='ltr'><strong><em>ἦν,</em></strong></span> <span class='ocrx_word' id='word_1_150' title='bbox 955 1470 1028 1539; x_wconf 86' lang='grc' dir='ltr'><strong><em>αυτδ</em></strong></span> <span class='ocrx_word' id='word_1_151' title='bbox 1059 1474 1091 1540; x_wconf 86' lang='grc' dir='ltr'><strong><em>τό</em></strong></span> <span class='ocrx_word' id='word_1_152' title='bbox 1123 1475 1228 1560; x_wconf 85' lang='grc' dir='ltr'><strong><em>άνρον·</em></strong></span> 
     </span>
     <span class='ocr_line' id='line_1_16' title="bbox 57 1550 1229 1667; baseline 0.003 -46"><span class='ocrx_word' id='word_1_153' title='bbox 57 1556 177 1640; x_wconf 80' lang='grc' dir='ltr'><strong><em>σχιομάς</em></strong></span> <span class='ocrx_word' id='word_1_154' title='bbox 199 1558 230 1623; x_wconf 76' lang='grc' dir='ltr'><strong><em>δὲ</em></strong></span> <span class='ocrx_word' id='word_1_155' title='bbox 250 1556 327 1639; x_wconf 83' lang='grc' dir='ltr'><strong><em>εἶχον</em></strong></span> <span class='ocrx_word' id='word_1_156' title='bbox 347 1561 380 1623; x_wconf 87' lang='grc' dir='ltr'><strong><em>ἐν</em></strong></span> <span class='ocrx_word' id='word_1_157' title='bbox 401 1557 518 1633; x_wconf 89' lang='grc' dir='ltr'><strong><em>αύταῑς·</em></strong></span> <span class='ocrx_word' id='word_1_158' title='bbox 548 1560 597 1622; x_wconf 79' lang='grc' dir='ltr'><strong><em>καὶ</em></strong></span> <span class='ocrx_word' id='word_1_159' title='bbox 618 1550 700 1622; x_wconf 82' lang='grc' dir='ltr'><strong><em>οὗτοι</em></strong></span> <span class='ocrx_word' id='word_1_160' title='bbox 722 1558 808 1640; x_wconf 81' lang='grc' dir='ltr'><strong><em>χωρὶς</em></strong></span> <span class='ocrx_word' id='word_1_161' title='bbox 828 1558 953 1620; x_wconf 88' lang='grc' dir='ltr'><strong><em>ἵσταντο.</em></strong></span> <span class='ocrx_word' id='word_1_162' title='bbox 995 1554 1118 1667; x_wconf 76' lang='grc' dir='ltr'><strong><em>Ἑτέηωυ</em></strong></span> <span class='ocrx_word' id='word_1_163' title='bbox 1138 1561 1170 1623; x_wconf 81' lang='grc' dir='ltr'><strong><em>δέ</em></strong></span> <span class='ocrx_word' id='word_1_164' title='bbox 1190 1551 1229 1642; x_wconf 82' lang='grc' dir='ltr'><strong><em>ἦν</em></strong></span> 
     </span>
     <span class='ocr_line' id='line_1_17' title="bbox 57 1638 1228 1726; baseline -0.001 -20"><span class='ocrx_word' id='word_1_165' title='bbox 57 1639 204 1722; x_wconf 83' lang='grc' dir='ltr'><strong><em>ἐλάχιστον</em></strong></span> <span class='ocrx_word' id='word_1_166' title='bbox 223 1638 345 1724; x_wconf 77' lang='grc' dir='ltr'><strong><em>χλωρόν,</em></strong></span> <span class='ocrx_word' id='word_1_167' title='bbox 376 1640 412 1704; x_wconf 82' lang='grc' dir='ltr'><strong><em>τά</em></strong></span> <span class='ocrx_word' id='word_1_168' title='bbox 438 1641 470 1704; x_wconf 78' lang='grc' dir='ltr'><strong><em>δὲ</em></strong></span> <span class='ocrx_word' id='word_1_169' title='bbox 489 1639 576 1705; x_wconf 80' lang='grc' dir='ltr'><strong><em>λοιπά</em></strong></span> <span class='ocrx_word' id='word_1_170' title='bbox 605 1647 664 1704; x_wconf 86' lang='grc' dir='ltr'><strong><em>τάν</em></strong></span> <span class='ocrx_word' id='word_1_171' title='bbox 692 1640 810 1722; x_wconf 84' lang='grc' dir='ltr'><strong><em>ῥάβδων</em></strong></span> <span class='ocrx_word' id='word_1_172' title='bbox 837 1638 925 1722; x_wconf 83' lang='grc' dir='ltr'><strong><em>ξηρά·</em></strong></span> <span class='ocrx_word' id='word_1_173' title='bbox 956 1640 1006 1704; x_wconf 80' lang='grc' dir='ltr'><strong><em>καί</em></strong></span> <span class='ocrx_word' id='word_1_174' title='bbox 1035 1664 1117 1705; x_wconf 91' lang='grc' dir='ltr'><strong><em>ουτοι</em></strong></span> <span class='ocrx_word' id='word_1_175' title='bbox 1142 1643 1228 1726; x_wconf 85' lang='grc' dir='ltr'><strong><em>χωρίς</em></strong></span> 
     </span>
     <span class='ocr_line' id='line_1_18' title="bbox 56 1720 1228 1827; baseline 0.003 -40"><span class='ocrx_word' id='word_1_176' title='bbox 56 1725 180 1788; x_wconf 82' lang='grc' dir='ltr'><strong><em>ἵσταντο.</em></strong></span> <span class='ocrx_word' id='word_1_177' title='bbox 222 1723 340 1805; x_wconf 86' lang='grc' dir='ltr'><strong><em>Ἕτεροι</em></strong></span> <span class='ocrx_word' id='word_1_178' title='bbox 360 1724 392 1788; x_wconf 76' lang='grc' dir='ltr'><strong><em>δέ</em></strong></span> <span class='ocrx_word' id='word_1_179' title='bbox 412 1721 533 1827; x_wconf 73' lang='grc' dir='ltr'><strong><em>ἤρχοντο</em></strong></span> <span class='ocrx_word' id='word_1_180' title='bbox 554 1720 605 1798; x_wconf 85' lang='grc' dir='ltr'><strong><em>τδις</em></strong></span> <span class='ocrx_word' id='word_1_181' title='bbox 624 1724 754 1805; x_wconf 89' lang='grc' dir='ltr'><strong><em>ῥάβδους</em></strong></span> <span class='ocrx_word' id='word_1_182' title='bbox 774 1722 885 1804; x_wconf 78' lang='grc' dir='ltr'><strong><em>χλωρὰς</em></strong></span> <span class='ocrx_word' id='word_1_183' title='bbox 904 1721 1041 1806; x_wconf 76' lang='grc' dir='ltr'><strong><em>φέροντες</em></strong></span> <span class='ocrx_word' id='word_1_184' title='bbox 1062 1721 1102 1799; x_wconf 84' lang='grc' dir='ltr'><strong><em>τός</em></strong></span> <span class='ocrx_word' id='word_1_185' title='bbox 1123 1725 1228 1807; x_wconf 69' lang='grc' dir='ltr'><strong><em>ἔλαβον</em></strong></span> 
     </span>
     <span class='ocr_line' id='line_1_19' title="bbox 56 1802 1227 1913; baseline 0.003 -44"><span class='ocrx_word' id='word_1_186' title='bbox 56 1805 136 1889; x_wconf 79' lang='grc' dir='ltr'><strong><em>παρὰ</em></strong></span> <span class='ocrx_word' id='word_1_187' title='bbox 155 1813 208 1870; x_wconf 81' lang='grc' dir='ltr'><strong><em>τοῦ</em></strong></span> <span class='ocrx_word' id='word_1_188' title='bbox 229 1805 365 1890; x_wconf 79' lang='grc' dir='ltr'><strong><em>άγγὲλου·</em></strong></span> <span class='ocrx_word' id='word_1_189' title='bbox 402 1832 435 1870; x_wconf 89' lang='grc' dir='ltr'><strong><em>το</em></strong></span> <span class='ocrx_word' id='word_1_190' title='bbox 465 1805 496 1871; x_wconf 74' lang='grc' dir='ltr'><strong><em>δὲ</em></strong></span> <span class='ocrx_word' id='word_1_191' title='bbox 516 1813 615 1871; x_wconf 83' lang='grc' dir='ltr'><strong><em>πλεῖον</em></strong></span> <span class='ocrx_word' id='word_1_192' title='bbox 643 1806 729 1890; x_wconf 69' lang='grc' dir='ltr'><strong><em>μέρος</em></strong></span> <span class='ocrx_word' id='word_1_193' title='bbox 757 1813 808 1870; x_wconf 87' lang='grc' dir='ltr'><strong><em>τού</em></strong></span> <span class='ocrx_word' id='word_1_194' title='bbox 829 1803 916 1887; x_wconf 82' lang='grc' dir='ltr'><strong><em>ύχλου</em></strong></span> <span class='ocrx_word' id='word_1_195' title='bbox 937 1802 1073 1913; x_wconf 62' lang='grc' dir='ltr'><strong><em>τοιαύτας</em></strong></span> <span class='ocrx_word' id='word_1_196' title='bbox 1099 1805 1227 1890; x_wconf 89' lang='grc' dir='ltr'><strong><em>ῥάβδους</em></strong></span> 
     </span>
     <span class='ocr_line' id='line_1_20' title="bbox 56 1885 1227 1974; baseline 0.002 -20"><span class='ocrx_word' id='word_1_197' title='bbox 56 1890 217 1954; x_wconf 73' lang='grc' dir='ltr'><strong><em>ἐπεδίδουν.</em></strong></span> <span class='ocrx_word' id='word_1_198' title='bbox 259 1886 292 1954; x_wconf 89' lang='grc' dir='ltr'><em>Ὁ</em></span> <span class='ocrx_word' id='word_1_199' title='bbox 320 1888 352 1954; x_wconf 70' lang='grc' dir='ltr'><strong><em>δὲ</em></strong></span> <span class='ocrx_word' id='word_1_200' title='bbox 377 1886 494 1974; x_wconf 74' lang='grc' dir='ltr'><strong><em>ἅγγελος</em></strong></span> <span class='ocrx_word' id='word_1_201' title='bbox 515 1891 563 1955; x_wconf 77' lang='grc' dir='ltr'><strong><em>ἐπὶ</em></strong></span> <span class='ocrx_word' id='word_1_202' title='bbox 583 1885 696 1964; x_wconf 79' lang='grc' dir='ltr'><strong><em>τούτοις</em></strong></span> <span class='ocrx_word' id='word_1_203' title='bbox 724 1887 811 1973; x_wconf 88' lang='grc' dir='ltr'><strong><em>ἐχάρη</em></strong></span> <span class='ocrx_word' id='word_1_204' title='bbox 839 1892 919 1953; x_wconf 83' lang='grc' dir='ltr'><strong><em>λίαν·</em></strong></span> <span class='ocrx_word' id='word_1_205' title='bbox 951 1890 1003 1955; x_wconf 80' lang='grc' dir='ltr'><strong><em>καί</em></strong></span> <span class='ocrx_word' id='word_1_206' title='bbox 1031 1914 1113 1955; x_wconf 90' lang='grc' dir='ltr'><strong><em>ουτοι</em></strong></span> <span class='ocrx_word' id='word_1_207' title='bbox 1141 1893 1227 1973; x_wconf 79' lang='grc' dir='ltr'><strong><em>χωρίς</em></strong></span> 
     </span>
     <span class='ocr_line' id='line_1_21' title="bbox 56 1969 1224 2059; baseline 0.003 -24"><span class='ocrx_word' id='word_1_208' title='bbox 56 1974 191 2056; x_wconf 60' lang='grc' dir='ltr'><strong><em>ἵσταντο.ι</em></strong></span> <span class='ocrx_word' id='word_1_209' title='bbox 224 1971 347 2055; x_wconf 82' lang='grc' dir='ltr'><strong><em>Ἕτεροι</em></strong></span> <span class='ocrx_word' id='word_1_210' title='bbox 368 1972 400 2037; x_wconf 77' lang='grc' dir='ltr'><strong><em>δέ</em></strong></span> <span class='ocrx_word' id='word_1_211' title='bbox 420 1975 574 2038; x_wconf 84' lang='grc' dir='ltr'><strong><em>ἐπεδίδουν</em></strong></span> <span class='ocrx_word' id='word_1_212' title='bbox 594 1970 645 2047; x_wconf 80' lang='grc' dir='ltr'><strong><em>τὰς</em></strong></span> <span class='ocrx_word' id='word_1_213' title='bbox 666 1969 795 2055; x_wconf 76' lang='grc' dir='ltr'><strong><em>ῥάβδους</em></strong></span> <span class='ocrx_word' id='word_1_214' title='bbox 814 1970 911 2039; x_wconf 82' lang='grc' dir='ltr'><strong><em>αύτῶν</em></strong></span> <span class='ocrx_word' id='word_1_215' title='bbox 931 1970 1043 2056; x_wconf 77' lang='grc' dir='ltr'><strong><em>χλωρὰς</em></strong></span> <span class='ocrx_word' id='word_1_216' title='bbox 1063 1975 1113 2039; x_wconf 79' lang='grc' dir='ltr'><strong><em>καί</em></strong></span> <span class='ocrx_word' id='word_1_217' title='bbox 1135 2001 1224 2059; x_wconf 85' lang='grc' dir='ltr'><strong><em>παρα-</em></strong></span> 
     </span>
     <span class='ocr_line' id='line_1_22' title="bbox 57 2053 1225 2140; baseline 0.003 -21"><span class='ocrx_word' id='word_1_218' title='bbox 57 2056 175 2137; x_wconf 87' lang='grc' dir='ltr'><strong><em>φυάδας</em></strong></span> <span class='ocrx_word' id='word_1_219' title='bbox 204 2055 337 2137; x_wconf 80' lang='grc' dir='ltr'><strong><em>ἐχούσας·</em></strong></span> <span class='ocrx_word' id='word_1_220' title='bbox 365 2058 399 2120; x_wconf 80' lang='grc' dir='ltr'><strong><em>αἱ</em></strong></span> <span class='ocrx_word' id='word_1_221' title='bbox 424 2056 456 2121; x_wconf 75' lang='grc' dir='ltr'><strong><em>δέ</em></strong></span> <span class='ocrx_word' id='word_1_222' title='bbox 482 2055 673 2140; x_wconf 88' lang='grc' dir='ltr'><strong><em>παραφυάδες</em></strong></span> <span class='ocrx_word' id='word_1_223' title='bbox 699 2053 797 2121; x_wconf 77' lang='grc' dir='ltr'><strong><em>αὐτῶν</em></strong></span> <span class='ocrx_word' id='word_1_224' title='bbox 824 2054 892 2121; x_wconf 81' lang='grc' dir='ltr'><strong><em>άσεὶ</em></strong></span> <span class='ocrx_word' id='word_1_225' title='bbox 919 2053 1034 2140; x_wconf 86' lang='grc' dir='ltr'><strong><em>καρπόν</em></strong></span> <span class='ocrx_word' id='word_1_226' title='bbox 1054 2082 1119 2121; x_wconf 88' lang='grc' dir='ltr'><strong><em>τινα</em></strong></span> <span class='ocrx_word' id='word_1_227' title='bbox 1141 2055 1225 2140; x_wconf 78' lang='grc' dir='ltr'><strong><em>εἶχεν,</em></strong></span> 
     </span>
     <span class='ocr_line' id='line_1_23' title="bbox 57 2131 1224 2222; baseline 0.001 -18"><span class='ocrx_word' id='word_1_228' title='bbox 57 2142 105 2204; x_wconf 82' lang='grc' dir='ltr'><strong><em>καί</em></strong></span> <span class='ocrx_word' id='word_1_229' title='bbox 126 2142 191 2204; x_wconf 88' lang='grc' dir='ltr'><strong><em>λίαν</em></strong></span> <span class='ocrx_word' id='word_1_230' title='bbox 212 2141 307 2222; x_wconf 82' lang='grc' dir='ltr'><strong><em>ίλαροὶ</em></strong></span> <span class='ocrx_word' id='word_1_231' title='bbox 326 2131 403 2218; x_wconf 78' lang='grc' dir='ltr'><strong><em>ἦσαν</em></strong></span> <span class='ocrx_word' id='word_1_232' title='bbox 424 2142 455 2204; x_wconf 85' lang='grc' dir='ltr'><strong><em>οί</em></strong></span> <span class='ocrx_word' id='word_1_233' title='bbox 473 2137 631 2220; x_wconf 83' lang='grc' dir='ltr'><strong><em>άνθρωποι</em></strong></span> <span class='ocrx_word' id='word_1_234' title='bbox 653 2140 767 2217; x_wconf 84' lang='grc' dir='ltr'><strong><em>ἐκεῖνοι,</em></strong></span> <span class='ocrx_word' id='word_1_235' title='bbox 788 2132 829 2203; x_wconf 76' lang='grc' dir='ltr'><strong><em>ὧν</em></strong></span> <span class='ocrx_word' id='word_1_236' title='bbox 850 2142 884 2202; x_wconf 81' lang='grc' dir='ltr'><strong><em>αἱ</em></strong></span> <span class='ocrx_word' id='word_1_237' title='bbox 903 2137 1008 2222; x_wconf 90' lang='grc' dir='ltr'><strong><em>ῥάβδοι</em></strong></span> <span class='ocrx_word' id='word_1_238' title='bbox 1028 2148 1157 2205; x_wconf 86' lang='grc' dir='ltr'><strong><em>τοιαῦται</em></strong></span> <span class='ocrx_word' id='word_1_239' title='bbox 1179 2140 1224 2207; x_wconf 90' lang='grc' dir='ltr'><strong><em>εύ-</em></strong></span> 
     </span>
     <span class='ocr_line' id='line_1_24' title="bbox 56 2219 1225 2307; baseline 0.003 -22"><span class='ocrx_word' id='word_1_240' title='bbox 56 2224 202 2303; x_wconf 78' lang='grc' dir='ltr'><strong><em>ρίθησαν·</em></strong></span> <span class='ocrx_word' id='word_1_241' title='bbox 241 2224 291 2285; x_wconf 83' lang='grc' dir='ltr'><strong><em>καὶ</em></strong></span> <span class='ocrx_word' id='word_1_242' title='bbox 320 2222 338 2286; x_wconf 86' lang='grc' dir='ltr'><strong><em>δ</em></strong></span> <span class='ocrx_word' id='word_1_243' title='bbox 367 2220 486 2306; x_wconf 76' lang='grc' dir='ltr'><strong><em>ἄγγελος</em></strong></span> <span class='ocrx_word' id='word_1_244' title='bbox 505 2223 553 2286; x_wconf 74' lang='grc' dir='ltr'><strong><em>ἐπὶ</em></strong></span> <span class='ocrx_word' id='word_1_245' title='bbox 581 2222 696 2298; x_wconf 87' lang='grc' dir='ltr'><strong><em>τούτοις</em></strong></span> <span class='ocrx_word' id='word_1_246' title='bbox 715 2220 886 2307; x_wconf 77' lang='grc' dir='ltr'><strong><em>ἠγαλλιᾶτο,</em></strong></span> <span class='ocrx_word' id='word_1_247' title='bbox 915 2226 965 2286; x_wconf 78' lang='grc' dir='ltr'><strong><em>καί</em></strong></span> <span class='ocrx_word' id='word_1_248' title='bbox 992 2219 1139 2304; x_wconf 77' lang='grc' dir='ltr'><strong><em>όττοιμὴν</em></strong></span> <span class='ocrx_word' id='word_1_249' title='bbox 1159 2226 1225 2289; x_wconf 88' lang='grc' dir='ltr'><strong><em>λίαν</em></strong></span> 
     </span>
     <span class='ocr_line' id='line_1_25' title="bbox 57 2297 529 2389; baseline 0.004 -22"><span class='ocrx_word' id='word_1_250' title='bbox 57 2301 156 2389; x_wconf 74' lang='grc' dir='ltr'><strong><em>ἱλαρός</em></strong></span> <span class='ocrx_word' id='word_1_251' title='bbox 175 2297 214 2386; x_wconf 75' lang='grc' dir='ltr'><strong><em>ἦν</em></strong></span> <span class='ocrx_word' id='word_1_252' title='bbox 234 2305 284 2368; x_wconf 84' lang='grc' dir='ltr'><strong><em>ἐπί</em></strong></span> <span class='ocrx_word' id='word_1_253' title='bbox 300 2302 424 2380; x_wconf 87' lang='grc' dir='ltr'><strong><em>τούτοις.</em></strong></span> <span class='ocrx_word' id='word_1_254' title='bbox 527 2372 529 2377; x_wconf 69' lang='grc'><em>,</em></span> 
     </span>
    </p>
   </div>
   <div class='ocr_carea' id='block_1_3' title="bbox 56 2476 1227 3979">
    <p class='ocr_par' dir='ltr' id='par_1_3' title="bbox 56 2476 1227 3979">
     <span class='ocr_line' id='line_1_26' title="bbox 143 2476 1226 2582; baseline -0.001 -39"><span class='ocrx_word' id='word_1_255' title='bbox 143 2488 173 2544; x_wconf 88' lang='grc' dir='ltr'><strong><em>ΙΙ.</em></strong></span> <span class='ocrx_word' id='word_1_256' title='bbox 210 2476 360 2543; x_wconf 73' lang='grc' dir='ltr'><strong><em>Ἐνιίλευσε</em></strong></span> <span class='ocrx_word' id='word_1_257' title='bbox 390 2478 422 2541; x_wconf 79' lang='grc' dir='ltr'><strong><em>δὲ</em></strong></span> <span class='ocrx_word' id='word_1_258' title='bbox 448 2476 467 2542; x_wconf 87' lang='grc' dir='ltr'><strong><em>ά</em></strong></span> <span class='ocrx_word' id='word_1_259' title='bbox 495 2478 614 2564; x_wconf 76' lang='grc' dir='ltr'><strong><em>άχγελος</em></strong></span> <span class='ocrx_word' id='word_1_260' title='bbox 638 2480 743 2562; x_wconf 82' lang='grc' dir='ltr'><strong><em>κυρίου</em></strong></span> <span class='ocrx_word' id='word_1_261' title='bbox 774 2476 937 2557; x_wconf 84' lang='grc' dir='ltr'><strong><em>στεφάνους</em></strong></span> <span class='ocrx_word' id='word_1_262' title='bbox 964 2478 1137 2582; x_wconf 72' lang='grc' dir='ltr'><strong><em>ἐνεχθηναι·</em></strong></span> <span class='ocrx_word' id='word_1_263' title='bbox 1176 2478 1226 2542; x_wconf 80' lang='grc' dir='ltr'><strong><em>καί</em></strong></span> 
     </span>
     <span class='ocr_line' id='line_1_27' title="bbox 57 2558 1226 2647; baseline -0.003 -21"><span class='ocrx_word' id='word_1_264' title='bbox 57 2560 226 2644; x_wconf 74' lang='grc' dir='ltr'><strong><em>ἠνέχθησαν</em></strong></span> <span class='ocrx_word' id='word_1_265' title='bbox 247 2563 384 2640; x_wconf 79' lang='grc' dir='ltr'><strong><em>στέφανοι</em></strong></span> <span class='ocrx_word' id='word_1_266' title='bbox 404 2558 472 2626; x_wconf 81' lang='grc' dir='ltr'><strong><em>άοεί</em></strong></span> <span class='ocrx_word' id='word_1_267' title='bbox 493 2565 527 2627; x_wconf 84' lang='grc' dir='ltr'><strong><em>ἐκ</em></strong></span> <span class='ocrx_word' id='word_1_268' title='bbox 546 2560 868 2647; x_wconf 70' lang='grc' dir='ltr'><strong><em>φοινίκωνηεγονότες,</em></strong></span> <span class='ocrx_word' id='word_1_269' title='bbox 889 2562 938 2624; x_wconf 81' lang='grc' dir='ltr'><strong><em>καί</em></strong></span> <span class='ocrx_word' id='word_1_270' title='bbox 960 2561 1140 2640; x_wconf 78' lang='grc' dir='ltr'><strong><em>ἐστεφάνωσε</em></strong></span> <span class='ocrx_word' id='word_1_271' title='bbox 1158 2558 1226 2636; x_wconf 88' lang='grc' dir='ltr'><strong><em>τούς</em></strong></span> 
     </span>
     <span class='ocr_line' id='line_1_28' title="bbox 60 2641 1226 2728; baseline -0.003 -19"><span class='ocrx_word' id='word_1_272' title='bbox 60 2644 170 2728; x_wconf 78' lang='grc' dir='ltr'><strong><em>δνδρας</em></strong></span> <span class='ocrx_word' id='word_1_273' title='bbox 189 2642 258 2719; x_wconf 88' lang='grc' dir='ltr'><strong><em>τούς</em></strong></span> <span class='ocrx_word' id='word_1_274' title='bbox 279 2643 491 2720; x_wconf 83' lang='grc' dir='ltr'><strong><em>ἐπιδεδωκότας</em></strong></span> <span class='ocrx_word' id='word_1_275' title='bbox 517 2643 570 2720; x_wconf 81' lang='grc' dir='ltr'><strong><em>τάς</em></strong></span> <span class='ocrx_word' id='word_1_276' title='bbox 591 2643 720 2728; x_wconf 86' lang='grc' dir='ltr'><strong><em>ῥάβδους</em></strong></span> <span class='ocrx_word' id='word_1_277' title='bbox 746 2642 798 2720; x_wconf 86' lang='grc' dir='ltr'><strong><em>τάς</em></strong></span> <span class='ocrx_word' id='word_1_278' title='bbox 819 2642 938 2726; x_wconf 82' lang='grc' dir='ltr'><strong><em>ἐχούσας</em></strong></span> <span class='ocrx_word' id='word_1_279' title='bbox 957 2641 1009 2719; x_wconf 88' lang='grc' dir='ltr'><strong><em>τόις</em></strong></span> <span class='ocrx_word' id='word_1_280' title='bbox 1029 2641 1226 2727; x_wconf 85' lang='grc' dir='ltr'><strong><em>παραφυάδας</em></strong></span> 
     </span>
     <span class='ocr_line' id='line_1_29' title="bbox 59 2722 1226 2811; baseline -0.004 -18"><span class='ocrx_word' id='word_1_281' title='bbox 59 2730 109 2793; x_wconf 80' lang='grc' dir='ltr'><strong><em>καί</em></strong></span> <span class='ocrx_word' id='word_1_282' title='bbox 129 2728 243 2810; x_wconf 85' lang='grc' dir='ltr'><strong><em>καρπόν</em></strong></span> <span class='ocrx_word' id='word_1_283' title='bbox 263 2754 337 2805; x_wconf 87' lang='grc' dir='ltr'><strong><em>τινα,</em></strong></span> <span class='ocrx_word' id='word_1_284' title='bbox 359 2730 409 2791; x_wconf 82' lang='grc' dir='ltr'><strong><em>καὶ</em></strong></span> <span class='ocrx_word' id='word_1_285' title='bbox 429 2726 571 2793; x_wconf 82' lang='grc' dir='ltr'><strong><em>άπέλυσεν</em></strong></span> <span class='ocrx_word' id='word_1_286' title='bbox 593 2726 699 2804; x_wconf 86' lang='grc' dir='ltr'><strong><em>αύτούς</em></strong></span> <span class='ocrx_word' id='word_1_287' title='bbox 720 2730 762 2803; x_wconf 87' lang='grc' dir='ltr'><strong><em>είς</em></strong></span> <span class='ocrx_word' id='word_1_288' title='bbox 781 2726 833 2792; x_wconf 88' lang='grc' dir='ltr'><strong><em>τόν</em></strong></span> <span class='ocrx_word' id='word_1_289' title='bbox 852 2725 978 2811; x_wconf 80' lang='grc' dir='ltr'><strong><em>πύργον·</em></strong></span> <span class='ocrx_word' id='word_1_290' title='bbox 1017 2729 1065 2790; x_wconf 77' lang='grc' dir='ltr'><strong><em>καί</em></strong></span> <span class='ocrx_word' id='word_1_291' title='bbox 1093 2723 1161 2801; x_wconf 87' lang='grc' dir='ltr'><strong><em>τούς</em></strong></span> <span class='ocrx_word' id='word_1_292' title='bbox 1176 2722 1226 2789; x_wconf 66' lang='grc' dir='ltr'><strong><em>άλ·</em></strong></span> 
     </span>
     <span class='ocr_line' id='line_1_30' title="bbox 58 2806 1226 2897; baseline -0.005 -20"><span class='ocrx_word' id='word_1_293' title='bbox 58 2819 128 2887; x_wconf 89' lang='grc' dir='ltr'><strong><em>λους</em></strong></span> <span class='ocrx_word' id='word_1_294' title='bbox 155 2812 187 2876; x_wconf 83' lang='grc' dir='ltr'><strong><em>δέ</em></strong></span> <span class='ocrx_word' id='word_1_295' title='bbox 214 2812 377 2877; x_wconf 82' lang='grc' dir='ltr'><strong><em>άπέστειλεν</em></strong></span> <span class='ocrx_word' id='word_1_296' title='bbox 409 2813 449 2887; x_wconf 91' lang='grc' dir='ltr'><strong><em>είς</em></strong></span> <span class='ocrx_word' id='word_1_297' title='bbox 477 2810 530 2876; x_wconf 87' lang='grc' dir='ltr'><strong><em>τόν</em></strong></span> <span class='ocrx_word' id='word_1_298' title='bbox 560 2811 686 2897; x_wconf 76' lang='grc' dir='ltr'><strong><em>πύργον,</em></strong></span> <span class='ocrx_word' id='word_1_299' title='bbox 724 2809 793 2886; x_wconf 86' lang='grc' dir='ltr'><strong><em>τούς</em></strong></span> <span class='ocrx_word' id='word_1_300' title='bbox 818 2807 869 2885; x_wconf 86' lang='grc' dir='ltr'><strong><em>τάς</em></strong></span> <span class='ocrx_word' id='word_1_301' title='bbox 897 2809 1029 2892; x_wconf 80' lang='grc' dir='ltr'><strong><em>ῥάβδους</em></strong></span> <span class='ocrx_word' id='word_1_302' title='bbox 1045 2807 1097 2884; x_wconf 82' lang='grc' dir='ltr'><strong><em>τάς</em></strong></span> <span class='ocrx_word' id='word_1_303' title='bbox 1115 2806 1226 2892; x_wconf 84' lang='grc' dir='ltr'><strong><em>χλωράς</em></strong></span> 
     </span>
     <span class='ocr_line' id='line_1_31' title="bbox 58 2890 1226 2995; baseline -0.004 -35"><span class='ocrx_word' id='word_1_304' title='bbox 58 2894 269 2970; x_wconf 80' lang='grc' dir='ltr'><strong><em>ἐπιδεδωκότας</em></strong></span> <span class='ocrx_word' id='word_1_305' title='bbox 297 2895 347 2958; x_wconf 83' lang='grc' dir='ltr'><strong><em>καί</em></strong></span> <span class='ocrx_word' id='word_1_306' title='bbox 371 2895 569 2974; x_wconf 88' lang='grc' dir='ltr'><strong><em>παρυφυάδας</em></strong></span> <span class='ocrx_word' id='word_1_307' title='bbox 597 2893 732 2978; x_wconf 86' lang='grc' dir='ltr'><strong><em>ἐχούσας,</em></strong></span> <span class='ocrx_word' id='word_1_308' title='bbox 760 2892 878 2977; x_wconf 84' lang='grc' dir='ltr'><strong><em>παρπδν</em></strong></span> <span class='ocrx_word' id='word_1_309' title='bbox 898 2894 930 2957; x_wconf 77' lang='grc' dir='ltr'><strong><em>δδ</em></strong></span> <span class='ocrx_word' id='word_1_310' title='bbox 950 2891 989 2995; x_wconf 54' lang='grc' dir='ltr'><strong><em>(ιη’</em></strong></span> <span class='ocrx_word' id='word_1_311' title='bbox 1011 2891 1146 2973; x_wconf 81' lang='grc' dir='ltr'><strong><em>ἐχούσας,</em></strong></span> <span class='ocrx_word' id='word_1_312' title='bbox 1173 2890 1226 2968; x_wconf 83' lang='grc' dir='ltr'><strong><em>τάς</em></strong></span> 
     </span>
     <span class='ocr_line' id='line_1_32' title="bbox 58 2974 1226 3065; baseline -0.004 -21"><span class='ocrx_word' id='word_1_313' title='bbox 58 2979 256 3063; x_wconf 83' lang='grc' dir='ltr'><strong><em>παραφυάδας</em></strong></span> <span class='ocrx_word' id='word_1_314' title='bbox 276 2978 347 3054; x_wconf 83' lang='grc' dir='ltr'><strong><em>δούς</em></strong></span> <span class='ocrx_word' id='word_1_315' title='bbox 368 2977 467 3053; x_wconf 84' lang='grc' dir='ltr'><strong><em>αύτοῖς</em></strong></span> <span class='ocrx_word' id='word_1_316' title='bbox 486 2982 674 3065; x_wconf 72' lang='grc' dir='ltr'><strong><em>σφραγίδας·ι</em></strong></span> <span class='ocrx_word' id='word_1_317' title='bbox 708 2975 859 3059; x_wconf 83' lang='grc' dir='ltr'><strong><em>ίματισμδν</em></strong></span> <span class='ocrx_word' id='word_1_318' title='bbox 880 2976 913 3039; x_wconf 77' lang='grc' dir='ltr'><strong><em>δδ</em></strong></span> <span class='ocrx_word' id='word_1_319' title='bbox 932 3000 984 3041; x_wconf 87' lang='grc' dir='ltr'><strong><em>τον</em></strong></span> <span class='ocrx_word' id='word_1_320' title='bbox 1010 2975 1101 3040; x_wconf 85' lang='grc' dir='ltr'><strong><em>αδτδν</em></strong></span> <span class='ocrx_word' id='word_1_321' title='bbox 1119 2974 1226 3051; x_wconf 84' lang='grc' dir='ltr'><strong><em>πάντες</em></strong></span> 
     </span>
     <span class='ocr_line' id='line_1_33' title="bbox 58 3057 1226 3146; baseline -0.004 -19"><span class='ocrx_word' id='word_1_322' title='bbox 58 3060 136 3143; x_wconf 80' lang='grc' dir='ltr'><strong><em>είχον</em></strong></span> <span class='ocrx_word' id='word_1_323' title='bbox 162 3061 266 3126; x_wconf 82' lang='grc' dir='ltr'><strong><em>λευκόν</em></strong></span> <span class='ocrx_word' id='word_1_324' title='bbox 295 3060 362 3126; x_wconf 79' lang='grc' dir='ltr'><strong><em>άσεί</em></strong></span> <span class='ocrx_word' id='word_1_325' title='bbox 388 3059 473 3143; x_wconf 83' lang='grc' dir='ltr'><strong><em>χιόνα</em></strong></span> <span class='ocrx_word' id='word_1_326' title='bbox 491 3065 522 3126; x_wconf 80' lang='grc' dir='ltr'><strong><em>οἵ</em></strong></span> <span class='ocrx_word' id='word_1_327' title='bbox 540 3061 732 3146; x_wconf 81' lang='grc' dir='ltr'><strong><em>πορευόμενοι</em></strong></span> <span class='ocrx_word' id='word_1_328' title='bbox 759 3063 801 3136; x_wconf 88' lang='grc' dir='ltr'><strong><em>είς</em></strong></span> <span class='ocrx_word' id='word_1_329' title='bbox 826 3059 878 3124; x_wconf 82' lang='grc' dir='ltr'><strong><em>τὸν</em></strong></span> <span class='ocrx_word' id='word_1_330' title='bbox 903 3057 1025 3144; x_wconf 87' lang='grc' dir='ltr'><strong><em>πύργον.</em></strong></span> <span class='ocrx_word' id='word_1_331' title='bbox 1069 3061 1129 3122; x_wconf 79' lang='grc' dir='ltr'><strong><em>Καί</em></strong></span> <span class='ocrx_word' id='word_1_332' title='bbox 1157 3058 1226 3134; x_wconf 82' lang='grc' dir='ltr'><strong><em>τούς</em></strong></span> 
     </span>
     <span class='ocr_line' id='line_1_34' title="bbox 57 3138 1227 3229; baseline -0.003 -21"><span class='ocrx_word' id='word_1_333' title='bbox 57 3143 109 3218; x_wconf 77' lang='grc' dir='ltr'><strong><em>τάς</em></strong></span> <span class='ocrx_word' id='word_1_334' title='bbox 135 3143 265 3225; x_wconf 88' lang='grc' dir='ltr'><strong><em>ῥάβδους</em></strong></span> <span class='ocrx_word' id='word_1_335' title='bbox 296 3144 508 3222; x_wconf 81' lang='grc' dir='ltr'><strong><em>ἐπιδεδωκότας</em></strong></span> <span class='ocrx_word' id='word_1_336' title='bbox 532 3146 644 3229; x_wconf 73' lang='grc' dir='ltr'><strong><em>χλωρὰς</em></strong></span> <span class='ocrx_word' id='word_1_337' title='bbox 674 3142 715 3221; x_wconf 61' lang='lat' dir='ltr'><strong><em>&amp;c</em></strong></span> <span class='ocrx_word' id='word_1_338' title='bbox 744 3145 847 3226; x_wconf 79' lang='grc' dir='ltr'><strong><em>ίλαβον</em></strong></span> <span class='ocrx_word' id='word_1_339' title='bbox 867 3140 1006 3219; x_wconf 75' lang='grc' dir='ltr'><strong><em>ἆπίίυσε,</em></strong></span> <span class='ocrx_word' id='word_1_340' title='bbox 1033 3138 1106 3216; x_wconf 87' lang='grc' dir='ltr'><strong><em>δούς</em></strong></span> <span class='ocrx_word' id='word_1_341' title='bbox 1126 3139 1227 3216; x_wconf 86' lang='grc' dir='ltr'><strong><em>αύτοῖς</em></strong></span> 
     </span>
     <span class='ocr_line' id='line_1_35' title="bbox 59 3223 1225 3312; baseline -0.002 -22"><span class='ocrx_word' id='word_1_342' title='bbox 59 3227 213 3311; x_wconf 78' lang='grc' dir='ltr'><strong><em>ίματισμδν</em></strong></span> <span class='ocrx_word' id='word_1_343' title='bbox 232 3226 281 3290; x_wconf 81' lang='grc' dir='ltr'><strong><em>καί</em></strong></span> <span class='ocrx_word' id='word_1_344' title='bbox 301 3232 472 3312; x_wconf 86' lang='grc' dir='ltr'><strong><em>σφραγίδας.</em></strong></span> <span class='ocrx_word' id='word_1_345' title='bbox 516 3228 603 3294; x_wconf 76' lang='grc' dir='ltr'><strong><em>Μετὰ</em></strong></span> <span class='ocrx_word' id='word_1_346' title='bbox 622 3228 656 3293; x_wconf 92' lang='grc' dir='ltr'><strong><em>τδ</em></strong></span> <span class='ocrx_word' id='word_1_347' title='bbox 675 3234 767 3293; x_wconf 81' lang='grc' dir='ltr'><strong><em>ταῦτα</em></strong></span> <span class='ocrx_word' id='word_1_348' title='bbox 784 3227 895 3292; x_wconf 68' lang='grc' dir='ltr'><strong><em>τελέσαι</em></strong></span> <span class='ocrx_word' id='word_1_349' title='bbox 914 3225 967 3290; x_wconf 85' lang='grc' dir='ltr'><strong><em>τδν</em></strong></span> <span class='ocrx_word' id='word_1_350' title='bbox 997 3223 1119 3310; x_wconf 80' lang='grc' dir='ltr'><strong><em>’άγγελον</em></strong></span> <span class='ocrx_word' id='word_1_351' title='bbox 1139 3225 1225 3310; x_wconf 70' lang='grc' dir='ltr'><strong><em>λέγει’</em></strong></span> 
     </span>
     <span class='ocr_line' id='line_1_36' title="bbox 58 3305 1226 3396; baseline -0.001 -22"><span class='ocrx_word' id='word_1_352' title='bbox 58 3317 99 3396; x_wconf 69' lang='grc' dir='ltr'><strong><em>τῷ</em></strong></span> <span class='ocrx_word' id='word_1_353' title='bbox 119 3310 235 3392; x_wconf 83' lang='grc' dir='ltr'><strong><em>ποιμένι</em></strong></span> <span class='ocrx_word' id='word_1_354' title='bbox 251 3306 335 3393; x_wconf 77' lang='grc' dir='ltr'><strong><em>Ἐγδ</em></strong></span> <span class='ocrx_word' id='word_1_355' title='bbox 355 3305 473 3393; x_wconf 82' lang='grc' dir='ltr'><strong><em>ύπάγω·</em></strong></span> <span class='ocrx_word' id='word_1_356' title='bbox 495 3311 532 3374; x_wconf 85' lang='grc' dir='ltr'><strong><em>σύ</em></strong></span> <span class='ocrx_word' id='word_1_357' title='bbox 553 3312 585 3375; x_wconf 79' lang='grc' dir='ltr'><strong><em>δὲ</em></strong></span> <span class='ocrx_word' id='word_1_358' title='bbox 605 3310 728 3387; x_wconf 85' lang='grc' dir='ltr'><strong><em>τούτους</em></strong></span> <span class='ocrx_word' id='word_1_359' title='bbox 748 3308 905 3385; x_wconf 72' lang='grc' dir='ltr'><strong><em>ἀπολύσεις</em></strong></span> <span class='ocrx_word' id='word_1_360' title='bbox 924 3312 966 3386; x_wconf 77' lang='grc' dir='ltr'><strong><em>εἰς</em></strong></span> <span class='ocrx_word' id='word_1_361' title='bbox 985 3305 1022 3373; x_wconf 81' lang='grc' dir='ltr'><strong><em>τά</em></strong></span> <span class='ocrx_word' id='word_1_362' title='bbox 1033 3311 1110 3391; x_wconf 87' lang='grc' dir='ltr'><strong><em>τείχη</em></strong></span> <span class='ocrx_word' id='word_1_363' title='bbox 1122 3306 1226 3383; x_wconf 73' lang='grc' dir='ltr'><strong><em>ταθείς</em></strong></span> 
     </span>
     <span class='ocr_line' id='line_1_37' title="bbox 58 3391 1225 3475; baseline -0.002 -18"><span class='ocrx_word' id='word_1_364' title='bbox 58 3391 140 3472; x_wconf 81' lang='grc' dir='ltr'><strong><em>άξιός</em></strong></span> <span class='ocrx_word' id='word_1_365' title='bbox 163 3394 222 3457; x_wconf 82' lang='grc' dir='ltr'><strong><em>ἐστί</em></strong></span> <span class='ocrx_word' id='word_1_366' title='bbox 240 3415 285 3466; x_wconf 87' lang='grc' dir='ltr'><strong><em>τις</em></strong></span> <span class='ocrx_word' id='word_1_367' title='bbox 303 3401 465 3457; x_wconf 74' lang='grc' dir='ltr'><strong><em>κατοικεῖν·</em></strong></span> <span class='ocrx_word' id='word_1_368' title='bbox 486 3392 667 3474; x_wconf 80' lang='grc' dir='ltr'><strong><em>κατανόησον</em></strong></span> <span class='ocrx_word' id='word_1_369' title='bbox 688 3393 720 3458; x_wconf 75' lang='grc' dir='ltr'><strong><em>δὲ</em></strong></span> <span class='ocrx_word' id='word_1_370' title='bbox 740 3393 792 3468; x_wconf 79' lang='grc' dir='ltr'><strong><em>τὰς</em></strong></span> <span class='ocrx_word' id='word_1_371' title='bbox 813 3392 942 3475; x_wconf 83' lang='grc' dir='ltr'><strong><em>ῥάβδους</em></strong></span> <span class='ocrx_word' id='word_1_372' title='bbox 962 3391 1061 3456; x_wconf 74' lang='grc' dir='ltr'><strong><em>αὐτῶν</em></strong></span> <span class='ocrx_word' id='word_1_373' title='bbox 1075 3393 1225 3471; x_wconf 73' lang='grc' dir='ltr'><strong><em>ἐπιμελῶς,</em></strong></span> 
     </span>
     <span class='ocr_line' id='line_1_38' title="bbox 57 3471 1224 3578; baseline -0.004 -37"><span class='ocrx_word' id='word_1_374' title='bbox 57 3479 107 3542; x_wconf 83' lang='grc' dir='ltr'><strong><em>καλ</em></strong></span> <span class='ocrx_word' id='word_1_375' title='bbox 128 3476 221 3551; x_wconf 85' lang='grc' dir='ltr'><strong><em>ούτως</em></strong></span> <span class='ocrx_word' id='word_1_376' title='bbox 241 3471 405 3539; x_wconf 74' lang='grc' dir='ltr'><strong><em>ἀπόλυσον·</em></strong></span> <span class='ocrx_word' id='word_1_377' title='bbox 435 3475 574 3555; x_wconf 76' lang='grc' dir='ltr'><strong><em>ἐπιμελῶς</em></strong></span> <span class='ocrx_word' id='word_1_378' title='bbox 603 3476 635 3539; x_wconf 85' lang='grc' dir='ltr'><strong><em>δέ</em></strong></span> <span class='ocrx_word' id='word_1_379' title='bbox 655 3477 761 3540; x_wconf 77' lang='grc' dir='ltr'><strong><em>παιάν’</em></strong></span> <span class='ocrx_word' id='word_1_380' title='bbox 783 3498 844 3540; x_wconf 90' lang='grc' dir='ltr'><strong><em>σον.</em></strong></span> <span class='ocrx_word' id='word_1_381' title='bbox 888 3477 979 3538; x_wconf 73' lang='grc' dir='ltr'><strong><em>Βλέπε</em></strong></span> <span class='ocrx_word' id='word_1_382' title='bbox 1000 3472 1041 3578; x_wconf 73' lang='grc' dir='ltr'><strong><em>μτρ</em></strong></span> <span class='ocrx_word' id='word_1_383' title='bbox 1060 3498 1104 3546; x_wconf 86' lang='grc' dir='ltr'><strong><em>τις</em></strong></span> <span class='ocrx_word' id='word_1_384' title='bbox 1122 3494 1153 3537; x_wconf 88' lang='grc' dir='ltr'><strong><em>σε</em></strong></span> <span class='ocrx_word' id='word_1_385' title='bbox 1173 3498 1224 3536; x_wconf 85' lang='grc' dir='ltr'><strong><em>πα·</em></strong></span> 
     </span>
     <span class='ocr_line' id='line_1_39' title="bbox 58 3553 1225 3648; baseline -0.003 -24"><span class='ocrx_word' id='word_1_386' title='bbox 58 3562 160 3648; x_wconf 79' lang='grc' dir='ltr'><strong><em>ρέλθη,</em></strong></span> <span class='ocrx_word' id='word_1_387' title='bbox 180 3561 289 3640; x_wconf 87' lang='grc' dir='ltr'><strong><em>φησίν·</em></strong></span> <span class='ocrx_word' id='word_1_388' title='bbox 311 3555 363 3621; x_wconf 83' lang='grc' dir='ltr'><strong><em>ἐὰν</em></strong></span> <span class='ocrx_word' id='word_1_389' title='bbox 384 3558 416 3620; x_wconf 85' lang='grc' dir='ltr'><strong><em>δέ</em></strong></span> <span class='ocrx_word' id='word_1_390' title='bbox 436 3560 480 3632; x_wconf 90' lang='grc' dir='ltr'><strong><em>τίς</em></strong></span> <span class='ocrx_word' id='word_1_391' title='bbox 498 3577 531 3622; x_wconf 84' lang='grc' dir='ltr'><strong><em>σε</em></strong></span> <span class='ocrx_word' id='word_1_392' title='bbox 551 3560 625 3640; x_wconf 80' lang='grc' dir='ltr'><strong><em>τταρέ</em></strong></span> <span class='ocrx_word' id='word_1_393' title='bbox 693 3609 701 3639; x_wconf 87' lang='grc'><strong>,</strong></span> <span class='ocrx_word' id='word_1_394' title='bbox 814 3554 922 3631; x_wconf 85' lang='grc' dir='ltr'><strong><em>αύτούς</em></strong></span> <span class='ocrx_word' id='word_1_395' title='bbox 942 3556 990 3618; x_wconf 79' lang='grc' dir='ltr'><strong><em>ἐπί</em></strong></span> <span class='ocrx_word' id='word_1_396' title='bbox 1010 3579 1044 3618; x_wconf 89' lang='grc' dir='ltr'><strong><em>το</em></strong></span> <span class='ocrx_word' id='word_1_397' title='bbox 1067 3553 1225 3636; x_wconf 73' lang='grc' dir='ltr'><strong><em>θυσιαστά·</em></strong></span> 
     </span>
     <span class='ocr_line' id='line_1_40' title="bbox 56 3634 1225 3728; baseline -0.003 -22"><span class='ocrx_word' id='word_1_398' title='bbox 56 3664 121 3725; x_wconf 84' lang='grc' dir='ltr'><strong><em>ρων</em></strong></span> <span class='ocrx_word' id='word_1_399' title='bbox 141 3638 298 3722; x_wconf 80' lang='grc' dir='ltr'><strong><em>δοκιμάσει.</em></strong></span> <span class='ocrx_word' id='word_1_400' title='bbox 344 3647 442 3704; x_wconf 83' lang='grc' dir='ltr'><strong><em>Ταῦτα</em></strong></span> <span class='ocrx_word' id='word_1_401' title='bbox 464 3639 553 3706; x_wconf 78' lang='grc' dir='ltr'><strong><em>εἰπάν</em></strong></span> <span class='ocrx_word' id='word_1_402' title='bbox 573 3648 614 3728; x_wconf 73' lang='grc' dir='ltr'><strong><em>τῷ</em></strong></span> <span class='ocrx_word' id='word_1_403' title='bbox 634 3642 750 3723; x_wconf 77' lang='grc' dir='ltr'><strong><em>ποιμένι</em></strong></span> <span class='ocrx_word' id='word_1_404' title='bbox 771 3639 903 3720; x_wconf 58' lang='lat' dir='ltr'><strong><em>timim·</em></strong></span> <span class='ocrx_word' id='word_1_405' title='bbox 924 3638 974 3701; x_wconf 81' lang='grc' dir='ltr'><strong><em>καί</em></strong></span> <span class='ocrx_word' id='word_1_406' title='bbox 995 3634 1065 3718; x_wconf 71' lang='grc' dir='ltr'><strong><em>μετὰ</em></strong></span> <span class='ocrx_word' id='word_1_407' title='bbox 1084 3636 1118 3702; x_wconf 85' lang='grc' dir='ltr'><strong><em>τὸ</em></strong></span> <span class='ocrx_word' id='word_1_408' title='bbox 1139 3637 1225 3703; x_wconf 81' lang='grc' dir='ltr'><strong><em>ἇιτελ-</em></strong></span> 
     </span>
     <span class='ocr_line' id='line_1_41' title="bbox 56 3716 1225 3809; baseline -0.003 -20"><span class='ocrx_word' id='word_1_409' title='bbox 56 3733 124 3789; x_wconf 79' lang='grc' dir='ltr'><strong><em>θελυ</em></strong></span> <span class='ocrx_word' id='word_1_410' title='bbox 144 3722 195 3787; x_wconf 88' lang='grc' dir='ltr'><strong><em>τδν</em></strong></span> <span class='ocrx_word' id='word_1_411' title='bbox 214 3721 334 3807; x_wconf 78' lang='grc' dir='ltr'><strong><em>άγγελον</em></strong></span> <span class='ocrx_word' id='word_1_412' title='bbox 362 3724 436 3809; x_wconf 68' lang='grc' dir='ltr'><strong><em>λέγει</em></strong></span> <span class='ocrx_word' id='word_1_413' title='bbox 463 3746 515 3804; x_wconf 78' lang='grc' dir='ltr'><strong><em>μοι</em></strong></span> <span class='ocrx_word' id='word_1_414' title='bbox 540 3721 559 3791; x_wconf 85' lang='grc' dir='ltr'><strong><em>δ</em></strong></span> <span class='ocrx_word' id='word_1_415' title='bbox 586 3723 697 3806; x_wconf 71' lang='grc' dir='ltr'><strong><em>ποιμήν</em></strong></span> <span class='ocrx_word' id='word_1_416' title='bbox 717 3721 864 3804; x_wconf 78' lang='grc' dir='ltr'><strong><em>Αείβωμεν</em></strong></span> <span class='ocrx_word' id='word_1_417' title='bbox 885 3716 1002 3785; x_wconf 77' lang='grc' dir='ltr'><strong><em>πάντων</em></strong></span> <span class='ocrx_word' id='word_1_418' title='bbox 1023 3718 1074 3796; x_wconf 78' lang='grc' dir='ltr'><strong><em>τάς</em></strong></span> <span class='ocrx_word' id='word_1_419' title='bbox 1094 3718 1225 3802; x_wconf 87' lang='grc' dir='ltr'><strong><em>ῥάβδους</em></strong></span> 
     </span>
     <span class='ocr_line' id='line_1_42' title="bbox 58 3802 1226 3887; baseline -0.004 -17"><span class='ocrx_word' id='word_1_420' title='bbox 58 3807 108 3870; x_wconf 80' lang='grc' dir='ltr'><strong><em>καί</em></strong></span> <span class='ocrx_word' id='word_1_421' title='bbox 130 3803 317 3887; x_wconf 86' lang='grc' dir='ltr'><strong><em>φυτεύοωμεν</em></strong></span> <span class='ocrx_word' id='word_1_422' title='bbox 338 3804 444 3881; x_wconf 89' lang='grc' dir='ltr'><strong><em>αύτάς,</em></strong></span> <span class='ocrx_word' id='word_1_423' title='bbox 474 3809 503 3871; x_wconf 87' lang='grc' dir='ltr'><strong><em>εἵ</em></strong></span> <span class='ocrx_word' id='word_1_424' title='bbox 524 3830 601 3882; x_wconf 88' lang='grc' dir='ltr'><strong><em>τινες</em></strong></span> <span class='ocrx_word' id='word_1_425' title='bbox 620 3809 651 3884; x_wconf 83' lang='grc' dir='ltr'><strong><em>ἐξ</em></strong></span> <span class='ocrx_word' id='word_1_426' title='bbox 679 3803 776 3869; x_wconf 78' lang='grc' dir='ltr'><strong><em>αὐτῶν</em></strong></span> <span class='ocrx_word' id='word_1_427' title='bbox 801 3802 977 3884; x_wconf 76' lang='grc' dir='ltr'><strong><em>δυνήσονται</em></strong></span> <span class='ocrx_word' id='word_1_428' title='bbox 1005 3809 1097 3884; x_wconf 76' lang='grc' dir='ltr'><strong><em>ζῆσαι.</em></strong></span> <span class='ocrx_word' id='word_1_429' title='bbox 1139 3805 1226 3887; x_wconf 82' lang='grc' dir='ltr'><strong><em>Λέγω</em></strong></span> 
     </span>
     <span class='ocr_line' id='line_1_43' title="bbox 57 3884 1224 3979; baseline -0.006 -24"><span class='ocrx_word' id='word_1_430' title='bbox 57 3888 137 3976; x_wconf 79' lang='grc' dir='ltr'><strong><em>αύτῷ</em></strong></span> <span class='ocrx_word' id='word_1_431' title='bbox 159 3886 265 3972; x_wconf 85' lang='grc' dir='ltr'><strong><em>Κύριε,</em></strong></span> <span class='ocrx_word' id='word_1_432' title='bbox 294 3885 329 3950; x_wconf 83' lang='grc' dir='ltr'><strong><em>τά</em></strong></span> <span class='ocrx_word' id='word_1_433' title='bbox 359 3887 432 3971; x_wconf 79' lang='grc' dir='ltr'><strong><em>ξηρὰ</em></strong></span> <span class='ocrx_word' id='word_1_434' title='bbox 459 3897 549 3957; x_wconf 84' lang='grc' dir='ltr'><strong><em>ταῦτα</em></strong></span> <span class='ocrx_word' id='word_1_435' title='bbox 582 3897 645 3966; x_wconf 77' lang='grc' dir='ltr'><strong><em>πῶς</em></strong></span> <span class='ocrx_word' id='word_1_436' title='bbox 666 3885 805 3952; x_wconf 73' lang='grc' dir='ltr'><strong><em>δύνανται</em></strong></span> <span class='ocrx_word' id='word_1_437' title='bbox 821 3892 928 3979; x_wconf 29' lang='grc' dir='ltr'><strong><em>,ξῆσαις</em></strong></span> <span class='ocrx_word' id='word_1_438' title='bbox 966 3884 1155 3969; x_wconf 82' lang='grc' dir='ltr'><strong><em>Ἀποκριδείς</em></strong></span> <span class='ocrx_word' id='word_1_439' title='bbox 1175 3910 1224 3967; x_wconf 84' lang='grc' dir='ltr'><strong><em>μοι</em></strong></span> 
     </span>
    </p>
   </div>
   <div class='ocr_carea' id='block_1_4' title="bbox 56 4100 1224 4436">
    <p class='ocr_par' dir='ltr' id='par_1_4' title="bbox 56 4100 1224 4371">
     <span class='ocr_line' id='line_1_44' title="bbox 109 4100 1224 4173; baseline -0.002 -19"><span class='ocrx_word' id='word_1_440' title='bbox 109 4105 136 4166; x_wconf 79' lang='lat'><strong><em>2)</em></strong></span> <span class='ocrx_word' id='word_1_441' title='bbox 155 4101 341 4155; x_wconf 71' lang='grc' dir='ltr'><strong><em>ἐπεδίδοσαν·</em></strong></span> <span class='ocrx_word' id='word_1_442' title='bbox 358 4104 429 4153; x_wconf 87' lang='lat' dir='ltr'><strong>sich.</strong></span> <span class='ocrx_word' id='word_1_443' title='bbox 445 4105 459 4152; x_wconf 91' lang='grc' dir='ltr'><strong><em>Ι.</em></strong></span> <span class='ocrx_word' id='word_1_444' title='bbox 474 4104 556 4162; x_wconf 81' lang='lat' dir='ltr'><strong>codex,</strong></span> <span class='ocrx_word' id='word_1_445' title='bbox 575 4119 622 4152; x_wconf 85' lang='lat' dir='ltr'><strong><em>non</em></strong></span> <span class='ocrx_word' id='word_1_446' title='bbox 709 4103 812 4167; x_wconf 67' lang='grc' dir='ltr'><strong><em>διαλί.</em></strong></span> <span class='ocrx_word' id='word_1_447' title='bbox 851 4104 875 4169; x_wconf 86' lang='lat'><strong><em>1)</em></strong></span> <span class='ocrx_word' id='word_1_448' title='bbox 900 4100 1073 4173; x_wconf 76' lang='grc' dir='ltr'><strong><em>σηραγίδαςι</em></strong></span> <span class='ocrx_word' id='word_1_449' title='bbox 1103 4104 1150 4154; x_wconf 83' lang='lat' dir='ltr'><strong><em>hoc</em></strong></span> <span class='ocrx_word' id='word_1_450' title='bbox 1174 4120 1224 4154; x_wconf 79' lang='lat' dir='ltr'><strong>acc.</strong></span> 
     </span>
     <span class='ocr_line' id='line_1_45' title="bbox 56 4167 846 4237; baseline 0.001 -17"><span class='ocrx_word' id='word_1_451' title='bbox 56 4173 134 4235; x_wconf 87' lang='lat' dir='ltr'><strong>(quod</strong></span> <span class='ocrx_word' id='word_1_452' title='bbox 155 4180 192 4237; x_wconf 71' lang='grc' dir='ltr'><strong><em>εει</em></strong></span> <span class='ocrx_word' id='word_1_453' title='bbox 208 4171 231 4219; x_wconf 86' lang='lat' dir='ltr'><strong><em>in</em></strong></span> <span class='ocrx_word' id='word_1_454' title='bbox 250 4170 287 4219; x_wconf 85' lang='grc' dir='ltr'><strong><em>οδ.</em></strong></span> <span class='ocrx_word' id='word_1_455' title='bbox 308 4168 356 4232; x_wconf 80' lang='grc' dir='ltr'><strong><em>με.)</em></strong></span> <span class='ocrx_word' id='word_1_456' title='bbox 378 4178 405 4220; x_wconf 83' lang='grc' dir='ltr'><strong><em>ιιι</em></strong></span> <span class='ocrx_word' id='word_1_457' title='bbox 422 4177 507 4234; x_wconf 74' lang='lat' dir='ltr'><strong>postea</strong></span> <span class='ocrx_word' id='word_1_458' title='bbox 526 4167 624 4221; x_wconf 77' lang='grc' dir='ltr'><strong><em>ἐπεδί-</em></strong></span> <span class='ocrx_word' id='word_1_459' title='bbox 659 4170 734 4222; x_wconf 80' lang='lat' dir='ltr'>codex</span> <span class='ocrx_word' id='word_1_460' title='bbox 751 4171 846 4237; x_wconf 83' lang='lat' dir='ltr'><strong>ubique.</strong></span> 
     </span>
     <span class='ocr_line' id='line_1_46' title="bbox 57 4236 1100 4371; baseline 0.001 -17"><span class='ocrx_word' id='word_1_461' title='bbox 57 4236 133 4368; x_wconf 57' lang='grc' dir='ltr'><strong><em>δουδδ</em></strong></span> <span class='ocrx_word' id='word_1_462' title='bbox 150 4299 257 4354; x_wconf 74' lang='grc' dir='ltr'><strong><em>τιοιιιιίὴίλ</em></strong></span> <span class='ocrx_word' id='word_1_463' title='bbox 281 4303 355 4355; x_wconf 62' lang='lat' dir='ltr'><strong>deest</strong></span> <span class='ocrx_word' id='word_1_464' title='bbox 712 4303 738 4370; x_wconf 84' lang='lat'><strong><em>2)</em></strong></span> <span class='ocrx_word' id='word_1_465' title='bbox 755 4304 840 4371; x_wconf 71' lang='grc' dir='ltr'><strong><em>λέγεις</em></strong></span> <span class='ocrx_word' id='word_1_466' title='bbox 860 4304 911 4368; x_wconf 77' lang='lat' dir='ltr'><strong><em>ipse</em></strong></span> <span class='ocrx_word' id='word_1_467' title='bbox 930 4301 1005 4353; x_wconf 79' lang='lat' dir='ltr'>codex</span> <span class='ocrx_word' id='word_1_468' title='bbox 1022 4300 1100 4370; x_wconf 68' lang='grc' dir='ltr'><strong><em>λέγω.</em></strong></span> 
     </span>
    </p>

    <p class='ocr_par' dir='ltr' id='par_1_5' title="bbox 107 4371 573 4436">
     <span class='ocr_line' id='line_1_47' title="bbox 107 4371 573 4436; baseline -0.004 -15"><span class='ocrx_word' id='word_1_469' title='bbox 107 4371 136 4436; x_wconf 78' lang='grc'><strong><em>4)</em></strong></span> <span class='ocrx_word' id='word_1_470' title='bbox 149 4371 172 4421; x_wconf 88' lang='lat' dir='ltr'><strong><em>h.</em></strong></span> <span class='ocrx_word' id='word_1_471' title='bbox 184 4371 199 4420; x_wconf 81' lang='grc' dir='ltr'><strong><em>ί.</em></strong></span> <span class='ocrx_word' id='word_1_472' title='bbox 217 4386 301 4422; x_wconf 74' lang='lat' dir='ltr'>rursus</span> <span class='ocrx_word' id='word_1_473' title='bbox 318 4386 416 4422; x_wconf 80' lang='lat' dir='ltr'>mancus</span> <span class='ocrx_word' id='word_1_474' title='bbox 434 4377 470 4420; x_wconf 78' lang='lat' dir='ltr'><strong><em>est</em></strong></span> <span class='ocrx_word' id='word_1_475' title='bbox 489 4374 573 4419; x_wconf 73' lang='lat' dir='ltr'><strong>textus.</strong></span> 
     </span>
    </p>
   </div>
   <div class='ocr_carea' id='block_1_5' title="bbox 0 0 1448 4882">
    <p class='ocr_par' dir='ltr' id='par_1_6' title="bbox 0 0 1448 4882">
     <span class='ocr_line' id='line_1_48' title="bbox 0 0 1448 4882; baseline 0 1"><span class='ocrx_word' id='word_1_476' title='bbox 0 0 1448 4882; x_wconf 95' lang='lat' dir='ltr'><strong><em> </em></strong></span> 
     </span>
    </p>
   </div>
  </div>
 </body>
</html>
