2886 4882
548 270 741 329 smmwno
764 270 806 341 λλ,
830 272 920 330 2—5.
1237 267 1298 332 623

131 423 263 512 πύργου·
287 425 306 507 ῆ
334 427 366 488 δέ
394 427 494 509 πέτρα
509 431 559 490 καί
585 426 606 509 ἡ
626 426 705 510 πύλη
731 421 772 510 ἦν
798 424 977 508 βαστάζουσα
1004 424 1073 489 δ’λαν
1100 427 1152 493 τόν
1178 427 1298 515 πύργον.

133 509 223 573 Μετὰ
236 510 268 573 δέ
287 507 355 584 τούς
366 508 389 570 ι’
405 512 511 584 λίθους
531 508 613 573 ἄλλοι
633 509 780 592 ἀνέβησαν
804 511 836 573 ἐκ
849 516 900 573 τοῦ
920 511 1021 591 βυθοῦ
1034 507 1111 587 κ[ε’]
1133 515 1228 576 λίθοι·
1249 517 1298 578 καί

132 586 215 696 ούτοι
241 590 435 674 ῆρμόσθησαν
460 596 502 696 εβς
519 591 575 700 τῆγ
602 593 763 740 οἰκοδομὴν
789 600 842 657 τοῦ
862 590 996 737 πύργουὲ,
1017 590 1221 694 βασιαζόμενοι
1240 595 1299 662 ύπδ

131 701 192 820 {2¹3
207 677 499 840 ἀλλόλνόῖἰλς
506 677 975 862 ηῗμλόόηλλῗλοῗυλλλλ
1006 675 1300 836 ’θύῖἷόςιέῖλδλλ

131 840 222 919 ἐτεροι
243 840 387 922 ἀνέβησαν
414 845 496 906 λίθοι
523 863 568 922 μ·
594 845 645 906 καί
665 837 747 907 ούτοι
773 839 880 917 πάντες
901 838 1069 923 ἐβλήθησαν
1089 843 1131 914 εἰς
1149 838 1205 922 τῆν
1225 843 1317 907 οἰκο,

135 922 229 1004 δομὴν
264 933 316 988 τοῦ
353 923 476 1008 πύργου.
528 927 590 988 Καί
622 925 785 991 ἐπαύσαντο
813 926 845 990 ἐκ
872 932 925 989 τού
955 928 1056 1006 βυθοῦ
1084 921 1299 1004 ἀναβαίνοντες·

131 1007 293 1071 ἐπαύσαντο
321 1008 353 1070 δέ
379 1011 430 1072 καί
456 1011 487 1072 οί
514 1011 736 1090 οίκοδομούικες
762 1006 874 1092 μικρόν.
918 1009 977 1070 Καί
1005 1004 1093 1070 πάλιν
1114 1007 1251 1084 ἐπέταξαν
1271 1010 1302 1071 οί

128 1093 162 1165 ἐξ
183 1088 286 1172 ἀνδρες
313 1099 352 1177 τῷ
382 1090 489 1173 πλήθει
511 1099 563 1155 τοῦ
585 1090 670 1173 όχλου
692 1095 804 1157 ἐκτῶν
824 1089 916 1175 ἀρέων
935 1092 1114 1175 παραφέρειν
1133 1093 1239 1165 λίθους
1259 1093 1300 1166 εἰς

132 1171 186 1253 τὴν
213 1173 374 1256 οἰκοδομὴν
402 1183 454 1239 τού
482 1173 612 1260 πύργου·
639 1178 837 1260 παρεφέροντο
865 1170 919 1239 οὖν
940 1176 972 1238 ἐκ
992 1173 1110 1239 πάντων
1130 1182 1188 1239 τῶν
1208 1172 1299 1258 όρέιτυ

131 1255 231 1339 χρόαις
257 1263 403 1332 ποικίλαις
431 1260 650 1340 λελατομημένοι
677 1257 736 1323 ύπό
758 1267 816 1323 τῶν
836 1256 959 1339 ἀνδρῶν,
981 1261 1031 1322 καλ
1052 1260 1217 1323 ἐνεδίδοντο
1236 1267 1300 1333 ταῖς

131 1342 309 1423 παρθένοις,
338 1342 370 1404 αἰ
395 1340 426 1402 δέ
445 1345 590 1425 παρθένοι
618 1343 753 1424 διέφερον
785 1339 892 1414 αύτούς
914 1339 962 1403 διά
983 1349 1036 1422 τῆς
1055 1342 1147 1423 πύλης
1167 1344 1217 1406 καί
1238 1343 1297 1406 ἐπε·

131 1426 234 1487 δίδουν
256 1427 297 1499 είς
322 1423 376 1506 τῆν
403 1423 562 1506 οἰκοδομὴν
582 1432 635 1487 τοῦ
663 1423 784 1508 πύργου.
828 1423 888 1485 Καὶ
908 1421 979 1485 δταν
1006 1427 1047 1498 εἰς
1067 1421 1121 1505 τὴν
1141 1424 1300 1506 οἰκοδομὴν

132 1508 275 1589 ἐτέθησαν
297 1509 328 1569 οί
346 1509 429 1571 λίθοι
450 1511 481 1572 οἰ
499 1509 643 1581 ποικίλοι,
665 1506 761 1587 ὅμοιοι
782 1507 913 1590 ἐγένοντο
934 1510 1048 1583 λευκοί,
1070 1507 1120 1569 καί
1140 1505 1192 1581 τάς
1212 1505 1299 1590 χρόας

130 1589 182 1665 τάς
209 1594 342 1664 ποικίλας
368 1587 538 1669 ἤλλασσον·’
564 1589 647 1664 τινές
667 1589 698 1652 δέ
718 1592 800 1653 λίθοι
820 1590 986 1653 ἐπεδίδοντο
1013 1586 1071 1652 ύπδ
1099 1596 1158 1653 τῶν
1185 1587 1299 1676 ἀνδρῶν

131 1677 173 1746 εἰς
199 1673 252 1753 τὴν
281 1670 453 1751 οἰκοδομήν,
483 1673 533 1735 καὶ
561 1669 616 1735 ούκ
647 1672 775 1757 ἐγίνοντο
802 1673 941 1753 λαμπροί,
969 1668 1033 1734 ἀλλ’
1063 1668 1120 1735 οἰοι
1148 1673 1297 1755 ἐτέθησαν,

130 1762 257 1819 τοιοῦτοι
276 1756 326 1819 καί
339 1753 517 1838 εὑρέθησαν
539 1753 576 1817 ού
597 1752 652 1839 γὰρ
665 1747 742 1836 ἦσαν
759 1751 832 1818 ἀπό*
852 1758 911 1819 τῶν
921 1755 1080 1838 παρθένιον
1091 1756 1296 1840 έπιδεδομένοι,

132 1837 201 1902 ούδέ
232 1835 281 1900 διὰ
311 1844 363 1918 τῆς
388 1836 481 1918 πύλης
509 1838 759 1923 παρενηνεγμέναι.
804 1829 894 1902 Ούτοι
920 1828 975 1901 σύν
1003 1839 1035 1901 οί
1054 1841 1135 1902 λίθοι
1163 1836 1299 1924 ἀπρεπεῖς

132 1915 210 2004 ἦσαν
238 1922 270 1984 ἐν
294 1927 330 2008 τῆ
357 1923 497 2010 οίκοδομῆ
529 1927 581 1986 τοῦ
609 1919 729 2007 πύργου.
774 1919 899 1995 ’ἰδόντες
932 1918 963 1983 δέ
990 1923 1021 1986 οί
1040 1924 1074 1998 έξ
1100 1920 1203 2006 ἀνδρες
1231 1923 1299 1999 τούς

131 2007 237 2078 λίθους
256 2000 325 2079 τούς
351 2003 490 2088 ἀπρεπεῖς
516 2006 548 2067 ἐν
567 2011 604 2091 τῆ
625 2008 778 2092 οἰκοδομῇ,
801 2005 952 2071 ἐκέλευσαν
972 2003 1080 2081 αύτούς
1100 2004 1230 2090 ἀρθῆναι
1249 2010 1299 2072 καλ

131 2087 343 2169 ἀπενεχθῆναι*
361 2086 439 2152 κάτον
460 2091 501 2162 εἰς
521 2085 573 2151 τδν
594 2089 670 2153 ίδιον
690 2088 781 2154 τόπον
801 2089 876 2151 ὅθεν
896 2085 1074 2170 ἠνέχθησανΒ
1081 2140 1149 2156 .....
1151 2092 1163 2124 ⁸
1184 2089 1297 2236 λῆουσι

131 2180 193 2247 τοῖς
213 2169 336 2249 ἀνδράσι
355 2180 415 2246 τοῖς
434 2171 649 2254 παρεκφέρουσι
669 2170 736 2247 τούς
749 2173 855 2245 λίθους
874 2169 984 2245 ‘ome'
1005 2170 1087 2252 ύμεῖς
1097 2171 1137 2253 μῆ
1156 2173 1203 2235 ἐπι
1223 2177 1299 2239 ίδοτε

132 2258 174 2330 εἰς
194 2252 247 2334 τῆν
267 2256 366 2317 οἰκοδο
407 2279 425 2316 ν
445 2257 567 2328 λίθους·
595 2257 704 2318 τίθετε”
740 2254 772 2318 δέ
793 2251 902 2328 αύτούς
928 2253 1007 2337 παρά
1026 2252 1079 2317 τδν
1099 2252 1228 2338 πύργον,
1249 2257 1298 2320 ίνα

132 2340 165 2400 αί
189 2337 334 2420 παρθένοι
362 2338 411 2401 δια
437 2343 489 2418 τῆς
517 2334 610 2418 πύλης
637 2337 848 2423 παρενέγκωσιν
870 2334 977 2412 αύτούς
997 2339 1046 2401 καλ
1069 2337 1236 2401 ἐπιδιδῶσιν
1257 2342 1298 2414 εἰς

130 2420 184 2502 τὴν
208 2418 373 2500 οἰκοδομήν.
412 2417 487 2483 Ἐάν
506 2418 579 2504 γάρ,
601 2423 723 2500 φασίν,ο
761 2420 810 2484 διά
839 2426 896 2484 τῶν
925 2427 1029 2503 χειρῶν
1056 2426 1114 2484 τῶν
1141 2422 1297 2524 παρθένων

131 2501 241 2567 τούτων
270 2501 309 2585 μὴ
331 2510 531 2586 παρενεχθῶσι
559 2501 607 2566 διά
627 2510 679 2586 τῆς
698 2502 801 2586 πύλης,
823 2502 875 2581 τάς
894 2500 982 2588 χρόας
1002 2501 1100 2568 αὐτῶν
1121 2501 1239 2580 ἀλλαξαι
1261 2504 1297 2569 ού

131 2587 285 2651 δύνανται·
307 2588 346 2667 μὴ
368 2593 486 2651 κοπιᾶτε
507 2578 570 2664 σύν,
591 2590 694 2667 φασίν,
717 2591 759 2663 εἰς
779 2586 880 2670 μάτηιί.

216 2762 246 2817 V.
289 2754 348 2817 Καὶ
378 2754 514 2837 ἐτελέσθη
537 2761 573 2842 τῆ
593 2752 685 2859 ῆμέργ
712 2753 807 2842 ἐκείνη
827 2751 849 2835 ἡ
869 2751 1023 2837 οἰκοδομή·
1045 2751 1099 2818 ούκ
1120 2751 1296 2836 ἀπετελέσθη

134 2836 166 2900 δέ
187 2835 205 2901 ό
225 2836 349 2922 πύργος·
373 2838 467 2919 ἐμελλε
493 2832 548 2922 γάρ
578 2846 665 2900 παλιν
694 2837 965 2918 έποικοδομεῖσθαι·
995 2837 1046 2900 καί
1072 2836 1180 2921 ἐγένετο
1209 2837 1297 2920 ἀνοχῆ

132 2928 184 3002 τῆς
207 2924 371 3004 οἰκοδομῆς.
410 2919 583 2985 Ἐκέλευσαν
608 2921 641 2983 δὲ
661 2922 693 2983 os
707 2923 741 2996 έξ
761 2918 865 3003 ἀνδρες
885 2919 953 2995 τούς
982 2922 1210 3002 οἰκοδομοῦντας
1230 2919 1298 2989 ἀνα·

131 3011 259 3085 χωρῆσαι
279 3003 383 3087 μικρὸν
403 3002 512 3079 πάντας
532 3005 582 3067 καί
603 3003 830 3084 ἀναπαυθῆναι·
850 3012 914 3079 ταῖς
935 3003 966 3066 δέ
986 3004 1146 3085 παρθένοις
1163 3005 1300 3079 ἐπέταξαν

133 3086 191 3148 ἀπὸ
213 3095 264 3150 τοῦ
277 3087 390 3171 πύργου
411 3085 450 3169 μὴ
472 3087 663 3192 ἀναχωρῆσαι.
702 3085 819 3150 Ἐδόκει
839 3087 872 3150 δέ
892 3111 940 3169 μοι
961 3082 1013 3161 τάς
1027 3087 1195 3170 παρθένους
1216 3112 1298 3150 κατα-

132 3177 283 3248 λελεῖφθαι
303 3178 356 3232 τοῦ
376 3169 535 3248 φυλάσσειν
555 3196 607 3234 τον
626 3168 746 3256 πύργον.
792 3168 880 3234 Μετὰ
901 3170 933 3234 δέ
945 3167 977 3233 τό
995 3167 1178 3253 ἀναχωρῆσαι
1190 3167 1299 3245 πάντας

132 3253 182 3315 καί
194 3251 404 3332 ἀναπαυθῆναι
417 3256 489 3336 λέγω
499 3261 540 3339 τῷ
559 3256 676 3336 ποιμένι
705 3257 741 3316 Τί
762 3252 815 3332 ὅτι,
837 3257 921 3336 φημί,
943 3251 1035 3338 κύριε,
1056 3251 1093 3317 ού
1110 3255 1298 3335 συνετελέσθη

131 3332 153 3416 οἱ
175 3333 314 3416 οἰκοδομὴ
328 3341 379 3398 τοῦ
390 3335 519 3418 πύργους
544 3334 642 3410 Ούπω,
665 3340 745 3417 φησί,
768 3335 889 3400 δύναται
906 3336 1136 3419 ἀποτελεσθῆναι
1151 3334 1299 3421 δπύργος,

133 3416 185 3483 ἐὰν
205 3416 245 3501 μὴ
267 3419 339 3498 έλθη
360 3415 377 3480 ό
397 3416 499 3501 κύριος
519 3417 610 3482 αὐτού
631 3419 681 3482 καλ
701 3417 843 3507 δοκιμάσῃ
864 3416 916 3502 τὴν
930 3417 1088 3499 οἰκοδομὴν
1102 3420 1218 3498 ταύτην,
1240 3422 1297 3495 ἵνα,

133 3499 184 3565 έάν
204 3525 279 3578 τινες
299 3481 379 3566 λίθοι
400 3500 505 3584 σαπρολ
521 3497 692 3583 ιύρεθῶσιν,
714 3498 822 3590 ἀλλάξῃ
834 3499 957 3576 αύτούς·
978 3498 1061 3584 πρὸςι
1073 3499 1127 3584 γάρ
1141 3497 1174 3562 τό
1186 3501 1298 3565 ἐκείνου

132 3585 246 3666 θέλημα
272 3587 465 3666 οἰκοδομεῖται
494 3581 651 3670 όπόργος.
684 3581 834 3662 Ἤθελον,
864 3587 958 3667 φημί,
986 3581 1081 3666 κύριε,
1111 3579 1216 3647 τούτου
1247 3591 1299 3649 τοῦ

131 3665 245 3750 πύργου
272 3675 381 3752 γνῶναι
401 3669 429 3730 τί
450 3659 526 3731 ἐστιν
551 3662 733 3750 ῆοίκοδομῆ
761 3666 851 3752 αὕτη,
879 3668 929 3730 καλ
955 3665 1020 3748 περί
1046 3671 1098 3747 τῆς
1123 3666 1230 3750 πέτρας
1249 3669 1300 3731 καί

86 3758 95 3777 ’
131 3748 225 3832 πύλης
246 3752 295 3813 καί
316 3757 374 3814 τῶν
393 3747 494 3855 ἀρέων,
516 3751 642 3815 παλτῶν
665 3751 831 3835 παρθένιον,
852 3750 980 3813 καὶτῶν
1000 3751 1094 3813 λίθων
1115 3755 1173 3813 τῶν
1192 3750 1224 3812 ἐκ
1244 3756 1299 3812 τού

131 3835 232 3915 βυθοῦ
258 3829 482 3915 ἀναβεβηκότων
511 3835 560 3898 καί
580 3832 620 3918 μῆ
640 3833 888 3915 λελατομημένον,
911 3829 972 3894 ἀλλ’
997 3829 1089 3906 ούτως
1111 3829 1299 3896 ἀπελθόντων

183 4003 209 4066 2)
226 4019 308 4067 apogr.
327 3997 456 4067 ἤλασσον.
734 3998 779 4049 nisi
805 3998 871 4062 quod
899 3998 930 4048 ibi
960 4007 997 4049 est
1025 3999 1135 4049 τίθεται
1164 4013 1298 4063 excoque

184 4074 211 4132 3)
232 4072 267 4119 sic
285 4085 368 4134 apogr.
733 4073 866 4115 correctum
884 4069 987 4118 τίθετε.
1357 4056 1371 4081 '

182 4142 208 4198 λ)
227 4153 308 4201 apogr.
327 4136 498 4217 ἀπηχθῆναι.
782 4131 809 4196 9)
827 4134 930 4201 φασίνε
949 4147 1032 4197 apogr.
1049 4131 1151 4200 φησίν,
1176 4130 1297 4195 οεδίτιλεε

184 4205 209 4262 5)
229 4220 311 4267 ογορτ.
331 4201 522 4267 ἠνευχθησαν.
731 4207 797 4249 recte
817 4202 914 4267 φασιν.

181 4271 207 4333 λλ)
228 4272 272 4318 λεια
292 4278 378 4332 punem
402 4270 424 4318 in
444 4268 498 4331 ipso
516 4283 598 4331 apogr.
618 4276 681 4317 sunt.

97 4350 101 4356 ·
183 4336 209 4402 ἰλ
228 4352 310 4400 apogr.
330 4333 416 4393 ὅλους.
781 4333 839 4401 Cap.
864 4333 889 4383 V.
939 4332 964 4399 1)
988 4328 1060 4405 πρὸς
1085 4343 1182 4396 apogr„
1212 4344 1298 4397 supra·

181 4408 208 4471 8)
227 4407 336 4456 εἰθετε;
362 4404 397 4452 sie
415 4417 441 4451 ει
464 4417 547 4466 apogr.
566 4399 696 4461 hausimus,
729 4400 822 4464 scripto
843 4400 927 4471 παρὰ.
