2886 4882
93 195 96 198 ⁴
129 245 191 309 612
450 309 455 317 ,
565 241 701 302 naum
723 240 863 301 PASTOR.
906 284 909 289 ι

127 411 200 466 σθαι
222 402 355 477 έκπίέξαι
375 399 411 463 τά
435 397 583 506 πρόβατα,
612 396 675 463 ἁλλ’
713 401 906 482 έμπλέκεσθαι
934 400 977 473 είς
1003 395 1059 474 τάς
1087 397 1240 476 άιιάνθας
1267 404 1310 466 καλ

126 483 285 568 τριβόλους.
314 484 430 547 ’Ταῦτα
456 508 512 546 ουν
533 483 746 566 ἐμπεπλεγμένα
767 482 923 565 έβόοκοντο
944 483 975 546 έν
994 490 1060 558 ταῖς
1082 480 1247 558 άιιάνθαις
1265 488 1308 548 nd

126 569 279 650 τριβόλοις,
301 568 349 631 καλ
371 564 660 648 λίανέταλαιπάρουν
673 564 822 649 δερόμενα*
845 563 897 629 ὑπ’
911 563 1017 629 αδτοῦ·
1038 566 1092 629 κοιλ
1114 559 1179 630 τάδε
1195 566 1307 632 κάτεισι

126 649 317 733 περιήλαυνεν
348 647 438 733 αὐτά,
458 651 507 715 καλ
534 647 700 714 άνάπανσιν
727 647 828 725 αὐτοῖς
854 646 910 714 οῦκ
937 649 1054 722 έδίδου,
1076 651 1131 713 καλ
1152 649 1240 726 ’όλως
1258 649 1305 716 a&

127 732 331 799 εῦσταθοῦσαν
350 730 385 797 τά
405 731 538 816 πρόβατα
559 734 664 803 ἐκεῖνα.

212 851 255 908 Ιλλ.
299 841 419 905 Βλέπων
443 831 498 904 οὖν
525 838 599 904 αὐτά
629 838 707 904 οὕτω
727 835 939 924 μαστιχοόμενα
959 837 1009 901 καλ
1029 838 1304 920 ταλαιπωρούμενα1

127 919 300 1006 ἐλυπούμην
317 922 362 988 ἐπ’
395 921 509 1000 αὐτοῖς,
539 923 584 988 ὅτι
605 921 697 998 οῦτως
718 922 919 1004 ἐβασανίζοντο
944 921 994 983 παλ
1014 917 1126 1002 άνοχῆν
1148 919 1233 997 δλως
1253 922 1302 986 οῦκ

128 1003 211 1088 εἶχον.
242 1009 328 1092 Αίχω
349 1015 389 1070 τῦ
410 1007 526 1113 πορμίνι
546 1014 586 1096 τῷ
607 1003 669 1089 μετ’
695 1006 765 1086 ἐμοῦ
786 1012 920 1069 λαλοῦντι
932 1000 1033 1086 Κόριε,
1053 1007 1101 1079 τίς
1122 1005 1208 1069 έστιν
1221 1000 1302 1082 οὗτος

127 1087 146 1154 ό
165 1090 275 1173 ποιμὴν
297 1089 315 1155 ό
336 1072 429 1166 οάτως
450 1096 631 1176 ασπλαχχνος
650 1089 700 1152 καὶ
720 1089 836 1172 πικρδς’
857 1088 909 1153 καλ
923 1086 997 1162 ὅλως
1004 1084 1057 1192 μὴ
1079 1087 1300 1173 σπλαγχνιζάριε-

125 1198 177 1247 νος
198 1175 245 1240 ἐπὶ
266 1174 301 1236 τά
321 1173 453 1256 πρόβατα
474 1179 581 1257 ταῦταχ
618 1165 720 1250 Οὗτος,
742 1174 843 1255 φησίν,
865 1167 982 1235 έστλνό
1056 1177 1120 1246 ελος
1141 1178 1201 1254 τῆς
1220 1198 1300 1254 τιμω

126 1258 206 1339 ρίας·
229 1258 261 1320 ἐκ
283 1256 314 1320 δὲ
334 1264 392 1320 τῶν
413 1259 535 1321 δικαίων
555 1263 613 1321 τῶν
633 1253 760 1342 άχχέλων
780 1257 849 1331 ἔστί,
870 1196 1055 1335 κείμενοςαδδ
1072 1254 1122 1317 έπλ
1143 1262 1203 1337 τῆς
1220 1283 1298 1337 τιμω

126 1342 199 1417 ρίας.
244 1341 471 1423 Παραλαμβάνει
498 1331 552 1405 οὖν
579 1337 649 1416 τοῦς
677 1334 942 1418 άποπλανωμίνους
968 1334 1026 1402 άπδ
1053 1343 1108 1400 τοῦ
1135 1346 1218 1403 θεοῦ
1254 1341 1297 1404 καί

125 1424 325 1506 πορευθέντας
344 1433 408 1499 ταῖς
427 1425 599 1505 ἐπιθυμίαις
619 1424 669 1488 καί
690 1421 813 1497 άπάταις
825 1429 878 1486 τοῦ
891 1424 999 1498 αἰῶνος
1011 1419 1129 1498 τούτου,
1149 1423 1205 1486 καί
1218 1448 1297 1504 τιμο-

125 1515 172 1589 ρεῖ
198 1506 314 1583 αιἰτοδςέ
335 1507 437 1583 καθάς
457 1505 534 1584 άζιοί
554 1510 616 1585 είσι,
638 1509 746 1582 δειναῖς
756 1508 807 1570 καλ
819 1508 964 1578 ποικίλαις
972 1507 1132 1589 τιμωρίαις.
1154 1503 1296 1584 Ἤθελον,

126 1593 219 1673 φημί,
252 1589 347 1676 κάριε,
377 1599 487 1678 γνῶναι
507 1589 559 1667 τάς
578 1593 711 1665 ποικίλας
730 1587 878 1671 βασάνους
908 1586 1015 1664 ταότας
1035 1589 1129 1668 [ταλΓ
1150 1595 1294 1673 τιμωρίας,

124 1676 253 1739 ποταπαί
280 1677 361 1741 εἰσιν.
394 1671 522 1750 Ἀκουε,
549 1677 638 1756 φησί,
666 1672 719 1749 τάς
744 1675 877 1747 ποικίλας
903 1670 1053 1753 βασάνους
1078 1672 1166 1736 καλτ
1246 1677 1294 1749 ίας

126 1761 265 1822 Βιωτικαί
285 1761 357 1823 εἰσιν
377 1760 411 1825 αί
428 1756 566 1840 βάσανοι·
586 1759 778 1839 τιμωροῦνται
806 1753 842 1839 άρ
859 1756 890 1820 οί
908 1754 960 1836 μέν
981 1757 1101 1838 ζημίαις,
1127 1757 1202 1822 om
1218 1780 1294 1822 υστε-

125 1838 252 1921 ρήσεσιν,
274 1842 305 1905 οί
324 1841 355 1904 δὲ
376 1838 543 1916 άοθενείαις
575 1842 736 1919 ποικίλαις,
767 1782 805 1904 of
815 1838 848 1903 δέ
868 1836 911 1903 πά
969 1836 1183 1927 άκαταπασίφ,
1216 1841 1293 1906 οίδλ

125 1919 307 2004 ὖβριζόμενοι
319 1919 377 1986 άπὸ
395 1921 521 1999 ἀναξίων
542 1923 591 1986 καλ
611 1923 720 2002 ἑτέραις
741 1919 929 2003 πολλαῖςπρ’
945 1941 988 1987 εσι
1000 1919 1175 2006 πάσχοντες·
1196 1925 1292 1990 πολλοί

124 2000 179 2087 γάρ
209 2004 470 2079 άκαταστατοῦντες
495 2012 559 2080 ταῖς
588 2009 710 2087 βουλαῖς
737 2004 834 2070 αὐτῶν
863 2002 1063 2152 έπχθάλλονται
1098 2004 1212 2084 πολλά,
1248 2008 1291 2072 καί

125 2083 213 2150 οὐδέν
233 2085 333 2164 αὐτοῖς
362 2086 436 2163 δ’λως
461 2097 609 2171 προχωρεῖ.
651 2090 711 2152 Καί
740 2089 872 2174 λέγουσιν
917 2087 1024 2164 αυτοάς
1044 2085 1084 2172 μὴ
1112 2089 1291 2155 εὐοδοῦσθαι

125 2171 156 2233 έν
177 2180 239 2248 ταῖς
259 2169 396 2254 πράξεσιν
420 2169 525 2250 αὐτῶν,
547 2173 597 2236 καί
617 2170 672 2236 οῦκ
693 2170 844 2256 άναβαίνει
864 2170 962 2236 αὐτῶν
982 2172 1030 2235 έπὶ
1042 2170 1095 2254 τὴν
1110 2177 1240 2257 καρδίαν
1251 2175 1293 2238 δτι

124 2254 251 2337 ἔπραξαν
270 2253 385 2339 πονηρά
405 2257 482 2341 έρχα,
504 2253 567 2320 άλλ’
597 2258 744 2321 αἰτιῶνται
763 2255 815 2322 τόν
834 2253 943 2339 κόριον.
976 2255 1072 2319 Ὅταν
1092 2247 1148 2320 οὖν
1170 2261 1291 2340 θλιβῦσι

123 2335 203 2428 πάσῃ
215 2341 330 2419 θλίψει,
350 2338 414 2404 τότε
436 2341 500 2422 ίμολ
519 2342 728 2422 παραδίδονται
750 2342 791 2416 είς
812 2336 933 2423 άχαθὴν
951 2342 1087 2402 παιδείαν
1108 2341 1160 2404 καλ
1183 2343 1291 2426 ίοχνρο

122 2431 275 2487 ποιοῦνται
296 2424 327 2487 έν
348 2430 382 2512 τῇ
403 2425 497 2489 πίστει
515 2430 569 2488 τοῦ
587 2428 707 2507 κυρίου,
736 2424 785 2487 καλ
813 2424 865 2498 τάς
890 2419 994 2498 λοιπάς
1014 2419 1123 2506 ἡμέρας
1143 2429 1197 2506 τῆς
1218 2433 1290 2507 ζωῆς

123 2506 222 2572 αὐτῶν
234 2504 408 2572 δουλεόουσι
428 2514 469 2594 τῷ
489 2509 582 2593 κυρίφ
604 2508 635 2570 έν
655 2513 776 2593 καθαρᾷ
796 2507 903 2592 καρδίρι
921 2503 1027 2586 αὐτῶν,
1049 2505 1098 2569 καὶ
1120 2504 1291 2574 εῦοδοῦνται

123 2592 155 2655 έν
175 2589 253 2678 πάσῃ
274 2587 375 2673 πράξει
396 2589 500 2668 αὐτῶν,
522 2587 717 2672 λαμβάνοντες
737 2587 817 2674 παρά
843 2597 897 2654 τοῦ
927 2592 1031 2671 κυρίου
1054 2586 1151 2653 πάντα
1180 2590 1237 2656 ὅσα
1257 2590 1292 2655 δν

122 2677 271 2738 αίτῶνται·
306 2674 357 2737 καλ
386 2673 448 2737 τότε
467 2670 618 2750 δοξάζουσι
638 2671 689 2736 τὸν
707 2671 826 2758 κόριον,
857 2672 902 2738 ὅτι
923 2674 987 2755 έμολ
1008 2672 1223 2756 παρεδόθησαν
1244 2678 1290 2740 καί

122 2756 218 2822 οὐκέτι
238 2755 323 2822 οὐδέν
344 2754 485 2838 πάσχουσι
504 2763 563 2820 τῶν
583 2763 727 2839 πονηρῶν.

205 2881 246 2938 lv,
287 2874 375 2957 Λέγω
396 2870 475 2960 αὐτῷ
496 2871 598 2956 Κύριε,
619 2874 660 2936 ἔτι
680 2897 730 2953 μοι
752 2878 837 2935 τοῦτο
858 2868 996 2952 δήλωσον.
1042 2875 1086 2952 Τί,
1109 2878 1213 2955 φησίν,
1234 2876 1292 2939 έπι

124 2959 234 3037 ζητεῖςς
273 2960 314 3020 Et
336 2954 411 3040 άρα,ι
433 2959 519 3040 φημί,
541 2954 631 3036 κάριε,
652 2953 704 3021 τὸν
725 2952 815 3020 αῦτδν
834 2955 938 3037 χρόνον
958 2957 1160 3036 βασανίζονται
1183 2960 1216 3022 οί
1229 2986 1292 3041 τρο·

120 3047 233 3119 φῶντες
259 3041 309 3104 καλ
336 3038 534 3122 άπατόμενοι,
563 3039 634 3104 ὅσον
660 3045 791 3124 τρυφῶσι
820 3039 870 3103 καί
896 3035 1078 3118 άπατιῦνταις
1120 3041 1211 3124 Λέγει
1240 3067 1289 3124 μοι

124 3121 183 3186 Τδν
202 3119 294 3186 αὐτόν
314 3121 417 3205 χρόνον
435 3123 667 3206 βασανίζονται·’
696 3124 755 3185 έδει
782 3119 836 3205 γάρ
856 3118 926 3196 τοῦς
946 3121 1022 3186 οὕτω
1042 3130 1218 3205 τρυφῶντας
1237 3126 1286 3188 ταλ

118 3205 403 3284 ἐπιλανθανομένους
431 3210 484 3268 τοῦ
513 3212 587 3269 θεοῦ
623 3205 822 3281 ἓπταπλασίως
853 3207 1068 3286 βασανίζεσθαι.
1116 3208 1208 3291 Λέγει
1239 3233 1289 3290 μοι

109 3283 234 3368 ’Ἀφρων
255 3280 295 3363 εί,
325 3288 374 3351 καλ
395 3284 431 3350 οὐ
453 3294 529 3362 νοεῖς
549 3294 602 3369 τῆς
622 3287 754 3369 βασάνου
783 3286 838 3370 τὴν
859 3284 991 3369 δύναμιν.
1034 3290 1076 3352 Et
1093 3285 1149 3373 γάρ
1170 3288 1286 3372 ένόονν,

118 3374 202 3454 φημί,
224 3367 313 3453 κύριε,
335 3368 390 3435 οὐκ
411 3367 449 3433 άν
469 3368 624 3453 ἐπηράτων
643 3373 694 3435 ἰ’να
713 3374 764 3454 μοι
785 3368 924 3477 δηλάσχς.
958 3368 1083 3456 Ἄκουε,
1104 3376 1213 3456 φησίν,
1235 3373 1286 3455 άμ·

117 3455 248 3537 φοτὲρων
265 3450 320 3537 τὴν
342 3451 474 3537 δύναμιν.
521 3461 581 3536 Τῆς
609 3462 723 3538 τρυφῆς
753 3456 803 3518 καλ
831 3451 943 3535 άπατης
971 3453 989 3518 δ
1014 3453 1117 3538 χρόνος
1146 3454 1209 3538 ῦρα
1228 3458 1286 3522 έστλ

116 3539 183 3618 μία·
204 3545 256 3620 τῆς
277 3538 308 3601 δέ
329 3537 461 3620 βασάνου
482 3535 503 3620 ἦ
524 3537 585 3619 άρα
608 3537 637 3601 λ’
659 3536 776 3621 ἡμερῶν
797 3534 922 3618 δύναμιν
940 3537 1007 3618 ἔχει.
1045 3535 1118 3602 Ἐάν
1140 3532 1196 3604 οὖν
1216 3545 1286 3621 μίαν

114 3617 225 3702 ἡμέραν
246 3619 381 3711 τρυφήσχ
409 3649 453 3698 τις
476 3622 526 3686 καλ
546 3620 699 3711 άπατηθῇ,
729 3624 800 3701 μίαν
821 3621 852 3683 δὲ
871 3617 982 3702 ἡμέραν
1001 3624 1187 3712 βασανισθῇ,
1216 3623 1285 3688 ὅλον

116 3699 249 3767 ένιαυτδν
281 3703 371 3785 ίσχόει
398 3701 418 3786 ἡ
445 3703 537 3789 ἡμέρα
565 3713 617 3787 τῆς
643 3702 782 3787 βασάνου.
815 3703 911 3778 ’Ὅσας
931 3695 986 3767 οὖν
1007 3701 1116 3787 ἡμέρας
1141 3705 1284 3791 τρυφήσει

113 3813 167 3864 τις,
195 3783 350 3863 τοσοάτους
376 3788 526 3866 ἐνιαυτοὺς
553 3791 741 3871 βασανίζεται.
786 3787 905 3862 Βλέπεις
932 3778 1001 3860 οὖν,
1032 3791 1137 3869 φησίν,
1165 3789 1211 3853 δτι
1231 3798 1283 3872 τῆς

112 3876 227 3951 τρυφῆς
247 3872 296 3934 καλ
317 3867 429 3954 άπάτης
449 3869 466 3936 ό
486 3870 590 3955 χρόνος
610 3867 755 3954 έλάχιστός
775 3870 843 3946 ἐστι,
873 3876 928 3951 τῆς
949 3870 982 3935 δέ
1002 3873 1140 3956 τιμωρίας
1160 3874 1211 3939 καλ
1230 3877 1282 3958 βα-

140 3952 149 3975 Ι

112 3974 202 4018 σανου
222 3951 320 4030 πολός,

163 4122 192 4185 4)
212 4125 266 4173 cod.
285 4117 448 4190 δαιριίμενα.
538 4116 544 4125 “
759 4121 786 4184 3)
804 4121 849 4173 καλ
868 4124 891 4173 in
909 4124 964 4173 cod.
983 4123 1056 4173 deest.

161 4189 218 4252 Cap.
236 4193 274 4240 ΙΙΙ.
312 4192 335 4252 Ι)
354 4190 409 4240 cod.
429 4187 573 4254 ταλεκωρ.,
593 4190 636 4240 sed
646 4208 674 4239 αι

109 4270 183 4318 snper
200 4271 212 4305 ε
230 4271 267 4320 pr.
284 4273 353 4307 manu
372 4264 486 4307 notatum.
761 4257 819 4320 Cap.
832 4258 868 4307 lv.
905 4257 930 4320 1)
943 4252 1011 4324 ἄρα·
1029 4258 1185 4308 Ιιοστοςεοιυ
1198 4259 1279 4311 codex.

160 4322 186 4383 2)
204 4322 250 4371 καλ
269 4323 381 4394 τιιαρὸςτ
410 4326 469 4374 haec
495 4336 568 4385 supra
588 4321 674 4372 lineam

28 4387 231 4582 Q·
250 4400 312 4442 ⁸⁰¹¹&
759 4389 787 4455 2)
805 4391 873 4440 deest
891 4389 1007 4439 nonnihil.
