2886 4882
275 237 411 296 heuheu
433 238 570 295 PASTOR.
613 239 709 295 trouu
729 238 760 296 11.
804 238 946 298 haduae.
967 239 1010 299 xt
1030 237 1075 315 (Β)
1197 245 1258 305 475

85 405 194 462 minime
215 404 248 459 ad
272 421 320 460 eos
344 404 452 461 adeunt.
495 404 655 477 Quicunque
678 413 767 460 autem
790 404 915 479 dipsychi
936 414 999 462 suot
1019 409 1165 468 sortientes
1188 412 1263 472 sicut

86 497 113 543 et
144 496 256 561 gentes,
288 496 315 543 et
343 488 501 560 frequenter
532 488 726 560 poenitentiam
757 496 854 560 agunt,
885 495 913 542 ot
943 488 1039 544 divinis
1080 493 1257 555 demorantur

85 573 143 626 sine
166 569 363 638 emendatione,
385 573 487 626 maiora
511 571 562 626 sihi
586 570 685 626 delicta
707 570 866 643 adquirunt,
899 571 1049 628 servientes
1071 577 1259 648 superstitioni

85 670 193 709 vacuae.
237 653 301 708 Nam
325 655 370 726 qui
392 655 553 727 prophetam
576 653 610 708 de
632 652 722 724 aliquo
736 661 798 709 actu
821 653 978 726 interrogat,
999 648 1100 712 vacuus
1114 674 1130 713 a
1146 660 1258 718 veritate

86 745 113 793 et
134 736 276 809 impudens
299 745 349 793 est.
394 737 486 791 Omnis
516 744 604 792 autem
637 735 749 808 spiritus
772 753 786 790 a
807 735 863 791 Deo
887 735 964 792 datus
988 753 1042 791 nou
1065 740 1258 812 interrogatur,

86 819 134 874 sed
157 819 260 875 habens
282 819 408 874 virtutem
437 818 582 874 divinitatis
613 835 663 890 per
691 827 778 874 semet
807 818 895 890 ipsum
917 819 1007 874 omnia
1029 819 1108 886 dicit,
1140 823 1258 895 quiade

86 920 193 958 sursum
215 911 256 957 est
276 903 401 958 avirtuto
415 904 528 975 spiritus
549 901 645 956 sancti.
690 891 750 955 ttic³
774 908 863 956 autem
883 901 1006 974 spiritus,
1029 905 1074 975 qui
1093 904 1127 961 ad
1142 906 1258 961 interro·

86 994 145 1057 gata
167 975 327 1058 respoudet⁴
349 986 499 1040 secundum
520 984 689 1056 singulorum
707 983 844 1039 hominurn
866 982 1034 1053 voluntatem,
1061 981 1211 1055 {terrenus
1233 996 1261 1045 et

86 1068 151 1123 feris
174 1075 201 1123 et
220 1068 278 1123 sine
301 1068 399 1123 virtute
422 1077 481 1135 est,
503 1076 531 1123 et
552 1083 607 1122 nou
638 1065 759 1137 loquitur
788 1065 840 1121 uisi
873 1067 1065 1141 iuterrogatus.
1107 1070 1258 1138 Quomodo,

86 1153 204 1223 iuquam,
218 1151 335 1219 domine,
349 1152 493 1222 cognoscit
503 1151 595 1215 homo,
619 1146 680 1219 quis
694 1165 788 1203 eorum
803 1149 935 1221 propheta
952 1150 995 1218 sit,
1018 1151 1120 1223 etquis
1141 1154 1258 1226 pseudo·

86 1233 239 1307 prophetat
253 1234 329 1299 dudi,
345 1234 441 1305 iuquit,
458 1233 491 1289 de
506 1232 639 1303 utrisque.
669 1231 721 1286 Per
734 1247 889 1286 sermonem
903 1248 1056 1305 cognosces
1068 1227 1258 1308 prophetam?

87 1317 363 1389 pseudoprophetam,
387 1317 434 1388 qui
455 1315 580 1388 spiritum
603 1312 722 1368 divinum
745 1329 798 1367 non
821 1312 908 1380 habet,
939 1314 971 1370 de
1001 1324 1076 1371 secta
1105 1318 1175 1375 vitae
1198 1319 1257 1375 eius

87 1397 224 1470 probabis.
265 1389 413 1472 Propheta⁸
435 1399 514 1464 enim,
537 1398 583 1469 qui
599 1396 721 1467 spiritum
744 1395 861 1451 divinum
878 1396 911 1452 de
931 1397 1006 1454 eaelo
1023 1398 1112 1466 habet,
1135 1400 1257 1473 placidus

88 1489 114 1535 et
135 1481 274 1537 modestus
299 1488 349 1536 est
392 1480 517 1548 Quietarn
539 1480 620 1535 etiam
651 1485 678 1532 et
698 1478 876 1550 compositam
899 1479 1058 1551 sapientiam
1079 1481 1167 1539 habet
1208 1482 1257 1539 Ab·

87 1565 169 1620 stioet
191 1564 250 1637 ipse
273 1556 314 1618 ab
328 1564 402 1618 omni
423 1562 542 1635 nequitia
564 1568 592 1615 et
620 1559 804 1632 voluptatibus
828 1561 903 1616 vanis
926 1563 1006 1618 huius
1029 1564 1124 1620 seculi.
1168 1565 1257 1622 Homi-

86 1647 164 1700 nibus
188 1639 253 1701 tam⁷
275 1663 304 1700 se
327 1645 502 1700 humiliorem
528 1650 667 1716 praestat,
690 1651 717 1697 et
738 1642 806 1696 nihil
829 1643 937 1699 omnino
960 1645 1118 1719 interrogati
1161 1641 1259 1703 Etiam⁸

87 1736 193 1783 secreta
224 1728 353 1798 loquitur.
395 1727 489 1799 Neque
518 1735 605 1782 autem
633 1727 659 1780 in
689 1725 798 1780 homine
827 1726 945 1799 positum
975 1737 1031 1796 est,
1052 1736 1095 1795 ut,
1125 1747 1185 1785 cum
1212 1730 1257 1787 illo

87 1810 213 1876 voluerit,
236 1810 348 1882 spiritus
371 1809 512 1881 loquatur;
544 1809 592 1864 sed
616 1815 679 1863 tunc
712 1824 865 1862 sermonem
887 1809 977 1877 habet,
1000 1827 1060 1865 cum
1093 1812 1162 1868 Deus
1186 1812 1257 1869 illum

87 1893 162 1965 loqui
183 1891 245 1947 vult
289 1892 353 1949 Cum
375 1908 442 1965 ergo
464 1892 509 1947 ille
533 1892 614 1948 honio
636 1890 761 1964 spiritum
785 1891 902 1946 divinum
925 1893 1028 1949 habeus
1050 1893 1077 1949 in
1099 1885 1260 1952 coucifium⁸

87 1975 225 2030 homiuum
247 1974 382 2031 bonorum
404 1974 485 2031 fidem
508 1974 586 2030 divini
602 1974 716 2046 spiritus
730 1973 887 2042 habentium
906 1975 1049 2040 introierit,
1072 1983 1100 2031 et
1111 1977 1258 2051 postulatio

87 2067 180 2112 coetus
203 2075 297 2113 eorum
319 2059 390 2132 apud
413 2059 496 2114 [teum
519 2057 614 2125 fuerit,
648 2063 713 2111 tuno
742 2056 853 2111 nuntius
884 2057 953 2114 illius
969 2059 1081 2132 spiritus
1096 2061 1260 2133 prophetici,

87 2140 132 2211 qui
155 2158 238 2214 super
259 2142 365 2214 positus
388 2148 431 2196 est
453 2142 486 2208 ei,
510 2139 602 2212 implet
624 2139 758 2205 homiues,
782 2146 809 2192 et
829 2139 955 2212 impletus
979 2140 1023 2197 ifle
1043 2142 1140 2213 spiritu
1162 2150 1256 2199 sancto

86 2221 207 2294 loquitor
222 2240 283 2278 eum
296 2224 338 2278 illa
355 2222 442 2288 turba,
464 2220 603 2293 quomodo
619 2218 748 2274 Dominus
765 2218 848 2275 iubet.
892 2220 937 2277 Sic
952 2238 1017 2294 ergo
1033 2223 1259 2281 manifestabatur

86 2305 195 2377 spiritus
219 2305 264 2360 ifle
287 2313 405 2360 sauctus.
447 2303 521 2370 Quae
542 2310 631 2357 autem
652 2300 685 2356 ad
701 2300 901 2372 agnoscendam
914 2304 1039 2358 virtutem
1054 2303 1125 2360 iffius
1145 2306 1258 2379 spiritus

87 2389 172 2442 sancti
193 2387 339 2460 pertinent,
362 2386 429 2440 haec
453 2392 524 2439 sunt.
566 2381 635 2437 dudi
657 2397 729 2436 nuuc
752 2381 835 2436 etde
863 2384 961 2456 spiritu
989 2392 1114 2453 terreno,
1146 2387 1191 2458 qui
1215 2394 1258 2442 est

86 2469 151 2523 tevts
175 2477 201 2524 et
229 2467 286 2522 siue
313 2468 425 2535 virtute,
456 2466 553 2539 plenus
585 2462 705 2519 stultitia.
748 2461 776 2517 tn
807 2463 900 2536 primis
929 2466 1010 2520 homo
1039 2465 1099 2533 ilic,
1130 2469 1177 2540 qui
1203 2467 1260 2525 vuft

85 2551 170 2606 videri
192 2550 289 2623 spiritu
310 2550 399 2605 divino
422 2549 528 2623 plenus,
551 2545 703 2619 magnificat
724 2560 753 2599 se
776 2552 803 2599 et
822 2545 878 2601 vult
900 2547 1080 2620 principatum
1103 2549 1260 2606 cathedrae.

86 2632 227 2705 Superbus
249 2641 336 2688 autem
360 2640 387 2688 et
408 2631 549 2705 improbus
572 2638 600 2686 et
628 2627 760 2684 verbosus
783 2636 833 2697 est,
856 2636 883 2684 et
905 2629 930 2684 iu
953 2629 1036 2685 muita
1056 2629 1159 2687 luxuria
1183 2642 1209 2689 et
1230 2632 1258 2688 iu

87 2715 184 2770 delitiis
203 2715 327 2788 piurimis
360 2715 428 2788 agit,
460 2723 487 2770 et
514 2711 657 2771 mercedes
685 2709 866 2785 professionis
898 2729 962 2768 suae
992 2707 1122 2787 accipit,¹⁰
1150 2722 1178 2770 et
1206 2714 1259 2772 uisi

86 2799 236 2872 acceperit,
262 2806 341 2856 tacet.
385 2798 521 2871 Propheta
549 2803 638 2853 autem
666 2792 773 2848 habeus
797 2795 923 2867 spiritum
952 2804 1074 2853 sanctum
1104 2798 1258 2855 mercedem

87 2898 141 2936 non
172 2873 307 2952 aecipi13¹¹
337 2897 391 2935 non
420 2881 492 2935 onim
520 2879 592 2952 capit
622 2876 713 2932 facere
737 2875 804 2931 haec
827 2878 872 2933 Dei
893 2878 1063 2951 prophetam.
1106 2879 1258 2937 Mercedem

87 2972 175 3018 autem
197 2964 396 3036 accipientibus
416 2963 557 3036 prophetis
585 2969 711 3016 terrenus
733 2965 776 3012 est
798 2960 918 3032 spiritus.
961 2960 1017 3016 Nec
1039 2961 1066 3016 iu
1089 2953 1264 3023 coucifium¹‘.

89 3046 226 3101 hominurn
248 3046 399 3118 proborum
420 3045 543 3111 accedit,
572 3043 636 3116 quio
659 3042 743 3097 immo
766 3041 852 3112 iungit
880 3060 910 3098 se
940 3042 1096 3099 hominihus
1125 3045 1202 3099 malis
1232 3053 1260 3101 et

89 3129 171 3194 vanis,
194 3129 220 3183 in
243 3129 347 3200 anguiis
368 3129 431 3201 agit,
453 3137 480 3183 et
503 3127 607 3183 deludit
635 3140 681 3180 eos
705 3139 832 3180 sermone
863 3142 913 3180 suo
940 3124 1058 3197 loquens
1090 3126 1161 3183 iuxta
1188 3126 1256 3183 desi·

89 3212 193 3268 derium
215 3228 310 3266 corum
332 3211 492 3274 voluntatis,
523 3209 596 3264 vanis
626 3204 782 3261 hominibus
811 3223 877 3262 vana
905 3208 1094 3281 respondeos;
1123 3226 1184 3266 nuru
1213 3226 1259 3265 vas

89 3294 168 3349 inane
192 3310 251 3349 cum
276 3292 336 3347 aliis
357 3310 443 3364 acque
466 3291 588 3347 inanibus
618 3290 735 3344 iunctum
766 3305 820 3361 non
849 3297 973 3356 vexatur,
1002 3290 1050 3346 sed
1079 3293 1259 3365 compositum

89 3393 150 3431 cum
173 3377 212 3432 eis
236 3376 379 3431 consentit.
413 3377 477 3429 Cum
499 3383 588 3429 autem
606 3371 678 3426 idem
693 3368 738 3425 ifle
761 3371 787 3424 iu
804 3365 935 3428 coetum¹⁸
957 3374 1096 3429 hominum
1109 3375 1259 3447 proborum

90 3466 117 3513 et
139 3459 263 3531 spiritum
288 3457 432 3512 divinitatis
455 3455 610 3510 habentium
633 3454 752 3519 venerit,
783 3461 810 3508 et
830 3456 916 3509 oratio
939 3454 1053 3510 abistis
1076 3454 1145 3511 facta
1166 3456 1258 3528 fuerit,

88 3558 189 3596 vacuus
212 3541 346 3596 invenitur
369 3540 450 3595 homo
470 3539 523 3594 iile.
546 3538 592 3593 Est
604 3535 715 3607 spiritus
731 3543 867 3607 terrenus,
884 3537 930 3608 qui
949 3543 991 3590 est
1008 3536 1033 3591 iu
1052 3536 1108 3592 illo.
1150 3539 1259 3595 Timore

88 3624 247 3694 perterritus
270 3623 337 3695 fugit
359 3621 392 3678 ab
416 3622 472 3688 iilo,
496 3629 522 3675 et
544 3619 573 3675 ht
594 3618 652 3674 sine
674 3633 767 3684 sensu,
789 3627 816 3673 et
833 3625 907 3673 totus
921 3616 1110 3692 confringitur,
1133 3627 1161 3676 et
1180 3619 1259 3693 loqui

88 3703 155 3758 nihil
177 3713 276 3776 potest.
322 3704 350 3759 Si
374 3705 445 3760 enim
469 3705 495 3758 iu
523 3701 656 3775 apotheca
678 3699 768 3753 vinum
789 3707 866 3754 vetus
888 3699 985 3772 stipes,
1007 3708 1034 3756 et
1056 3702 1128 3758 iuter
1151 3710 1257 3759 caetera

88 3784 166 3858 plena
197 3803 308 3841 vacuum
334 3787 471 3841 vasculum
501 3802 602 3859 ponas,
631 3789 727 3856 postea
759 3781 839 3836 etiam
869 3798 931 3838 eum
957 3783 1069 3840 eaodem
1097 3786 1257 3858 apothecam

88 3868 240 3935 exhaurias,
262 3868 399 3924 vasculum
421 3885 533 3930 vacuum
555 3866 674 3941 positum
688 3879 802 3918 vacuum
816 3864 946 3920 invenies.
988 3865 1033 3922 Sic
1047 3875 1074 3922 et
1095 3867 1256 3940 prophetae,

89 3952 135 4025 qui
157 3959 220 4006 sunt
241 3951 347 4019 inanes,
369 3968 430 4007 com
451 3950 575 4007 venerint
596 3949 667 4003 inter
688 3961 746 4013 eos,
770 3946 898 4019 quisunt
916 3948 1028 4020 spiritus
1046 3949 1139 4017 sancti,
1163 3947 1257 4021 quales

137 4112 163 4176 6)
182 4115 320 4177 prophetem
339 4111 389 4159 Pal.
741 4102 783 4168 11)
803 4109 904 4169 accepite
923 4107 988 4167 rat,
1009 4111 1017 4156 ι’
1044 4120 1116 4169 supra
1138 4105 1216 4168 priori
1236 4121 1257 4155 e.

137 4196 163 4250 γ)
184 4197 254 4245 por„
273 4203 356 4244 pam„-
687 4170 773 4220 Postea
794 4187 821 4221 er
838 4175 923 4223 eodem
943 4183 979 4223 est
996 4175 1140 4239 prophetem.

138 4262 163 4315 81
182 4266 216 4311 uit
236 4263 285 4311 rat.
741 4254 782 4317 12)
799 4258 899 4306 concilio
919 4256 984 4317 rat,
1010 4257 1051 4304 uhi
1070 4256 1157 4305 deiude
1175 4258 1255 4320 isanpet

138 4327 165 4388 9)
183 4332 282 4379 eoaeifio
301 4329 352 4378 Pal.
688 4338 712 4386 p.
731 4324 814 4386 iungit,
835 4331 884 4373 tum
903 4325 1022 4372 octontuta
1040 4338 1064 4387 p.
1083 4324 1218 4380 odendis.

141 4394 184 4458 111)
205 4405 259 4459 opat
275 4422 310 4433 -
328 4397 428 4460 accipiet
447 4394 496 4447 Pu.
741 4389 784 4453 ta)
802 4397 868 4440 coetu
886 4389 935 4441 Pei.
