2886 4882
237 237 434 297 IIXIII'IIIIIIII
455 240 482 296 S.
505 240 639 298 IGIIXTII.
668 243 745 302 XXII.
768 242 859 301 XXIII.
879 242 967 301 XXIV.
987 242 1064 301 xxv.
1084 243 1171 303 XXVI.
1229 242 1289 304 365

121 407 180 464 dies
202 405 357 463 advenisset
379 416 568 481 opportunus,
591 407 699 482 quando
716 417 774 465 erat
803 408 861 465 dies
891 407 978 465 festus
1000 418 1028 466 et
1056 409 1168 469 celeber
1195 412 1288 488 populi

119 490 241 557 ItomanI,
268 489 372 545 iuducit
394 508 454 546 cum
479 492 505 546 in
528 491 644 547 mettium
665 491 815 561 theatrum,
837 492 908 549 slent
929 508 1027 566 nempe
1057 492 1168 551 iubebat
1189 497 1288 570 irnpro·

119 572 182 630 bum
204 572 270 628 illud
290 570 414 629 Edictum
436 573 620 647 Imperatoris.

199 720 292 776 XXIII.
336 721 401 777 Cum
424 737 490 794 ergo
513 723 639 778 univorsa
660 723 753 779 civitas
783 722 896 780 sederet
916 725 941 779 in
964 725 1071 781 theatro
1101 724 1206 781 ardenti
1234 727 1288 801 spi·

119 806 172 862 ritu
194 814 221 860 et
244 804 329 859 oculis
354 805 404 858 iam
428 804 614 877 spectaculum
638 804 789 872 eventibus,
810 814 905 880 utpote
928 808 1002 879 quod
1028 809 1078 862 iam
1094 806 1165 863 sama
1185 806 1286 881 ubique

118 888 326 954 annunciassct,
357 886 451 960 Syriae
483 885 650 962 Episcopum
680 905 741 943 cum
770 888 836 943 loris
865 905 928 947 csse
957 889 1008 945 bac
1032 889 1075 945 die
1097 897 1287 963 pugnaturum,

119 987 267 1028 conversus
292 969 335 1025 illo
365 969 400 1025 ad
426 969 558 1042 populum
579 987 640 1026 crim
662 970 741 1044 plane
770 987 905 1044 generoso
927 981 955 1029 et
977 972 1112 1046 Intrepido
1134 973 1232 1040 animo,
1258 979 1290 1028 ut

118 1054 164 1127 qrri
193 1053 357 1126 gloriaretur
385 1069 416 1107 ac
445 1053 498 1108 sibi
527 1070 693 1126 magnopere
721 1054 842 1127 placeret
869 1053 904 1111 ob
934 1063 1107 1130 apparentem
1136 1055 1206 1111 hanc
1237 1070 1287 1129 pro

119 1136 227 1191 Christo
250 1135 438 1208 ignominiam:
463 1135 526 1203 Viri,
549 1137 644 1208 iuquit,
666 1136 778 1193 Romani
801 1144 829 1192 ct
856 1138 1009 1212 praesentis
1031 1138 1111 1194 liuius
1134 1138 1287 1194 certaminis

118 1225 301 1291 spectatores,
324 1234 378 1272 non
400 1217 468 1274 hacc
491 1218 557 1273 mihi
580 1218 646 1274 liunt
669 1219 704 1274 ob
727 1218 835 1292 aIIquod
858 1219 1036 1289 maleficium,
1059 1236 1148 1295 nequo
1169 1229 1199 1276 ut
1218 1220 1289 1277 luam

117 1316 220 1374 poenas
242 1316 385 1374 pravorum
408 1299 570 1368 laciuorum,
592 1301 642 1358 scd
663 1310 693 1357 ut
708 1301 792 1360 licum
804 1320 944 1376 assequar,
967 1305 1044 1360 cuius
1058 1303 1167 1378 quidem
1192 1311 1289 1360 teneor

119 1383 271 1451 desiderio,
295 1390 320 1439 et
343 1399 424 1454 quem
447 1384 529 1457 cupio
552 1383 748 1441 iosaIIabilitcr.
791 1384 856 1440 Sum
878 1387 949 1442 eninr
978 1387 1037 1442 eius
1067 1386 1232 1442 frumentum
1260 1393 1289 1441 et

117 1466 206 1521 molor
225 1482 275 1539 per
297 1466 392 1521 dentes
415 1465 581 1536 bestiarum,
603 1474 633 1522 ut
656 1465 716 1522 llam
738 1468 763 1523 ei
786 1484 871 1541 purus
893 1468 979 1542 panis.
1023 1467 1095 1525 Ilaec
1120 1470 1186 1525 dixit
1207 1477 1287 1542 atquc

118 1547 220 1604 dimissi
242 1548 338 1604 leones
360 1565 421 1604 eum
445 1549 535 1605 statim
559 1548 742 1605 dilacerarent
763 1565 794 1605 ac
815 1550 978 1607 devorarunt
1003 1566 1020 1606 a
1042 1550 1108 1607 solis
1129 1548 1287 1608 durioribus

118 1631 189 1687 illlus
212 1631 320 1686 ossibus
343 1630 525 1699 abstinentes,
554 1647 651 1706 reapse
676 1632 745 1688 votis
773 1634 831 1689 viro
853 1633 986 1707 impletis,
1014 1642 1043 1689 ut
1064 1632 1168 1691 beshae
1191 1632 1289 1690 demut

117 1715 142 1770 ei
171 1714 326 1787 sepulcrum
351 1721 377 1769 et
398 1714 465 1770 nihil
487 1713 618 1788 reliquum
641 1722 715 1771 esset
736 1717 876 1789 corporis,
898 1723 992 1788 utpote
1014 1716 1088 1789 quod
1110 1717 1179 1772 lleus
1201 1715 1288 1789 pluris

118 1796 219 1853 laceret
240 1795 330 1852 tantuli
351 1814 449 1870 proces
472 1804 499 1853 ct
521 1812 641 1856 amorem
663 1797 697 1854 ad
720 1796 800 1854 linem
822 1798 983 1872 perducere,
1007 1814 1086 1871 quam
1109 1797 1235 1867 ellicere,
1258 1804 1289 1855 ut

116 1894 171 1935 non
194 1886 351 1952 tangeretur
373 1897 388 1935 a
409 1879 543 1950 leonibus,
567 1898 621 1955 quo
643 1897 695 1937 suo
718 1882 821 1937 nomIni
843 1881 979 1938 tribueret
1000 1880 1122 1954 gloriam.

200 2034 286 2090 XXIV.
331 2034 478 2112 Postquam
499 2047 590 2094 autem
611 2037 679 2095 hsce
700 2044 850 2095 evenerunt
877 2045 906 2094 ct
926 2035 1008 2094 linem
1035 2044 1212 2111 acceperunt,
1241 2037 1288 2111 qni

121 2117 220 2174 Itomae
243 2128 321 2175 crant
344 2118 447 2189 fideles,
470 2120 503 2176 ad
526 2138 596 2193 quos
619 2121 708 2177 adhuc
730 2123 821 2177 vivens
841 2118 1020 2193 Theopborus
1043 2120 1192 2192 scripserat
1213 2117 1288 2194 Igna·

117 2201 184 2268 tius,
212 2200 258 2256 ubi
282 2201 423 2258 dimissum
446 2202 496 2257 luit
526 2202 676 2270 theatrum,
706 2203 913 2269 convenientes,
940 2217 1002 2257 cum
1030 2219 1094 2258 ossa
1115 2200 1288 2276 cupientibus

116 2283 240 2338 manibus
261 2284 434 2340 sustuIIsseut
459 2300 546 2356 eaque
561 2283 714 2340 honorilice
736 2299 767 2338 ac
780 2291 938 2339 reverenter
952 2283 1181 2356 composuissent,
1205 2283 1288 2357 depo·

115 2374 229 2421 suerunt
253 2368 278 2420 iu
303 2365 364 2420 Ioco
385 2364 485 2436 Insigni
513 2373 589 2420 extra
609 2363 708 2419 Urbem
735 2380 830 2420 mense
851 2361 1008 2418 Ilecembris
1029 2364 1188 2437 vigesimum
1216 2363 1294 2419 diem·

116 2456 181 2504 tunc
203 2446 329 2501 habente.
372 2446 446 2502 llaec
461 2452 557 2519 postca
570 2446 711 2519 deportata
724 2452 788 2501 sunt
802 2445 828 2500 in
841 2445 955 2518 patriam
970 2445 1097 2518 martyris
1110 2445 1288 2515 Antiochiam,

115 2538 144 2584 et
166 2546 235 2600 quac
259 2530 331 2583 inter
352 2535 493 2601 utramque
517 2527 613 2583 urbem
634 2535 699 2582 sunt
727 2527 855 2593 civitates,
875 2524 1014 2599 ‚duplicem
1036 2540 1185 2599 percepere
1207 2526 1288 2585 bene·

115 2611 274 2677 dictionem,
297 2617 352 2666 tum
374 2611 450 2684 prins
473 2610 583 2684 quando
605 2616 709 2684 martyr
728 2610 832 2666 vinctus
855 2606 1004 2665 ducebatur
1027 2605 1137 2663 Ilomam
1159 2624 1192 2664 ex
1216 2609 1289 2665 lutt-

115 2694 203 2761 oclria,
224 2701 279 2748 tum
302 2710 374 2749 nunc
397 2695 507 2767 quando
539 2710 602 2751 cum
622 2692 771 2767 praeclaris
793 2692 913 2767 tropaeis
936 2689 1011 2747 illiue
1023 2689 1202 2760 referebatur,
1224 2698 1288 2747 tarn·

115 2793 195 2849 rpuam
218 2793 282 2850 apes
304 2776 392 2832 lavum
414 2776 489 2833 illum
512 2775 746 2834 circumvolantes.

199 2941 273 2996 XXV.
315 2943 353 2997 hc
375 2943 475 2999 dicitur
498 2941 616 3016 quidem,
644 2942 719 3015 quod
752 2950 816 3017 post
836 2943 886 3000 viri
908 2961 959 3018 per
974 2943 1132 3018 martyrium
1163 2957 1288 2998 consum·

117 3025 270 3093 mationem,
294 3041 355 3081 cum
377 3025 504 3099 lugerent
526 3025 599 3082 illms
630 3024 808 3099 privationem
831 3026 848 3081 ii
886 3027 933 3100 qui
955 3025 1054 3082 Romae
1084 3033 1161 3080 crant
1184 3023 1288 3091 fideles,

116 3115 143 3161 ct
164 3106 262 3163 nullasu
285 3108 396 3163 omniuo
420 3109 578 3183 acciperent
600 3108 703 3165 doloris
726 3107 952 3174 consolationem,
972 3114 1098 3164 vacarent
1118 3122 1182 3163 vero
1199 3104 1288 3182 scpul-

117 3189 236 3246 cralibus
266 3191 374 3264 hymnis
405 3207 436 3245 ae
457 3190 563 3263 vigiliis,
585 3192 644 3265 ipse
667 3191 694 3246 in
716 3192 819 3246 somnis
841 3208 975 3266 apparens
998 3199 1026 3248 et
1054 3206 1103 3246 eos
1133 3189 1210 3262 quasi
1235 3204 1289 3247 ant·

115 3271 246 3343 plectens,
263 3275 308 3344 qui
331 3272 437 3328 seilicet
460 3291 488 3328 sc
506 3274 580 3346 ipsos
596 3273 672 3345 prius
688 3274 869 3347 praebuerant
883 3275 980 3348 dIgnos
996 3274 1067 3330 ilbus
1083 3271 1289 3340 consuetudine,

119 3353 219 3409 luctrrm
242 3357 280 3409 cis
304 3355 397 3409 oll'ceit
419 3354 524 3410 lacilcm
547 3371 578 3409 ac
600 3355 748 3422 leniorem,
779 3364 806 3412 et
827 3357 931 3413 doloris
960 3356 1064 3412 sedavit
1084 3354 1289 3411 vehementiam.

114 3436 165 3491 Illi
187 3452 282 3491 rursus
307 3437 449 3503 dixerunt,
479 3453 508 3491 sc
530 3435 631 3492 vidIssc
653 3453 714 3493 eum
745 3438 845 3494 sudore
868 3439 1051 3504 dillluentcm,
1080 3446 1214 3511 tamquam
1242 3435 1290 3510 qui

117 3534 206 3590 nuper
227 3519 390 3591 respirasset
413 3535 427 3573 a
448 3517 587 3572 laboribus
609 3518 812 3588 decertationis,
836 3528 863 3575 et
885 3527 1041 3594 precantem
1064 3536 1116 3592 pro
1146 3518 1231 3575 salute
1254 3518 1289 3573 ci·

118 3600 207 3655 vitatis
231 3601 405 3672 omniumque
428 3599 558 3657 fidelium.

199 3748 283 3804 XXII.
327 3746 379 3805 llIc
401 3748 510 3822 quidem
533 3748 584 3804 luit
604 3749 692 3805 exitus
715 3748 881 3821 Theophori,
903 3749 971 3804 baec
992 3752 1055 3804 sunt
1078 3749 1238 3811 certamina,
1260 3745 1288 3801 hi

115 3833 256 3904 conspicui
279 3833 338 3887 elus
360 3846 468 3886 autores
492 3832 518 3885 in
541 3831 686 3887 Christum.
728 3830 761 3885 lit
781 3830 836 3886 lert
856 3829 1039 3887 testimoninm
1073 3831 1200 3887 Irenaeus
1221 3827 1289 3898 Lug·

164 4059 190 4120 l)
209 4058 231 4106 Is
251 4059 312 4107 ordo
330 4071 400 4104 voce.
418 4053 528 4114 insen,
548 4056 587 4121 τῷ
604 4051 687 4121 ἀνδρὶ
775 4054 832 4117 Cap.
850 4054 925 4103 XXIII.
963 4054 988 4120 l)
1006 4050 1137 4105 ἐπέστειλε
1155 4052 1181 4100 Ε.

113 4125 162 4187 ²5³⁶
180 4122 340 4190 ‘Itft‘ll'h
775 4152 832 4217 esp.
852 4154 917 4203 xxv.
961 4153 986 4217 1)
1005 4150 1055 4203 sas
1074 4151 1101 4199 s.

166 4223 193 4286 8)
210 4220 409 4292 ὑποληφθῆναι
429 4222 456 4281 Ν,
478 4219 679 4287 ὑπολελεῖφθαι
778 4254 835 4316 ὢν·
854 4253 929 4302 XXVI·
966 4251 990 4313 1)
1007 4252 1134 4301 τοιοῦτον
1151 4248 1179 4297 N.

112 4289 148 4338 tt.
169 4305 206 4353 ap.
227 4291 278 4340 Cot
769 4320 796 4383 2)
816 4320 980 4388 περιμανεῖς
1003 4317 1091 4377 neh,
1116 4313 1291 4384 περικαλλεῖς

163 4389 190 4453 e)
210 4391 363 4456 aspidiscas
380 4403 427 4441 scr.
446 4387 500 4438 EN.
720 4384 756 4435 XI.
777 4401 816 4450 ep.
834 4386 887 4435 Cot.
