2886 4882
443 214 467 271 l.
490 212 678 273 nimbus
700 215 743 271 ub
766 214 840 273 COR.
868 215 923 276 llll.
943 217 1011 275 Vlll.
1278 216 1318 278 55

463 447 516 504 vu.
557 446 719 506 adhortatio
740 451 779 506 ad
795 453 1000 524 poenitentium.

200 598 292 667 llaec,
323 599 509 667 charissimi,
537 615 592 655 nor
614 606 730 669 tantum,
763 610 792 656 ut
819 618 867 656 vos
897 599 981 657 oflicii
1010 604 1092 660 uestri
1114 605 1314 675 aduioncamus,

151 682 281 750 abimus,
313 682 375 739 sed
399 683 500 751 etiam,
529 691 559 738 ut
580 685 726 758 nosipsos
749 683 1040 751 commonefaciamus,
1065 687 1091 741 iu
1120 688 1213 744 eadem
1244 692 1313 747 enim

151 782 388 834 conversamur,
412 772 442 822 et
465 773 603 823 certamen
632 767 704 823 idem
732 768 811 824 uobis
840 768 996 842 impositum
1019 777 1068 825 est
1111 768 1197 837 Qume
1220 773 1314 829 inanes

150 858 257 905 dunas
289 866 385 909 curas
418 847 619 923 relinquamus,
651 858 679 908 ct
705 851 738 907 ad
768 851 914 925 gloriosam
944 859 971 907 et
999 852 1176 908 venerandam
1206 864 1315 912 sanctae

149 933 272 989 meionis
297 941 424 989 nostrae
452 932 550 988 lineam
574 927 691 1007 [metum]
713 936 858 991 veniamus.
902 936 969 1003 Quid
992 935 1151 1010 pulcbrmn,
1186 937 1250 1010 quid
1278 938 1315 993 iu·

147 1014 236 1073 mlum
249 1024 283 1073 et
296 1024 453 1091 acceptum
470 1031 561 1072 coram
575 1016 675 1091 opifice
692 1026 786 1075 nostro
800 1020 842 1087 sit,
859 1018 1005 1076 rideamus.
1035 1019 1198 1092 Sanguinem
1215 1020 1317 1077 Christi

146 1102 231 1157 mtis
255 1098 360 1157 oculis
383 1100 546 1163 iutueamur,
568 1108 692 1175 utquam
708 1103 846 1175 pretiosus
868 1102 904 1157 sit
919 1101 975 1160 [leo
998 1103 1076 1178 patri,
1101 1103 1315 1173 consideremus,

147 1186 316 1258 pipropter
354 1191 479 1240 nostram
509 1182 622 1240 salutem
650 1184 753 1241 ellusus
782 1187 831 1241 toti
859 1186 959 1242 mundo
988 1187 1173 1261 poeniteutiae
1201 1187 1314 1259 gratiam

144 1266 226 1324 rltnfit.
272 1265 468 1323 decurramus
490 1264 524 1322 ad
546 1284 641 1325 omnes
662 1268 755 1324 mundi
773 1276 883 1337 aetates,
906 1276 934 1325 et
945 1270 1089 1338 discamus,
1112 1268 1187 1343 quod
1202 1270 1314 1326 inomni

142 1350 331 1424 musae,
355 1347 510 1405 volentibus
533 1350 565 1405 ad
589 1351 676 1425 ipsum
699 1354 835 1421 conuerti,
856 1352 986 1409 Dominus
1015 1353 1199 1429 poenitentiae
1221 1352 1313 1409 locum

141 1434 314 1491 arcesserit.
359 1432 419 1489 Noe
442 1432 625 1507 poenitentiae
647 1452 747 1509 praeco
770 1436 828 1503 luit,
853 1444 880 1491 et
902 1437 948 1509 qui
966 1437 990 1493 ei
1007 1437 1239 1511 obtemperarunt,
1264 1436 1314 1491 sal·

140 1520 175 1573 nti
194 1525 273 1573 sunt
324 1516 409 1572 lonas
431 1516 554 1573 Ninivitis
577 1518 709 1574 excidium
732 1519 915 1593 praedicavit:
945 1519 981 1575 illi
1011 1530 1115 1586 alitem,
1138 1526 1314 1593 peccatorum

137 1600 333 1673 poeniteutiam
363 1607 490 1672 agentes,
519 1600 645 1673 precibus
674 1601 757 1658 Deum
787 1603 943 1675 placarunt,
974 1613 1001 1659 ot
1030 1603 1144 1660 salutem
1168 1603 1311 1659 consecuti

136 1694 195 1753 emt,
218 1684 291 1740 licet
316 1680 399 1738 alieni
420 1699 435 1737 a
456 1681 512 1740 lleo
534 1692 632 1740 essent.

581 1866 646 1924 l⁷lll.
689 1869 873 1926 Continuotio.

210 2018 329 2076 [livinae
354 2018 454 2090 gratiae
480 2019 597 2074 ministri
619 2017 721 2093 Spiritu
748 2027 826 2074 santo
849 2017 932 2074 aldati
961 2017 995 2074 de
1018 2019 1185 2092 poenitentia
1207 2018 1313 2094 loquuti

133 2114 199 2161 sunt.
246 2102 315 2177 lpse
341 2101 421 2157 etiam
444 2118 535 2158 rerum
558 2104 676 2158 omnium
693 2103 821 2158 bomiuus
839 2119 899 2159 ciuu
921 2103 1072 2159 iuramento
1096 2102 1130 2158 dc
1146 2104 1313 2176 poenitentia

132 2190 261 2263 loquutus
288 2193 348 2242 est:
370 2184 447 2253 ,vium
469 2186 556 2258 iuquit
578 2186 721 2255 Dominus,
745 2185 807 2242 nolo
831 2195 946 2242 mortem
967 2186 1132 2258 peccatoris,
1156 2187 1227 2242 sicut
1248 2204 1312 2259 poe·

133 2265 303 2335 atentiam?
336 2269 439 2324 addens
461 2268 572 2342 iusuper
593 2269 693 2324 dictum
717 2270 869 2342 egregium:
898 2268 1077 2340 resipiscite,
1101 2268 1197 2324 domus
1220 2268 1312 2338 lsrael,

132 2356 162 2412 ab
182 2354 338 2431 iniquitate
360 2358 458 2408 restra.
500 2350 546 2407 llic
569 2350 631 2407 liliis
653 2352 746 2425 populi
768 2352 835 2407 nrei:
857 2353 880 2406 si
903 2358 1015 2424 peccata
1036 2357 1125 2405 restra
1148 2366 1163 2404 a
1186 2359 1257 2406 terra
1279 2351 1313 2408 ad

132 2440 240 2497 metam
264 2451 358 2510 usque
380 2435 549 2509 pertingant,
580 2437 603 2490 si
634 2451 721 2490 cocco
745 2433 870 2489 rubriora
899 2441 926 2488 ct
948 2432 1036 2487 cilicio
1062 2433 1182 2503 nigriora
1204 2432 1312 2499 luerint,

131 2530 157 2579 rt
179 2523 218 2579 ad
250 2536 296 2578 me
328 2535 361 2575 ex
390 2526 447 2574 toto
469 2518 554 2573 corde
577 2518 703 2574 conversi
726 2515 832 2572 trierim
853 2523 880 2571 et
902 2515 1039 2580 dixeritis,
1061 2513 1156 2579 l’ater;
1187 2520 1313 2584 tanquam

130 2604 235 2680 populo
259 2610 359 2660 sancto
379 2617 471 2657 aurem
500 2599 577 2657 vobis
605 2595 764 2675 praebebo.‘
806 2598 838 2654 Et
860 2598 886 2653 in
908 2597 961 2652 alio
984 2596 1045 2652 loco
1068 2594 1108 2651 sic
1130 2594 1209 2650 dicit:
1237 2594 1314 2663 ,lava-

131 2689 193 2745 nini
217 2695 250 2745 et
269 2685 455 2752 mimdamioi‚
482 2684 586 2741 aulertc
614 2684 682 2740 malo
704 2701 736 2739 er
759 2682 898 2739 animabus
920 2680 1034 2747 vestris,
1063 2677 1096 2734 ab
1128 2677 1214 2734 oculis
1236 2679 1313 2748 meis,

130 2771 270 2846 quiescite
295 2786 310 2824 a
331 2767 439 2824 rualitiis
461 2768 572 2836 vestris,
595 2768 690 2824 discite
713 2768 803 2823 lacere
826 2765 942 2830 bonum,
966 2764 1088 2836 quaerite
1112 2770 1225 2832 rectum,
1247 2761 1313 2820 libe·

130 2865 186 2912 ute
208 2869 395 2928 oppressum,
419 2851 533 2907 iudicate
554 2850 672 2925 pupillo,
704 2858 731 2906 et
753 2847 896 2907 iustificate
917 2847 1037 2914 viduam;
1068 2855 1095 2904 ct
1116 2847 1204 2902 venite
1227 2856 1255 2903 et
1277 2847 1313 2903 di·

129 2947 290 3013 sportemus,
320 2935 386 2991 dicit
407 2934 543 2991 Dominus.
585 2934 654 2990 Etsi
677 2932 778 2991 luerint
798 2941 909 3008 peccata
923 2940 1011 2989 restra
1031 2932 1107 3005 quasi
1130 2930 1313 3004 phoenicium,

130 3024 206 3078 sicut
227 3020 320 3077 nivem
343 3017 483 3085 dealbabo,
506 3019 529 3073 si
542 3025 630 3073 autem
653 3016 752 3074 luerint
767 3024 796 3072 ut
812 3017 963 3082 coccinum,
986 3015 1057 3072 sicut
1072 3014 1158 3070 lanam
1173 3012 1314 3070 dealbabo.

131 3104 163 3161 ur
185 3105 213 3160 si
234 3100 380 3159 nolueritis
401 3108 428 3158 ct
450 3101 590 3158 audieritis
612 3117 670 3166 me,
700 3099 770 3156 bona
800 3107 887 3156 terrae
916 3099 1081 3166 comedetis3
1110 3097 1133 3153 si
1154 3104 1243 3153 autem
1265 3111 1312 3151 no·

131 3186 254 3251 irretitis,
277 3202 367 3259 acque
389 3184 575 3242 exaudiveritis
597 3200 653 3251 ure,
681 3183 785 3257 gladius
816 3182 956 3239 devorabit
977 3198 1041 3251 vos3
1063 3198 1095 3237 os
1118 3180 1188 3236 euim
1210 3178 1315 3236 bomini

132 3270 261 3329 locutum
283 3276 325 3325 est
346 3265 430 3325 haec‘
474 3268 574 3325 Volens
597 3268 686 3342 igitur,
708 3282 803 3323 omnes
825 3266 941 3322 dilectos
964 3281 1029 3320 suos
1049 3264 1230 3338 poenitentiae
1255 3261 1314 3319 deri

133 3354 301 3430 participes,
323 3350 432 3409 effatum
454 3351 520 3408 illud
543 3350 722 3425 omnipotenti
744 3368 793 3407 sua
815 3349 951 3406 voluntate
973 3347 1119 3405 roboravit.

135 3499 352 3513 -..-.--.

190 3585 218 3647 5)
239 3584 316 3634 cml
336 3582 395 3632 Tim.
417 3581 440 3642 2,
457 3581 480 3632 3.
500 3582 522 3637 5,
540 3581 564 3630 4.
793 3576 818 3641 6)
839 3576 888 3626 Cir.
906 3577 950 3626 lcr.
971 3577 994 3635 3,
1015 3573 1055 3624 22.
1078 3574 1115 3623 19.

190 3634 708 3719 ommwmsmmmmu
795 3657 1315 3724 ummurmquumo

138 3722 180 3771 lib.
203 3720 276 3783 impr.
316 3719 365 3768 esf·
384 3718 428 3780 Ep.
446 3714 530 3766 ll'0lf·
552 3717 574 3773 ¹2
598 3715 635 3764 ¹9·
744 3729 784 3778 ubi
816 3728 897 3778 ultima
921 3728 965 3777 isto
992 3726 1036 3775 sub
1062 3726 1195 3776 Ezechielis
1219 3726 1314 3775 nomine

189 3790 220 3848 'll
238 3787 358 3836 eff-tht·
375 3786 399 3834 7·
417 3782 585 3843 ll'tll·3i²⁰·
605 3783 631 3838 lla
650 3781 710 3842 25.
746 3796 839 3856 laudat,
872 3795 939 3844 cuius
966 3795 1035 3844 otiam
1061 3794 1171 3843 ridentur
1196 3808 1249 3842 csse
1272 3807 1314 3840 su-

137 3857 190 3907 tud.
213 3856 275 3905 lum
293 3870 314 3903 θ·
332 3855 356 3905 9·
744 3864 849 3928 poriora.
884 3863 944 3912 lliuc
967 3863 1046 3927 itaque
1074 3864 1181 3910 firmatur
1211 3860 1240 3908 cl.
1268 3858 1315 3907 Co-

191 3924 220 3983 8)
237 3925 292 3971 1⁰¹¹·
312 3921 335 3971 ³·
745 3931 822 3981 telerii
842 3931 987 3981 coniectura.
1019 3930 1104 3980 Coloni.
1134 3927 1178 3977 Ed.
1202 3927 1315 3990 princeps

197 3992 257 4056 Cap.
275 3989 332 4038 l'lll.
370 3989 394 4052 l)
413 3986 499 4037 Erech.
517 3986 557 4041 33,
583 3986 619 4034 ll.
667 4026 669 4031 ,
745 4000 804 4065 λαῷ
824 3994 894 4065 t‘tqul
913 4016 933 4048 c·
953 3999 1022 4048 pqspo·

195 4054 450 4123 ²Wfflffiffi
795 4082 1065 4146 amiam

190 4122 445 4191 afflmmm
797 4170 803 4197 ί
930 4122 1008 4180 ι,
1267 4162 1272 4179 y

190 4187 653 4259 mmmmmmmm
798 4162 1316 4236 ufflwmwboum

189 4266 218 4328 δ)
238 4262 280 4312 Sic
298 4260 342 4310 lls.
363 4259 429 4308 Hanc
448 4258 547 4306 formam
566 4256 640 4305 habes
659 4270 712 4304 soa·
748 4245 771 4284 ⁰¹
797 4236 847 4285 ¹1¹⁰·
1210 4313 1234 4326 ..

138 4334 193 4399 pins
211 4329 280 4395 apud
298 4327 358 4378 Lllll
377 4334 400 4376 ct
418 4326 481 4390 apud
500 4324 643 4373 Strabonem
658 4323 712 4383 lll'l,
793 4319 843 4397 Ι10)
862 4321 901 4368 Sc.
920 4318 1040 4368 voluntate
1059 4323 1129 4378 atque
1149 4314 1251 4365 consilio
1271 4330 1313 4366 eos

140 4402 179 4454 12.
211 4400 263 4451 loc.
747 4386 889 4436 redimendi.
