2886 4882
490 225 577 282 vlslo
599 226 640 291 lV,
661 225 689 281 2
713 225 739 281 3.
779 226 808 280 V.
1185 221 1246 284 587

70 386 161 449 ἐκλελε
163 381 302 469 γμένοι
282 381 341 448 υπὸ
363 391 415 447 τοῦ
437 389 512 446 θεοῦ
536 384 577 456 είς
596 382 671 461 ζωὴν
692 383 819 446 αίοίνιον.
863 379 909 444 Σίι
930 373 986 444 οὖν
1008 381 1053 485 γιὴ
1084 386 1245 471 διαλείπης*

69 476 159 531 ταῦτα
180 476 275 530 λαλῶν
297 466 388 541 είς
358 493 393 529 τα
419 459 478 530 ὦτα
499 471 558 528 τῶν
579 462 676 572 άγίων.
707 463 811 566 Ἐηετε
833 466 881 527 καλ
903 464 955 527 τὸν
982 490 1074 528 τυπον
1102 475 1155 545 τῆς
1183 448 1245 530 θλί-

69 569 150 630 ψεως
170 559 222 649 τῆς
244 551 397 633 ἐρχομένης
416 558 468 631 τῆς
488 545 621 653 μεγάλης.
663 544 737 611 Ἐάν
758 547 830 612 δὲ
810 556 893 629 ομεῖς
915 545 1058 653 θελήσετε,
1072 546 1159 612 οὐδέν
1173 552 1245 613 ἐστι·

70 578 260 740 μγημονεάετε
290 640 348 697 τῶν
379 631 648 740 προγεγραμμένων
693 632 790 695 Ταῦτα
819 632 942 694 εἰποῦσα
969 628 1100 731 ἀπῆλθε,
1122 633 1170 694 καί
1192 632 1246 697 οὐκ

71 715 150 781 εἶδον
170 718 246 803 ποίῳ
267 714 360 803 τόπῳ4
381 715 513 820 άπῆλθε·
536 712 638 794 ψόφος
657 713 712 800 γάρ
727 712 893 798 ἐγένετσ,’
860 740 939 797 καγω
929 710 1247 795 ἐπεστράψηνόπίσω

70 782 233 883 φοβηθείς,
255 782 350 864 δοκῶν
370 798 464 864 Vn
435 826 467 864 το
491 801 599 881 θηρίον
622 799 737 881 ἔρχεται.

527 1089 718 1148 ΟΡΑΣΙΣ
743 1080 792 1148 E‘.

154 1259 394 1364 Προσενχομένου
416 1283 474 1340 μου
496 1259 527 1321 ἐν
548 1265 588 1344 τῷ
592 1260 682 1362 οἷ’κηι
702 1282 759 1357 μογ
781 1260 831 1320 καὶ
851 1259 1031 1331 καθίσαντος
1052 1256 1155 1320 ἐπλ
1119 1283 1172 1338 της
1189 1259 1246 1320 κλί-

70 1366 123 1423 νης
143 1340 316 1424 εἰσήλθετ’
300 1341 375 1425 ανὴρ
396 1344 512 1417 ἔνδοξος
533 1351 567 1428 τῇ
591 1324 675 1421 όψει,
698 1338 829 1446 σχήματι
848 1347 1023 1448 ποιμενικρλ,
1053 1344 1248 1445 περικείμενος

70 1428 159 1530 δέρμα
189 1428 316 1534 αίγειον,
348 1427 398 1490 καλ
410 1424 522 1529 πήραν
551 1428 622 1533 ἔχων
650 1424 697 1486 ἐπὶ
725 1422 777 1486 τδν
798 1417 903 1526 ὦμον,
931 1424 981 1485 καὶ
1002 1422 1159 1504 ῥάβδον’
1133 1448 1174 1498 εις
1194 1449 1248 1529 την

69 1518 161 1594 χεῖρα,
192 1511 242 1572 καί
270 1507 418 1590 ἠσπάσατό
446 1528 495 1589 με·
526 1507 606 1591 κάγώ
632 1504 885 1614 αἰντησπασάμηνι
913 1505 1010 1570 αὐτόν.
1064 1508 1125 1568 Καλ
1153 1504 1247 1583 εὐθὺς

68 1591 268 1675 περιικάθισὲ”
301 1616 365 1672 μοι,
387 1594 473 1654 καλλ
458 1592 531 1694 λέγει
552 1617 601 1671 μοι
632 1585 850 1695 Ἀπεστάληγ’
831 1587 889 1652 απὸ
912 1596 962 1652 τοῦ
993 1586 1168 1696 σεμνοτάτου
1197 1589 1247 1675 Vy·

68 1677 198 1761 γέλ,“συ
184 1701 233 1738 ινα
253 1674 322 1755 μετὰ
346 1681 398 1737 σοῦ
423 1672 582 1778 οἰκησω
552 1700 603 1749 ,τας
624 1670 726 1747 λοιπάς
749 1673 857 1753 ιλμέρας
875 1679 927 1751 τῆς
948 1679 1022 1752 ζωῆς
1039 1695 1101 1737 σου.
1134 1669 1246 1750 Ἔδοξα

68 1703 170 1862 ἐγῶ”
154 1783 197 1821 οτι
235 1756 372 1859 πάρεστιν
402 1754 576 1862 ἐκπειράζων
606 1781 655 1839 με,
688 1756 738 1819 καὶ
764 1756 836 1840 λέγω
864 1753 943 1840 αὐτῷ
962 1753 1018 1828 21)
1044 1754 1099 1859 γάρ
1131 1760 1176 1832 τίς
1203 1754 1245 1836 είς

69 1840 138 1988 ἐγώ,
162 1844 252 1922 φημί,
274 1839 437 1948 γινώσκω
426 1833 450 1904 V
470 1840 649 1923 παρεδόθην.
677 1840 780 1945 Λέγει
807 1865 857 1920 μοι
880 1820 944 1902 Οὐκ
971 1840 1168 1947 ἐπιγινώσκεις
1197 1864 1246 1923 Vs,-

73 1923 118 1990 OV
128 1929 248 2032 ,.ψημί
281 1923 375 2026 Ἐγώ,
397 1906 504 2072 φησίν,
529 1925 589 2031 [V]
597 1921 741 2008 ποιμὴν
730 1946 753 1984 ω
774 1922 961 2030 παρεδόθης
985 1921 1053 1989 Ἔτι
1079 1922 1171 1989 αὐτοῦ
1198 1931 1246 1988 λα-

68 2016 204 2084 λοῦντος,
231 2005 432 2109 ι’γλλοιοίθη’
410 2037 430 2091 η
460 2009 503 2072 VdV
504 2036 522 2071 α
554 2007 661 2085 αὐτοῦ,
690 1988 741 2071 καί
768 2008 894 2090 ἐπέγνων
927 2004 1032 2087 αυτόν,
1064 2007 1110 2074 ὅτι
1136 2007 1247 2085 ἐκεῖνός

69 2086 200 2157 ἐστιν
177 2118 200 2179 ῳ
230 2091 428 2200 παρεδόθην,
445 2093 493 2156 καὶ
523 2091 616 2168 εὐθὺς
644 2062 822 2197 δυνεχόθηγ’
851 2093 898 2155 καλ
905 2088 1025 2197 φόβος
1045 2118 1080 2172 με
1101 2094 1245 2174 κατέλαβε,

69 2179 118 2239 καί
139 2160 207 2250 όλός
228 2175 392 2256 συνεκόπην
414 2174 471 2240 άπὸ
494 2202 547 2256 της
557 2177 674 2284 λάπης,
697 2175 743 2239 ὅτι
765 2174 857 2249 οὕτως
878 2172 957 2258 αιἰτηι
962 2174 1196 2282 ἀπεκρίθην*
1193 2198 1246 2238 πο-

69 2284 164 2341 νηρως
185 2261 234 2322 καλ
255 2257 399 2340 ἀφρόνως.
442 2257 528 2322 ‘VOV
550 2254 721 2342 άποιιριθείς
744 2283 794 2341 μοι
814 2258 844 2320 VV
863 2281 888 2321 ει
916 2238 973 2337 Μὴ
995 2260 1152 2339 αέσχινοιι,
1180 2256 1243 2321 VVV'

70 2345 269 2445 ίσγοροποιοῦ5
292 2342 323 2405 ἐν
346 2350 409 2416 ταῖς
430 2343 559 2418 ἐντολαῖς
579 2368 651 2426 μου,
674 2338 721 2416 αίς
742 2362 789 2404 σοι
816 2285 907 2422 μάλλω
935 2342 1123 2406 ἐντέλλεσθαι.
1162 2334 1246 2405 ’-Απε

69 2424 176 2533 στάλην
186 2424 274 2529 γάρ,
277 2430 410 2531 φησίν,
439 2427 489 2489 ἵνα
519 2423 537 2489 V
566 2421 675 2500 ἴδες
646 2450 678 2488 τσ
701 2422 842 2508 πρότερον
862 2425 957 2489 πάντα
978 2445 1023 2488 σοι
1044 2423 1132 2488 πάλιν
1153 2429 1245 2504 δείξω

69 2505 142 2573 αιἰτά
164 2507 199 2572 τά
220 2507 289 2591 μετὰ
311 2510 413 2573 ταυταθ
434 2504 504 2591 άμῖν
515 2511 715 2617 συμφέροντα
761 2514 884 2613 Πρῶτον
906 2505 1022 2615 γράψον
1050 2506 1102 2583 τάς
1130 2507 1246 2587 ἐντολάς

68 2596 118 2657 καλ
146 2590 197 2668 τάς
226 2592 407 2700 παραβολάς,
435 2596 485 2656 ἵνα
506 2592 563 2657 άπὸ
584 2603 663 2699 χεῖρα
686 2590 900 2698 ἆναγινοίσκης
913 2589 1003 2666 αὐτάς
1029 2593 1078 2654 καὶ
1109 2595 1246 2680 δυνηθῇς

70 2672 197 2755 φυλάξαι
218 2674 316 2752 αιἰτάς.
349 2676 491 2783 Ἔγραψα
514 2672 569 2743 οὖν
589 2676 640 2753 τὰς
662 2673 779 2752 ἐντολάς
800 2674 900 2740 καλ
870 2703 921 2752 τας
941 2673 1122 2757 παραβολάς,
1144 2677 1249 2754 καθείς

68 2757 224 2825 ἐνετείλατό
247 2784 304 2842 μοι.
343 2759 416 2825 Ἐάν
437 2754 492 2825 οὖν
512 2760 687 2836 ἀκούσαντές
708 2786 766 2842 μου
788 2759 932 2841 φαλάξητε
953 2762 1001 2824 καλ
1024 2758 1106 2822 ἐν’
1070 2768 1173 2836 αυτοῖς
1193 2784 1246 2825 πο-

67 2852 194 2928 ρευθῆτε
221 2847 270 2909 καλ
271 2843 460 2951 ἐργάσησθε
488 2844 578 2920 αὐτάς
608 2847 640 2909 ἐν
660 2850 781 2930 καθαρά
793 2848 929 2952 καρδία
962 2840 1154 2946 άποληψεσθε
1185 2843 1244 2911 σἰπδ

69 2936 121 2992 τοῦ
142 2927 287 3010 κυρίον“
270 2949 326 2992 οσα
347 2927 573 3035 ἐπηγγείλατο’
553 2938 638 3034 υμῖν·
662 2927 713 2993 ἐάν
732 2908 801 2992 δι’
785 2929 961 3002 ακούσαντες
982 2954 1021 3008 μη
1044 2950 1244 3009 μετανοησηεε,

69 3021 219 3094 προσθητε
242 3013 314 3092 [δέΓ
335 3022 400 3088 ταῖς
427 3011 620 3119 άμαρτίαις”
600 3020 697 3116 υμῶν,
716 3011 907 3115 άποληψεσθε
930 3009 989 3075 άπὸ
1010 3019 1062 3074 τοῦ
1084 3014 1214 3116 κυρίου
1209 3011 1245 3075 τά

70 3096 193 3159 ἐναντία
241 3095 337 3158 Ταιιτά
359 3123 408 3178 μοι
429 3097 523 3163 πάντα
545 3124 621 3162 ουτω
643 3095 756 3181 γράψαι
777 3094 794 3160 V
815 3093 926 3179 ποιμὴν
955 3093 1165 3178 ἐνετείλατο,
1149 3121 1164 3159 ο
1195 3093 1245 3184 άγ

70 3185 151 3262 γελος
170 3184 223 3258 τῆς
244 3183 403 3258 μετανοίας.

71 3365 279 3375 ...-----ι

121 3483 148 3546 3λ
167 3480 325 3550 διαλιίπηςε
345 3482 404 3531 sic
398 3497 523 3544 apogr,
511 3483 554 3531 sed
574 3483 639 3532 vide·
725 3485 798 3543 ἑλλι
769 3502 851 3547 apogr.
871 3478 1019 3548 συνεχύθη.

72 3565 109 3605 [nr
129 3569 136 3598 ι
156 3566 182 3598 ετ
202 3566 224 3599 ει
242 3550 351 3597 ελλοι·Ιιιιιι
370 3564 431 3596 esse.
727 3553 753 3614 V)
772 3568 855 3615 ιγιιιςικ
875 3549 1024 3615 ιἰπειιρ.ίθη

124 3616 150 3679 V)
170 3613 261 3681 τόπιιι.
282 3616 378 3664 omnino
397 3614 447 3676 sic,
466 3632 513 3664 ποιι
537 3611 641 3683 τρόπηι.
727 3621 854 3680 ιἰλαγιοςι.
873 3618 1061 3700 λσγοιιοιιοιοο.

727 3689 753 3744 θλ
771 3698 854 3748 apogr.
872 3682 945 3752 μειίι
964 3680 998 3732 τὰ
1015 3679 1092 3735 ὄντα

122 3751 208 3800 Vis.V.
247 3750 270 3809 V)
290 3765 372 3812 ιιροςε.
381 3745 619 3826 ἀντισπασάμηι
727 3754 755 3808 V)
776 3750 844 3800 uncis
862 3750 955 3801 inclusa
974 3766 1018 3814 per
1043 3751 1090 3801 hoc
1113 3762 1197 3819 caput,
1220 3761 1247 3804 αλ

119 3820 145 3880 2)
164 3811 359 3886 παρεκάθισε
380 3817 533 3868 ἰῑιιδίειίιιοιο
554 3833 637 3881 apogr.
672 3820 697 3869 id
715 3825 830 3882 εορειοιιι,
849 3816 895 3880 ipsi
914 3817 1058 3868 addidimus.
