2886 4882
127 215 187 278 ηις
563 207 702 268 ονομα
724 206 861 266 νιστοιι

127 373 201 456 λέγει
225 368 266 433 Τδ
288 370 408 452 δένδρον
428 375 513 433 τοῦτο
536 366 595 432 ίτέα
616 367 675 431 έστί
694 365 745 431 καί
765 360 910 446 φιλόξενον
928 359 964 431 εδ
983 363 1092 449 γένος·
1114 360 1179 428 ἐάν
1198 359 1258 431 οῦν
1272 390 1323 447 μιν

131 461 259 520 τευθοδσι
285 455 336 519 καί
364 450 470 534 μικράν
500 449 608 532 ίκμάδα
626 446 811 533 λαμβάνωσιν
832 450 865 512 αί
882 445 1006 530 ῥάβδοι,
1042 445 1198 528 ζήσουται
1224 452 1324 515 πολλοὶ

131 540 162 615 ἐξ
196 536 307 602 ainoho·
336 531 397 600 εέτα
417 534 449 598 δέ
490 533 675 615 πειράσωμιν
701 534 751 597 καλ
771 531 852 614 ὕδωρ
873 529 979 606 αιἰταῖς
997 531 1183 612 παραχέων·
1205 533 1263 599 ἐάν
1281 560 1322 609 τις

134 619 230 685 αὐτῶν
251 622 371 706 δυνηθῇ
392 624 483 699 ζήσαι,
505 614 722 702 συγγαρήσομαι
743 612 859 690 αάταῖς·
880 611 933 679 ἐάν
953 612 986 677 δέ
1006 609 1049 696 μή
1063 613 1153 702 ζήυη,
1176 613 1237 698 οάχ
1251 615 1321 699 εὗρε

135 702 267 784 θήσομαι
287 701 343 788 έγῦ
364 699 477 785 άμελής.
515 699 667 764 Ἐκέλευσε
697 699 729 762 δέ
758 693 846 779 μοιά
873 692 987 779 ποιμήν
1006 697 1131 761 καλέσαι
1154 699 1268 775 καθείς
1285 726 1322 776 ηρ

135 785 233 851 αὐτῶν
254 785 374 892 ἐστάθη,
410 776 529 849 Ἦλθον
554 783 682 867 τάγματα
702 778 849 865 τάγματα,
868 781 919 845 καί
939 781 1097 845 ἐπεδίδουν
1114 777 1175 856 τάς
1196 782 1322 866 ῥᾷδδους

135 877 176 956 τῷ
195 869 319 952 ποιμένι.
365 866 519 949 Ελάμβανε
535 867 580 930 ,δὲ
608 864 625 932 6
651 862 761 947 ποιμήν
788 861 840 940 τάς
860 860 1008 946 ῥάβδους,
1038 864 1094 927 καλ
1114 860 1199 928 κατά
1219 866 1321 952 vim*

137 950 295 1032 ἐφύτευσεν
316 948 422 1028 αάτάς,
448 952 498 1014 καλ
527 948 597 1030 μετά
617 947 649 1014 τὸ
668 955 812 1029 φυτεῦσαι
840 945 920 1030 ὕδωρ
948 943 1049 1020 αάταῖς
1067 944 1149 1012 πολῦ
1172 951 1320 1034 παρέχων,

139 1036 212 1100 ὥστε
234 1031 292 1100 άπὸ
313 1037 367 1099 τοῦ
387 1033 493 1108 ῦδατος
513 1030 554 1112 μή
575 1035 736 1111 φαίνεσθαι
756 1028 808 1108 τάς
828 1029 967 1114 ῥάβδους.
1006 1030 1072 1118 ’Καί
1100 1028 1180 1112 μετά
1209 1032 1245 1099 τῦ
1272 1059 1321 1100 κι-

138 1121 216 1182 τίσαι
237 1116 327 1183 αὐτὸν
347 1114 399 1192 τάς
419 1113 556 1197 ῥάβδους,
577 1116 651 1200 λέγει
670 1115 790 1196 μοι...“
810 1114 861 1179 καί
880 1110 943 1197 μετ’
974 1110 1075 1197 ὀλίγοις
1109 1111 1232 1198 ήμέρας
1258 1119 1321 1183 ἐμ

140 1203 290 1281 νέλθωμεν
311 1199 360 1264 καί
392 1196 620 1280 έιιισκεψάμεθα
646 1198 698 1274 τάς
733 1195 863 1280 ῥάβδους
886 1195 998 1273 πάσας·
1026 1192 1044 1260 6
1071 1195 1131 1281 γάρ
1156 1203 1268 1277 κτίσας
1291 1198 1334 1267 τά.

140 1285 260 1364 δένδρον
281 1290 365 1348 τοῦτο
386 1283 467 1347 θέλει
486 1280 597 1357 πάντας
618 1289 671 1363 ζῆν
687 1279 755 1357 τοῦς
775 1280 920 1362 λαβόντας
940 1281 973 1345 έκ
992 1286 1045 1345 τοῦ
1061 1281 1197 1364 δένδρου
1219 1282 1321 1350 τοῦτον

139 1366 273 1441 κλάδους.
310 1364 434 1443 Ἐλπίζω
459 1365 492 1430 δέ
520 1362 600 1449 κάγώ
627 1365 673 1430 ὅτι
692 1363 818 1446 λαβόντα
837 1363 871 1427 τά
894 1366 1000 1472 ῥαβδία
1020 1369 1114 1428 ταῦτα
1136 1364 1257 1448 ίκμάδιι
1276 1369 1320 1433 καλ

139 1450 314 1516 ποτισθέντα
335 1449 420 1515 ῦδατι
440 1447 573 1532 ζήσονται
592 1447 624 1514 τὸ
645 1456 778 1514 πλεῖστον
797 1448 885 1531 μέρος
905 1454 1009 1512 αυτοῖν.

228 1609 272 1666 ΙΙΙ.
314 1601 400 1685 Λέγω
421 1597 500 1685 αὐτῷ
515 1598 616 1682 Κύριε,
640 1596 672 1663 τδ
697 1597 818 1679 δένδρον
838 1603 924 1662 τοῦτο
944 1592 1088 1682 γνάρισάν
1107 1621 1162 1677 μοι
1185 1601 1219 1662 τί
1232 1600 1316 1665 ἐστιν·

140 1680 306 1766 ἀποροῦμαι
326 1681 380 1769 γάρ
400 1684 467 1766 περὶ
485 1681 584 1760 αὐτοῦ,
607 1681 651 1746 ὅτι
672 1677 817 1746 τοσούτων
837 1677 953 1745 κλάδων
972 1679 1122 1744 κοπέντων
1143 1677 1233 1765 άγιές
1263 1685 1317 1747 έσπ

141 1763 173 1830 τὸ
198 1767 320 1850 δένδρον
339 1767 389 1830 καί
409 1764 496 1831 οάδέυ
517 1770 651 1847 φαίνεται
671 1763 848 1846 κεκομμένον
868 1761 920 1828 ἄπ’
955 1761 1065 1828 αὐτοῦ·
1092 1763 1126 1835 έν
1147 1762 1248 1852 τούτῳ
1268 1758 1318 1833 νῦν

141 1846 316 1930 άποροῦμαι.
350 1846 470 1921 Ἀκουε,
493 1852 581 1929 φησί·
603 1846 635 1911 τὸ
657 1847 778 1929 δένδρον
797 1853 883 1911 τοῦτο
904 1842 937 1911 τά
958 1848 1031 1932 μέγα
1050 1842 1084 1911 ιδ
1105 1845 1258 1926 σκεπάζον
1273 1874 1315 1916 κε·

143 1932 192 1993 δία
213 1932 263 1994 καὶ
285 1928 340 2012 ὅρη
361 1931 411 1993 καί
432 1937 530 1993 πᾶσαν
550 1929 603 2010 τήν
623 1937 679 2013 γῆν
699 1930 791 2010 νόμος
811 1938 887 1995 θεοῦ
908 1931 986 1995 ἐστίν
1007 1927 1025 1993 6
1045 1929 1152 2007 δοθείς
1178 1934 1225 2008 είς
1251 1930 1316 1997 ὅλον

142 2009 195 2074 τδν
214 2010 338 2093 κόσμον·
361 2009 380 2075 6
400 2011 431 2074 δὲ
452 2013 541 2092 νόμος
562 2009 647 2100 οὗτος
667 2009 732 2088 οίδς
753 2020 829 2078 θεοῦ
850 2014 908 2078 ἐστὶ
927 2013 1086 2120 κηρυχθείς
1101 2012 1196 2089 είςτά
1207 2016 1316 2100 πέρατα

142 2098 195 2175 τῆς
215 2101 286 2178 γῆς·
315 2096 345 2159 οἱ
364 2094 396 2158 δέ
416 2092 474 2160 άπδ
496 2093 550 2177 τήν
570 2096 679 2203 σκέπην
699 2097 764 2160 λαοί
790 2093 872 2171 ὄντες
901 2097 933 2159 οί
950 2094 1128 2171 ακοάσαντες
1151 2103 1208 2162 τοῦ
1230 2096 1315 2182 κηρά.

143 2203 250 2261 γματος
270 2179 319 2243 καί
339 2175 540 2255 πιστεύσαντες
561 2181 602 2254 είς
623 2176 728 2244 αυτόν·
751 2177 769 2243 6
789 2179 820 2242 δέ
841 2178 960 2265 άγγελος
981 2177 1000 2244 6
1021 2179 1108 2264 μέγας
1127 2182 1181 2243 καί
1199 2182 1315 2260 ἔνδοξος

145 2261 267 2344 Μιχαὴλ
289 2261 307 2326 6
328 2263 399 2344 έχων
418 2260 472 2344 τήν
491 2263 625 2340 ἐξουσίαν
645 2261 750 2327 τοῦτον
770 2269 822 2326 τοῦ
840 2270 913 2327 λαοῦ
926 2264 977 2327 καί
990 2266 1208 2346 διακνβιρνῦν’
1230 2259 1314 2342 οὗτος

143 2341 198 2429 γάρ
220 2347 296 2410 ἐστιν
316 2343 333 2410 6
354 2343 455 2420 διδοὺς
482 2345 582 2422 αὐτοῖς
609 2343 661 2410 τὸν
690 2343 782 2428 νόμον
810 2347 851 2423 είς
871 2344 922 2421 τάς
942 2349 1064 2432 καρδίας
1085 2352 1145 2410 τῶν
1164 2348 1312 2414 πιστευάν·

142 2453 209 2492 των.
247 2426 466 2493 Ἐπισκέπτεται
486 2422 541 2495 οῦν
560 2427 649 2505 αὐτὸς
669 2425 715 2504 οές
745 2429 852 2493 ἔδωκεν
871 2432 898 2494 εί
919 2426 976 2514 άρα
996 2426 1188 2512 τετηρήκασιν
1214 2432 1313 2498 αῦτάν.

144 2511 264 2587 Βλέπεις
284 2510 316 2575 δὲ
337 2510 401 2588 ένδς
421 2512 543 2577 ἑκάστου
563 2511 616 2587 τάς
637 2511 780 2595 ῥάβδους·
816 2513 849 2575 αί
872 2511 927 2598 γάρ
957 2510 1062 2596 ῥάβδοι
1094 2509 1227 2596 άνάμος
1248 2519 1313 2581 ἐστί

144 2595 266 2670 Βλέπεις
288 2587 342 2660 οῦν
373 2593 481 2671 πολλάς
509 2595 637 2678 ῥάβδους
655 2594 865 2699 ἠγρειωμένας,
893 2592 991 2684 γνάση
1011 2597 1044 2661 δέ
1064 2593 1175 2674 αάτοῦς
1194 2599 1313 2678 πάντας,

143 2675 213 2751 τοῦς
233 2675 273 2761 μή
293 2677 472 2762 τηρήσαντας
491 2679 543 2744 τδν
562 2678 669 2760 νόμον,
689 2679 740 2743 καλ
760 2694 830 2755 οψει
850 2679 917 2756 ἐνδς
936 2678 1060 2745 ἑκάστου
1080 2676 1135 2761 τήν
1151 2687 1312 2752 κατοικίαν.

142 2759 230 2844 Λέγω
251 2759 330 2846 αὐτῷ
352 2760 458 2843 Κάριε,
488 2760 538 2826 διά
558 2766 585 2825 τί
606 2761 658 2837 οῦς
679 2762 732 2843 μέν
750 2759 892 2827 άπέλυσεν
913 2765 955 2838 είς
974 2761 1026 2828 τὸν
1045 2761 1176 2847 πύργον,
1209 2765 1265 2842 οῦς
1284 2764 1314 2831 δέ

143 2842 189 2906 σοί
210 2844 411 2923 κατέλειψενςή
431 2843 527 2924 Ὅσοι,
548 2848 637 2927 φησί,
670 2845 838 2928 παρέβησαν
865 2844 918 2910 τδν
948 2845 1038 2928 νόμον
1058 2845 1095 2911 δν
1114 2848 1223 2929 ἔλαβον
1239 2848 1310 2931 παρ’

143 2922 310 3010 αῦτοῦ,,εές
330 2925 383 3008 τήν
404 2925 476 3010 ἐμήν
497 2930 630 3006 ἐξουσίαν
649 2928 799 2994 κατέλιπεν
820 2926 928 3006 αὐτοὺς
948 2933 990 3004 είς
1010 2928 1180 3012 μετάνοιαν·
1203 2931 1271 2998 ὅσοι
1283 2934 1313 2998 δέ

141 3005 200 3090 ήδη
225 3007 417 3094 εάηρέστησαν
442 3018 482 3097 τῷ
512 3009 592 3098 νόμῳ
620 3014 669 3075 καί
695 3009 885 3094 τετηρήκασιν
913 3012 1017 3088 αὐτόν,
1052 3010 1111 3077 άπδ
1146 3010 1202 3095 τήν
1234 3020 1312 3081 ίδίαν

143 3091 276 3167 ἐξουσίαν
296 3095 352 3173 ἐγει
369 3090 484 3170 αιἐτοῦς.
531 3099 615 3168 Τίνες
635 3087 698 3178 οῦν,
721 3097 807 3176 φημί,
829 3095 920 3178 κάριε,
942 3098 1014 3161 είσλν
1036 3100 1066 3161 οί
1080 3097 1312 3183 ἐστεφανωμένοι

142 3174 191 3235 καλ
212 3176 253 3247 είς
273 3172 324 3238 τδν
344 3173 403 3253 πάρ
421 3198 457 3238 ον
476 3173 651 3260 άπάγοντεςς
696 3168 787 3239 Οὗτοί
815 3180 888 3242 εἰσιν
916 3181 947 3243 οἱ
973 3178 1046 3261 ῦπέρ
1067 3186 1120 3243 τοῦ
1142 3181 1238 3261 νόμου
1257 3209 1312 3248 πα-
1363 3185 1367 3192 ⁴

142 3251 261 3329 θέντες·
290 3257 321 3318 οἱ
339 3256 372 3320 δέ
392 3200 483 3340 άεροι
503 3261 551 3322 καλ
571 3257 656 3322 αιἰτολ
675 3257 787 3341 γλωράς
806 3258 857 3336 τάς
878 3260 1007 3345 ῥάβδους
1033 3261 1242 3342 ἐπιδεδωκότες
1263 3268 1312 3330 καλ

141 3334 338 3419 παραφυάδας
359 3335 485 3420 ἐχούσας,
506 3339 629 3427 καρπὸνι
651 3341 683 3407 δέ
704 3340 744 3425 μή
765 3342 893 3424 έγσάσας,
915 3347 947 3408 οί
961 3343 1036 3428 άπέρ
1056 3352 1108 3410 τοῦ
1129 3345 1226 3428 νόμου
1246 3359 1312 3414 θλι-

141 3420 250 3501 βέντες,
277 3421 317 3506 μή
338 3424 485 3501 παθόντες
513 3425 544 3489 δέ
571 3424 644 3506 μηδέ
665 3423 859 3508 άρνησάμενοι
886 3427 938 3492 τδν
962 3426 1052 3510 νόμον
1077 3427 1190 3493 αὐτῶν·
1223 3434 1256 3496 οί
1281 3432 1313 3497 δέ

141 3502 251 3586 χλωράς
269 3505 474 3585 ἐπιδεδωκάτες
493 3511 559 3584 σίας
577 3511 690 3590 ἐλαβον,
712 3511 811 3590 σεμνοί
831 3511 881 3575 καλ
908 3514 1019 3576 δίκαιοι
1045 3513 1094 3575 καλ
1121 3514 1188 3576 λίαν
1207 3540 1313 3599 πορευι

140 3587 242 3661 θέντος
263 3589 295 3654 ἐν
314 3599 435 3678 καθαρᾷ
460 3594 566 3680 καρδία
594 3593 644 3657 καὶ
664 3589 715 3667 τάς
742 3590 860 3668 ἐντολάς
886 3597 991 3676 κυρίου
1016 3593 1223 3674 πεφυλακάτες.
1272 3597 1315 3662 Τά

141 3667 172 3732 δέ
194 3668 280 3733 λοιπά
300 3670 407 3760 γνάση,
429 3673 499 3741 ὅταν
519 3674 689 3758 κατανοήσω
710 3672 761 3751 τάς
788 3675 917 3759 ῥάβδους
936 3676 1043 3754 ταῦτας
1062 3675 1115 3752 τάς
1134 3683 1312 3764 πεφυτευμί·

141 3777 195 3829 νας
214 3752 265 3818 καλ
283 3757 500 3836 πεπαυμένος.

223 3900 265 3957 lV.
310 3895 369 3957 Καί
390 3893 460 3975 μετά
479 3894 589 3982 ἡμέρας
609 3896 709 3983 ὀλίγας
728 3894 862 3979 ἤλθομεν
883 3901 924 3974 είς
943 3895 995 3966 τάν
1015 3898 1122 3965 τόπον·
1144 3904 1194 3966 καί
1210 3901 1310 3969 ἐκάθι-

139 3995 188 4039 σεν
210 3973 228 4039 6
248 3973 359 4059 ποιμήν
380 3979 421 4053 εές
449 3976 501 4042 τὸν
527 3980 618 4046 τόπον
645 3988 697 4046 τοῦ
726 3980 861 4065 άγγέλου,
889 3980 969 4068 κάγῦ
997 3981 1186 4068 παρεστάθην
1220 3985 1310 4074 αὗτςδ.

189 4213 217 4276 3)
229 4208 330 4291 ,τάγμα
340 4231 348 4264 .·
367 4215 403 4265 sic
422 4214 512 4274 codex,
539 4229 587 4262 non
611 4213 647 4278 (ιιι
666 4216 704 4265 εδ.
792 4217 849 4282 Cap.
875 4220 912 4268 ΙΙΙ.
950 4221 974 4282 1)
999 4217 1110 4289 καρπδν
1135 4220 1159 4270 λιι
1184 4194 1239 4272 οοδ.
1264 4230 1308 4283 est,

135 4277 448 4406 ''¹³43“36555‘00mn111
467 4348 544 4402 deest.
660 4334 662 4338 ’
751 4300 799 4334 ⁰⁰⁰
818 4288 853 4349 (ω
871 4288 908 4336 Μ’
926 4288 974 4350 μ’)
992 4284 1123 4352 mm
