2886 4882
130 222 188 283 100
364 222 383 279 t.
403 216 591 279 ctffltms
614 220 656 278 to
678 220 752 278 COR.
783 219 848 279 tut.
871 219 934 276 ttv.
956 218 1006 277 tv.
1027 220 1090 277 LVI.

130 376 305 460 τελειότητος
326 374 565 481 άνυπερβλήτονλ
598 375 831 461 Πα’ρηοιύζεται
851 372 990 458 θεράπων
1003 372 1076 459 πρὸς
1090 374 1202 458 κύριον,
1221 380 1306 441 αἰτεῖ-

130 489 177 526 ται
197 460 304 543 άφεσιν
325 468 365 549 τῷ
388 469 514 543 πλήθει,
536 457 556 542 ἢ
578 461 628 524 καί
649 403 752 525 ἐαντδν
773 460 979 540 ἐξαλειφθῆναι
1001 457 1063 540 μετ’
1094 457 1190 522 αύτῦν
1219 459 1303 536 άξιοῖ.

129 623 193 680 Ltv.
237 625 295 693 Qui
324 624 459 680 charitate
483 623 583 696 plenos
614 627 668 687 est,
697 636 775 675 οιιιιιο
801 621 934 675 damnum
961 622 1048 686 εαδίι,
1078 623 1225 676 dummodo
1244 640 1304 693 μοι

558 719 689 775 ecclesiae
707 719 877 774 restituatur.

217 833 269 906 Τίς
290 820 345 894 οῦν
365 829 397 892 ἐν
416 824 486 907 ύμῖν
506 831 651 909 γενναῖος,
674 826 716 898 τίς
738 820 946 907 εύσπλαγγνος,
980 828 1023 899 τίς
1049 827 1303 908 πεπληροφορημέ-

130 940 181 990 νος
209 912 334 995 ’άπης,·
368 909 512 974 Είπάτοιι·
546 910 583 985 ,εί
602 904 642 970 δι’
667 908 715 988 ἐμέ
736 904 833 981 στάσις
849 909 899 970 καὶ
917 910 975 990 ἔρις
992 910 1040 971 καί
1059 913 1205 1013 σγίσματα,
1221 912 1304 991 ἐκχω·

133 1006 189 1081 ροῦ,
219 1022 336 1079 απειμι,
364 986 400 1057 οῦ
428 991 479 1056 ἐάν
499 989 664 1072 βούλησθε,
686 992 735 1054 καί
762 997 838 1054 ποιῶ
859 988 894 1067 τά
915 1012 1150 1073 προοτασσομενα
1171 991 1230 1057 ύπδ
1253 1001 1304 1057 τοῦ

130 1081 281 1164 πλήθους·
305 1076 395 1160 μόνον
415 1074 448 1139 τὸ
469 1078 606 1155 ποίμνιον
625 1080 678 1138 τοῦ
701 1081 829 1157 Χριστοῦ
851 1076 1018 1158 εἰρηνευέτω
1047 1075 1194 1156 μετὰτῶν
1216 1088 1304 1141 καθε-

132 1167 279 1247 σταμένων
298 1160 518 1242 πρεσβυτέρων.ι
565 1154 699 1221 Τοῦτοό
730 1156 855 1240 ποιήσας
876 1159 968 1246 ἑαυτῷ
990 1161 1062 1243 μίγα
1081 1163 1163 1236 κλέος
1194 1163 1225 1224 ἐν
1254 1189 1304 1224 κν.

129 1253 183 1334 ρίρι
202 1243 435 1330 περιποιήσεται,
456 1243 507 1306 καὶ
527 1249 585 1316 πᾶς
605 1239 695 1316 τόπος
727 1243 835 1319 δέξεται
861 1240 959 1306 αὐτόν.
1003 1251 1076 1327 ,Τοῦ
1104 1243 1157 1329 γάρ
1185 1247 1303 1327 otvot‘ov²

127 1328 206 1414 ήγή
227 1331 277 1394 καί
295 1326 329 1391 τὸ
350 1324 491 1409 πλήρωμα
512 1322 624 1407 αύτής.ι
671 1332 768 1389 Ταῦτα
789 1328 819 1390 οί
848 1327 1064 1408 πολιτευόμενοι
1085 1329 1138 1411 τήν
1167 1326 1303 1410 άμεταμέ·

128 1421 215 1496 ληιον
235 1414 381 1477 πολιτείαν
402 1417 454 1474 τοῦ
479 1413 556 1474 Θεοῦ
579 1411 718 1491 ἐποίησαν
738 1410 787 1473 καί
808 1408 989 1492 ποιήσουσιν.

461 1569 511 1626 LV.
556 1570 648 1624 Huius
670 1570 815 1627 otomatis
837 1574 971 1644 coempto.

202 1679 278 1744 Ἵνα*
307 1678 338 1743 δὲ
367 1678 416 1742 καὶ
443 1672 640 1758 ὑποδείγματα
667 1676 769 1739 ἐθνῶν
790 1677 964 1761 ἐνέγκωμεν’
986 1680 1086 1743 πολλοὶ
1106 1682 1233 1759 βασιλεῖς
1254 1679 1304 1741 καὶ

128 1761 300 1848 ήγούμενοι,
322 1767 458 1843 λοιμικοῦ
479 1757 559 1833 τινός
577 1756 728 1833 ἐνστάντος
749 1769 869 1843 καιροῦ,
890 1764 1189 1844 χρησμοδοτηθὲντες,
1219 1762 1304 1843 παρί-

129 1851 227 1912 δωιιαν
257 1844 379 1921 ἑαυτοὺς
408 1847 450 1919 είς
480 1840 626 1925 θάνατον,
654 1844 704 1906 ἵνα
731 1841 875 1923 βύσωνται
903 1845 953 1908 διὰ
981 1855 1033 1910 τοῦ
1055 1848 1165 1911 ἑαυτῶν
1185 1848 1305 1925 αἵματος

128 1930 197 2006 τούς
218 1933 345 2005 πολίτας.
390 1929 501 1992 Πολλοὶ
523 1924 698 2007 ἐξεχώρησαν
720 1930 803 1990 ἰδίων
822 1927 951 2006 πόλεων,
973 1932 1022 1992 ἵνα
1044 1929 1083 2011 μή
1116 1929 1304 2004 στασιάζωσιν

129 2016 178 2079 ἐπὶ
197 2021 304 2078 πλεῖον.
344 2009 544 2093 Ἐπιστάμεθα
565 2007 689 2084 πολλοῦς
709 2011 740 2074 ἐν
760 2008 830 2092 ήμῑν
850 2012 1105 2096 παραδεδωκότας’
1127 2010 1248 2087 ἑαυτούς
1261 2015 1302 2087 εἰς

130 2096 236 2179 δεσμά,
264 2096 344 2170 ὅπως
376 2096 490 2178 ἓτέρους
517 2091 730 2175 λυτράσονταιῧ.
774 2098 883 2159 Πολλοὶ
913 2095 1033 2171 ἑαυτούς
1061 2098 1231 2179 παρέδωκαν
1261 2098 1302 2169 είς

130 2185 279 2264 δουλείαν,
302 2181 352 2244 καί
372 2176 509 2261 λαβόντες
527 2175 579 2252 τὰς
597 2173 681 2258 τίμόις
702 2175 815 2257 αὐτῶν,
834 2179 946 2262 ἑτέρους
968 2178 1138 2261 ἔψάμιοανί.
1189 2181 1302 2242 Πολλαλ

128 2273 265 2351 γυναῖκες
286 2265 538 2342 ίνδυναμωθεῖοαι
557 2259 606 2324 διά
626 2268 677 2342 τῆς
698 2258 812 2344 χάριτος
823 2270 876 2326 τοῦ
891 2267 976 2342 Θεοῦ,
996 2265 1192 2328 ἐπετελέσαντο
1213 2260 1304 2326 πολλά

131 2347 258 2433 άνδρεῖα.
297 2346 424 2411 Ἰουδδθέ
445 2344 466 2428 ή
487 2348 628 2427 μακαρία,
650 2346 681 2407 ἐν
703 2353 881 2433 συγκλεισμῷ
904 2345 993 2429 οῦσης
1014 2355 1067 2430 τῆς
1086 2345 1212 2421 πόλεως,
1234 2345 1303 2434 ήτή-

131 2454 201 2498 σατο
222 2429 302 2516 παρά
322 2437 381 2496 τῶν
400 2430 615 2536 πρεσβυτέρων,
638 2429 765 2509 ἐαθῆναι
788 2428 880 2513 αὐτὴν
901 2432 1030 2509 ἐξελθεῖν
1052 2434 1092 2506 είς
1113 2429 1166 2514 τήν
1196 2456 1302 2514 παρεμ-

131 2515 222 2600 βολήν
243 2523 301 2580 τοῖν
321 2513 505 2595 ἆλλοφυλων·
528 2516 700 2595 παραδοῦσα
722 2505 776 2575 ούν
806 2512 912 2596 ἑαυτὴν
938 2523 979 2602 τῷ
1005 2513 1149 2601 κινδύνῳ,
1181 2515 1304 2595 ἐξῆλθεν

132 2599 173 2664 δι’
198 2597 314 2684 άγάπην
334 2605 393 2701 τής,
405 2600 544 2681 πατρίδος
566 2597 614 2660 καὶ
635 2603 686 2659 τοῦ
708 2604 790 2673 λαοῦ,
811 2607 862 2662 τοῦ
885 2597 969 2674 ύντος
990 2600 1021 2663 ἐν
1040 2606 1232 2683 συγκλεισμηῦ·
1255 2599 1303 2660 καί

130 2683 298 2766 παρέδωκεν
324 2707 425 2765 κνριος
447 2679 628 2762 Ὀλοφέρνην
658 2680 690 2742 ἐν
715 2682 786 2762 χειρί
815 2686 946 2764 θηλείας.
990 2680 1051 2762 Ούγ
1078 2682 1189 2762 ήττονί*
1214 2678 1304 2760 καλή

131 2769 223 2831 τελεία
242 2761 314 2829 κατά
334 2767 431 2829 πίστιν
448 2761 563 2846 Ἐσθήρ
584 2760 710 2847 κινδύνῳ
732 2764 836 2844 ἑαυτήν
859 2766 1034 2848 παρέβαλεν,
1056 2765 1105 2827 ἵνα
1127 2762 1159 2826 τό
1180 2761 1303 2826 δωδεκά-

130 2857 226 2930 φυλον
253 2855 305 2912 τοῦ
327 2846 456 2930 Ἰσραήλ,
485 2849 587 2928 μέλλον
614 2844 793 2923 ἀπολέσθαι,
821 2846 951 2930 ῥύσηται.
1004 2845 1063 2909 Διά
1091 2845 1144 2930 γάρ
1175 2854 1227 2926 τῆς
1255 2873 1303 2926 νη-

131 2936 228 3006 στείας
255 2932 305 2995 καί
331 2938 384 3012 τῆς
412 2929 610 3003 ταπεινώσεως
636 2927 727 3010 αὐτῆς
754 2927 875 3010 ἠξίωσεν
903 2929 955 2995 τόν
975 2930 1180 3012 παντεπόπτ-ην
1202 2928 1303 2994 δεσπό-

130 3042 198 3099 την,
223 3013 299 3078 Θεὸν
319 3021 378 3078 τῶν
399 3012 528 3078 αίοίνων·
551 3012 585 3088 δς
607 3011 677 3077 ίδόιν
697 3011 729 3076 τδ
753 3012 889 3078 ταπεινόν
909 3023 961 3096 τῆς
981 3022 1080 3098 ψυχῆς
1100 3013 1192 3097 αῦτής
1218 3011 1301 3096 ἐδρύ-

134 3121 204 3164 σατο
227 3095 278 3163 τόν
295 3095 381 3174 λαόν,
404 3091 445 3162 ὧν
466 3095 549 3181 χάριν
570 3095 780 3160 ἐκινδύνευσεν.

132 3257 195 3314 Lvl.
243 3257 446 3315 Admonemus
474 3267 498 3313 ot
530 3259 713 3330 corripiamus
742 3275 792 3313 nos
824 3259 941 3314 invicem
949 3279 958 3323 ,·
992 3259 1041 3331 qui
1068 3260 1151 3314 tatem
1181 3259 1302 3329 οαειίηο-

352 3358 452 3414 tionem
474 3375 528 3413 κοιι
550 3358 656 3424 renuit,
682 3357 770 3412 Deum
794 3357 875 3412 habet
892 3364 1082 3430 protectorem.

216 3463 275 3525 Καί
296 3459 380 3542 ήμεῖς
400 3455 455 3527 οῦν
477 3461 647 3544 ἐντύχωμενι
668 3463 735 3543 περί
758 3468 816 3525 τῶν
835 3462 865 3524 ἐν
885 3488 943 3524 τινι
970 3460 1190 3542 παραπτώματιέ
1210 3460 1300 3543 ῦπαρ·

131 3543 256 3626 γόντων,
280 3543 361 3618 ύπως
382 3548 462 3633 δοθή
483 3544 583 3620 αὐτοῖς
603 3547 741 3609 ἐπιείκεια
762 3545 812 3607 καί
832 3543 1092 3626 ταπεινοφροσύνη,
1115 3548 1156 3620 είς
1176 3543 1208 3608 τό
1231 3542 1304 3621 είξαι

132 3625 240 3702 αιἰτοῦς
259 3625 299 3708 μή
320 3625 405 3712 ήμῖν,
427 3626 498 3693 άλλῦ
519 3637 559 3693 τοῦ
580 3627 722 3709 θελήματι
742 3635 795 3691 τοῦ
820 3632 905 3691 Θεοῦ.
951 3627 1051 3703 Οῦτως
1078 3626 1132 3712 γάρ
1153 3630 1230 3693 ἐσται
1251 3628 1302 3693 αῦ-

132 3719 193 3786 τοῑς
220 3712 363 3794 ἔγκαρπος
383 3713 433 3775 καὶ
455 3693 547 3776 τελείοί
566 3710 587 3793 ή
607 3710 680 3795 πρός
701 3709 752 3775 τὸν
777 3709 853 3775 Θεὸν
874 3712 924 3774 καὶ
944 3709 1013 3786 τοῦς
1043 3708 1145 3819 άγίους
1171 3711 1231 3794 μετ’
1263 3716 1303 3776 οί-

133 3801 259 3877 κτιρμῦν
279 3796 383 3875 μνείαθ.
421 3793 625 3877 Ἀναλάβωμεν
645 3798 796 3871 παιδείαν,
817 3794 865 3872 ἐφ’
891 3787 1029 3881 ήοῦδείς
1056 3800 1168 3877 οφείλει
1198 3795 1302 3881 άγανα-

136 3914 342 3923 ...—-——-

188 3964 246 4026 Cap.
269 3963 324 4012 tw.
368 3962 392 4023 1)
417 3962 495 4012 Locus
520 3963 634 4012 recitatur
662 3979 700 4026 ομ.
789 3965 815 4027 2)
833 3965 881 4013 to.
900 3965 966 4014 Rom.
988 3966 1032 4023 16,
1052 3967 1074 4015 4.
1093 3966 1196 4029 Philipp.
1215 3965 1241 4018 2,
1261 3965 1302 4014 ³0.

136 4031 223 4094 Epiph.
240 4031 305 4079 haer.
324 4030 365 4089 27,
382 4031 406 4080 o.
786 4032 812 4093 3)
837 4027 1035 4099 λυτρώσοινταλ
1072 4033 1152 4094 placet
1179 4031 1302 4080 Schoeno-

188 4100 214 4155 2t
232 4097 270 4145 Ps.
289 4096 328 4157 2³,
350 4098 370 4146 1.
735 4113 828 4146 manno.
865 4099 926 4147 ΙΙΙιιδ
953 4114 1032 4146 servos
1050 4099 1092 4147 Dei
1114 4114 1145 4146 ον
1163 4101 1301 4148 necessitato

186 4164 244 4227 Cap.
269 4164 313 4213 LV.
351 4165 374 4226 λ)
399 4165 450 4212 Huc
472 4164 612 4223 ιείεεουδο,
640 4179 700 4227 quoe
734 4166 845 4212 redimere
868 4164 959 4224 (Herm.
980 4166 1041 4213 Post.
1060 4166 1137 4214 Hand.
1158 4168 1204 4226 8.),
1229 4182 1241 4213 ε
1265 4167 1301 4214 la-

135 4244 173 4292 ap.
196 4231 323 4292 Origenem
352 4231 397 4292 leg.
423 4229 448 4278 in
477 4231 517 4279 Ev.
543 4231 607 4279 toan.
633 4230 699 4278 Tom.
735 4231 843 4279 cobsono
862 4232 966 4291 citatum,
985 4232 1031 4279 huc
1048 4247 1096 4279 non
1117 4241 1217 4294 spectat.

134 4295 220 4354 v1,3o.
240 4297 308 4346 Tom.
320 4299 337 4347 1.
355 4298 380 4347 P.
398 4296 415 4346 1.
432 4311 456 4360 p.
466 4295 528 4358 2623
545 4304 569 4345 et
587 4297 618 4345 ib.
633 4297 699 4345 Tom.
783 4299 810 4360 t)
828 4298 917 4346 Eadem
937 4298 1042 4347 elocutio
1054 4313 1092 4361 ομ.
1105 4300 1204 4349 Paulum
1220 4302 1302 4364 Apost.

132 4361 229 4422 xxvltt,
252 4364 288 4413 tt.
307 4379 331 4427 p.
349 4365 406 4416 355.
425 4364 462 4414 οδ.
480 4362 743 4614 MR!
761 4362 816 4413 cor.
838 4365 875 4422 to,
895 4365 918 4414 3.
