2886 4882
330 240 456 299 lGh'thl
476 240 637 298 nutstoth
656 242 699 298 hu
721 238 931 298 sttuuhthoS.
962 237 1005 297 ΙΙΙ.
1027 237 1071 299 lV.
1094 238 1123 297 V.
1248 233 1307 300 180

309 407 353 464 lll.
398 410 520 467 Christus
542 418 644 484 etpost
666 411 891 466 resurrectionem
911 409 942 464 in
963 425 1048 465 corate
1068 408 1131 482 suit.

218 526 273 599 Ego
296 528 367 582 euim
388 527 455 594 scio,
478 535 504 583 ει
526 535 590 600 post
603 526 834 582 resurrectionem
850 542 912 581 eum
927 524 953 580 in
972 541 1052 581 carne
1067 524 1162 592 luisse,
1184 523 1307 582 etcredo

134 628 197 666 eum
219 609 306 665 adhuc
329 611 459 665 incarne
482 627 552 669 esse.
596 610 628 665 Et
650 609 757 682 quando
780 609 813 665 ad
836 609 945 664 Petrum
974 617 1001 664 et
1028 609 1119 665 socios
1146 608 1205 664 eius
1226 607 1307 678 venit,

134 694 174 750 eis
198 692 277 748 dixit:
299 691 516 767 ,apprehendite
540 693 644 768 palpate
666 709 721 760 mc,
744 701 771 749 et
795 692 891 758 videte,
914 689 987 765 quod
1002 707 1056 746 non
1070 692 1119 747 sim
1135 689 1307 749 daemonium

134 775 324 850 incorporale‘
370 775 402 832 Et
423 775 566 832 confestim
588 778 675 850 ipsum
699 777 846 850 tetigerunt
868 782 895 831 et
924 773 1114 843 crediderunt,
1144 775 1219 830 mixti
1247 773 1307 830 eiua

135 860 209 915 carni
233 868 259 915 ει
280 860 397 934 spiritui.
441 859 558 933 Propter
587 859 639 915 hoc
668 861 747 915 etiam
771 866 886 916 mortem
908 865 1125 927 contemserunt,
1154 864 1181 914 et
1208 856 1305 914 mortis

136 950 200 998 sunt
222 944 320 998 inventi
343 944 469 998 victores.
511 942 577 998 Post
599 944 828 999 resurrectionem
857 950 947 998 autem
975 957 1036 997 cum
1063 941 1116 998 ibis
1139 939 1258 997 comedit
1279 945 1308 996 at

136 1025 211 1090 bibit,
236 1036 265 1081 nt
287 1026 411 1093 carnalis,
435 1027 555 1100 quamvis
580 1025 757 1100 spiritualiter
780 1027 871 1082 unitus
893 1032 969 1082 esset
992 1024 1072 1081 Patri.

218 1174 288 1231 *tlt
331 1177 387 1251 Ego
410 1178 480 1233 enim
505 1178 585 1232 etiarn
607 1184 669 1250 post
691 1178 920 1233 resurrectionem
952 1176 978 1231 in
1007 1191 1089 1230 carue
1119 1174 1207 1249 ipsum
1236 1172 1306 1244 novi,

137 1271 164 1316 et
185 1277 247 1316 esse
270 1260 369 1316 credo:
393 1261 496 1316 etenim
520 1259 629 1334 quando
651 1260 683 1316 ad
693 1260 801 1316 Petrum
826 1260 973 1333 sociosque
994 1259 1053 1315 eius
1074 1258 1155 1325 venit,
1172 1258 1209 1313 ait
1223 1257 1305 1331 ipsis:

138 1345 282 1417 ,Accipite,
315 1344 421 1418 palpate
453 1361 513 1410 nie,
544 1352 571 1399 ει
599 1343 699 1410 videte,
736 1345 810 1417 quod
840 1360 894 1400 uon
925 1360 983 1399 siim
1013 1342 1186 1398 daemonium
1217 1341 1307 1397 incor-

136 1424 266 1501 poreum‘
307 1427 338 1482 Ει
359 1428 448 1483 statim
470 1445 531 1484 euni
554 1434 759 1483 contrectarent
780 1436 808 1484 et
835 1426 1027 1495 crediderunt,
1057 1425 1210 1481 mixticius
1233 1423 1308 1481 carui

136 1519 164 1565 ει
185 1510 300 1584 spiritui.
343 1510 514 1586 Quapropter
541 1517 568 1565 et
594 1518 709 1567 mortem
738 1518 975 1584 contempserunt3
1008 1526 1069 1566 uam
1092 1510 1173 1565 morti
1203 1506 1308 1582 superi·

137 1610 200 1649 ores
227 1595 327 1650 inventi
358 1593 474 1650 luerunt.
518 1594 582 1649 Post
609 1596 839 1651 resurrectionem
867 1610 932 1650 vero
962 1610 1024 1650 eum
1054 1593 1120 1667 ipsis
1142 1591 1262 1650 comedit
1281 1596 1310 1648 et

137 1677 204 1733 bibit
227 1686 352 1751 tanquam
376 1677 507 1746 carnalis,
529 1677 593 1733 licet
615 1678 762 1752 spiritualis
785 1679 876 1734 unitus
896 1686 971 1735 esset
991 1693 1052 1734 cum
1073 1677 1160 1733 Patre.

138 1828 179 1885 tt.
222 1831 319 1886 Cavete
347 1831 425 1887 uobis
451 1831 487 1886 ab
515 1829 660 1885 haereticis
681 1830 750 1886 istie
792 1830 854 1888 Neai
874 1829 998 1887 Christus
1023 1846 1088 1886 oerc
1104 1846 1209 1903 pactus
1230 1834 1307 1896 aua,

595 1946 645 1984 nec
666 1946 716 2003 ego
733 1938 853 2003 paterer.

220 2043 256 2100 lle
278 2044 320 2101 his
343 2055 431 2102 autem
451 2046 584 2103 admoneo
606 2063 669 2115 vos,
699 2046 868 2115 charissimi,
896 2047 1015 2121 quamtis
1037 2063 1085 2103 vos
1114 2046 1185 2104 idem
1208 2045 1310 2103 seutiae

138 2128 230 2183 sciam.
273 2128 327 2184 Sed
351 2130 509 2202 praemunio
532 2147 580 2185 uos
604 2139 696 2186 contra
720 2129 806 2199 ieras,
833 2130 950 2188 humana
970 2131 1062 2204 specie
1084 2129 1206 2199 indutas,
1238 2145 1309 2203 quoa

138 2228 192 2266 uon
216 2209 304 2266 solum
327 2220 435 2286 oportet
456 2229 504 2268 vos
525 2230 579 2268 uon
603 2215 734 2288 recipere,
756 2214 814 2281 sed,
836 2215 859 2269 si
882 2213 1014 2288 possibile
1030 2219 1080 2281 est,
1102 2229 1191 2286 neque
1205 2212 1310 2271 obvim

139 2295 179 2349 eis
203 2293 277 2362 heri,
308 2295 394 2351 solnm
417 2313 481 2352 vero
504 2315 554 2370 pro
577 2298 616 2353 eis
640 2315 734 2366 orare,
764 2314 828 2352 num
857 2297 972 2370 aliquam
1004 2297 1198 2370 poenitentiam
1221 2301 1310 2369 agant,

140 2377 214 2450 quod
237 2378 381 2435 admodum
405 2379 514 2435 difficile
536 2390 586 2436 cst.
630 2380 715 2436 lluius
738 2387 825 2436 autem
848 2387 1008 2454 potestatem
1030 2377 1114 2434 habet
1136 2377 1212 2433 lesus
1235 2377 1310 2432 Chri·

140 2468 207 2529 stus,
231 2461 276 2534 qui
298 2479 361 2518 vcra
383 2472 425 2519 εει
446 2464 499 2518 vita
520 2472 620 2520 nostra.
664 2461 691 2519 Si
714 2469 803 2518 autem
825 2461 890 2518 illud
912 2461 946 2518 ad
968 2461 1152 2537 apparentiam
1175 2467 1310 2516 tantuma

139 2543 251 2599 homino
274 2553 369 2601 nostro
391 2554 528 2620 peractum
552 2555 601 2616 est,
623 2554 650 2602 et
672 2563 722 2620 ego
745 2546 778 2600 ad
800 2546 984 2620 apparentiam
1005 2551 1107 2600 tantum
1120 2543 1309 2599 vinetussum.

140 2627 193 2682 Cur
213 2643 278 2683 vero
301 2636 327 2684 et
348 2630 481 2703 meipsum
504 2629 602 2686 tradidi
624 2630 713 2695 morti,
737 2629 769 2684 ad
791 2629 895 2702 ignem,
926 2629 960 2684 ad
982 2627 1108 2702 gladium,
1129 2626 1162 2683 ad
1184 2623 1309 2682 bestiast

140 2710 246 2777 Verum,
269 2713 316 2784 qui
337 2729 424 2786 prope
447 2712 575 2786 gladium,
596 2729 681 2787 prope
706 2712 788 2768 ileum
811 2720 867 2781 est,
890 2712 936 2785 qui
959 2728 1021 2768 cum
1043 2711 1148 2778 bestiis,
1171 2725 1232 2766 cum
1254 2706 1310 2766 Bao

139 2802 194 2861 est;
226 2794 372 2851 dummodo
404 2797 439 2851 sit
467 2797 493 2852 in
526 2797 634 2853 nomine
656 2796 716 2853 lesu
738 2794 846 2851 Christi.
890 2793 923 2851 Ut
950 2795 1031 2851 simul
1064 2811 1125 2850 cum
1147 2793 1195 2851 ilio
1216 2792 1311 2867 patiar,

140 2878 229 2933 omnia
249 2878 381 2945 sustineo,
404 2880 464 2952 ipso
488 2879 635 2936 roborante
655 2897 706 2948 me,
729 2880 774 2952 qui
797 2878 935 2953 perlectus
958 2879 1040 2935 homo
1062 2877 1149 2935 lactus
1172 2885 1223 2934 est
1273 2899 1281 2912 ·

223 3023 286 3084 ‘th
329 3028 365 3085 lle
394 3029 436 3084 his
467 3039 556 3086 autem
583 3047 744 3088 commoneo
772 3047 828 3098 vos,
852 3031 999 3098 carissimi,
1030 3030 1121 3085 sciens
1150 3035 1178 3084 et
1203 3043 1252 3083 vos
1274 3027 1310 3083 ita

139 3114 255 3169 sentire:
283 3113 333 3168 sed
355 3114 514 3186 praemunio
538 3131 585 3171 vos
608 3123 703 3171 contra
724 3113 797 3170 ieras
819 3113 962 3170 humanam
983 3112 1097 3169 formam
1116 3127 1182 3186 prae
1214 3126 1244 3167 se
1272 3108 1310 3167 la·

139 3205 240 3264 rentes,
263 3212 331 3269 quas
353 3213 401 3252 vos
423 3213 477 3253 non
495 3197 578 3254 modo
601 3214 655 3254 uon
678 3197 828 3271 suscipere,
850 3196 898 3253 sed
916 3212 1066 3253 occursum
1083 3210 1193 3268 quoque
1209 3208 1311 3262 earum,

139 3280 162 3334 si
185 3277 245 3335 heri
267 3286 372 3352 potest,
395 3280 477 3336 vitare
500 3281 596 3350 decet,
628 3280 771 3354 solumque
795 3297 845 3353 pro
868 3281 901 3336 iis
924 3295 1018 3346 orare,
1042 3279 1066 3335 si
1088 3276 1198 3352 quaudo
1217 3275 1312 3352 poeni·

139 3363 222 3418 tentia
251 3360 400 3430 ducantur,
431 3364 506 3436 quod
534 3363 645 3420 dilhcile
674 3371 724 3421 est.
769 3361 838 3419 hlud
859 3379 924 3420 vero
947 3363 974 3419 in
996 3378 1045 3419 sua
1067 3368 1200 3436 potestate
1224 3358 1311 3418 solum

138 3444 221 3502 habet
241 3444 318 3501 lesus
337 3444 469 3511 Christus,
492 3463 554 3504 vera
575 3454 668 3503 nostra
691 3447 752 3502 vita.
795 3446 824 3502 Si
846 3447 916 3503 cuim
939 3446 997 3502 sola
1019 3444 1147 3519 opinione
1170 3444 1222 3500 ista
1242 3442 1313 3501 lacta

139 3527 214 3585 luere
237 3545 251 3583 a
276 3527 389 3584 homino
412 3540 522 3598 nostro,
546 3539 573 3587 et
594 3546 646 3603 ego
670 3530 800 3603 opinione
822 3529 909 3586 solum
931 3530 1038 3585 vinctus
1060 3545 1129 3585 sum.
1172 3526 1226 3584 Cur
1246 3542 1312 3584 varo

138 3613 272 3685 meipsum
291 3612 373 3667 morti
395 3612 494 3682 obtuli,
516 3613 548 3668 ad
572 3614 678 3687 ignem,
701 3613 733 3668 ad
764 3612 897 3686 gladium,
926 3611 958 3668 ad
992 3611 1082 3667 lerasl
1123 3609 1178 3667 Sed
1207 3609 1313 3667 viciuua

139 3693 244 3766 gladio,
267 3695 371 3750 vicinus
394 3693 467 3766 Pc03
500 3702 594 3771 septus
612 3695 695 3764 teris,
719 3704 812 3770 septus
835 3695 906 3752 Peo:
939 3703 1040 3751 tautum
1062 3696 1089 3750 in
1119 3693 1227 3750 nomine
1249 3691 1312 3749 lesu

139 3775 254 3846 Christi,
278 3786 308 3834 ut
329 3777 380 3851 ipsi
404 3780 561 3853 compatiar.
605 3779 699 3836 Omnia
720 3779 860 3848 sustineo,
883 3779 944 3852 ipso
974 3794 1017 3835 me
1047 3776 1236 3846 confortante,
1265 3774 1312 3848 qui

137 3859 276 3933 perlectus
299 3860 381 3917 homo
403 3869 553 3920 natusest.

451 4012 479 4066 V.
521 4013 680 4069 Periculum
702 4013 806 4068 erroris
826 4012 1003 4075 baccorum.

222 4127 289 4184 Eum
309 4126 386 4184 stulti
413 4127 523 4201 quidam
545 4127 694 4202 abnegant,
722 4127 814 4200 potius
836 4133 925 4185 autem
947 4128 980 4185 ab
1002 4144 1035 4185 eo
1058 4125 1240 4198 abnegantur,
1265 4136 1312 4195 pa·

139 4211 212 4266 troni
234 4212 331 4268 mortis
353 4211 454 4284 magis,
483 4228 562 4285 qnam
583 4211 721 4277 veritatis3
750 4209 849 4283 quibus
878 4226 927 4266 uec
951 4210 1111 4285 prophetiae
1140 4217 1313 4279 persuasere,

222 4337 274 4398 *lh
317 4343 403 4412 Quem
426 4343 549 4401 nonnulli
570 4344 726 4417 ignorantes
748 4351 861 4416 negant,
883 4341 924 4398 vel
954 4341 1045 4414 potius
1071 4336 1161 4412 negati
1190 4343 1255 4393 sunt
1280 4334 1314 4395 ab

137 4427 213 4501 ipso,
236 4442 299 4483 cum
323 4427 378 4484 sint
397 4427 506 4502 patroni
527 4425 623 4485 mortis
646 4424 753 4500 potius,
776 4441 857 4498 mam
876 4422 1005 4492 venetis,
1027 4436 1097 4496 quos
1119 4435 1171 4478 nec
1193 4416 1314 4497 Prophe·
