<?xml version="1.0" encoding="UTF-8"?>
<!DOCTYPE html PUBLIC "-//W3C//DTD XHTML 1.0 Transitional//EN"
    "http://www.w3.org/TR/xhtml1/DTD/xhtml1-transitional.dtd">
<html xmlns="http://www.w3.org/1999/xhtml" xml:lang="en" lang="en">
 <head>
  <title>
</title>
<meta http-equiv="Content-Type" content="text/html;charset=utf-8" />
  <meta name='ocr-system' content='tesseract 3.04.00' />
  <meta name='ocr-capabilities' content='ocr_page ocr_carea ocr_par ocr_line ocrx_word'/>
</head>
<body>
  <div class='ocr_page' id='page_1' title='image "./patrumapostolic00polygoog/patrumapostolic00polygoog_0123.png"; bbox 0 0 2886 4882; ppageno 0'>
   <div class='ocr_carea' id='block_1_1' title="bbox 132 194 1354 295">
    <p class='ocr_par' dir='ltr' id='par_1_1' title="bbox 132 194 1354 295">
     <span class='ocr_line' id='line_1_1' title="bbox 132 194 1354 295; baseline -0.008 0"><span class='ocrx_word' id='word_1_1' title='bbox 132 230 174 295; x_wconf 81' lang='lat' dir='ltr'><strong><em>cc</em></strong></span> <span class='ocrx_word' id='word_1_2' title='bbox 460 227 976 291; x_wconf 76' lang='lat' dir='ltr'><strong><em>1.ccnnnnn1snncon:n.n</em></strong></span> <span class='ocrx_word' id='word_1_3' title='bbox 1331 194 1354 257; x_wconf 67' lang='lat'><strong><em>&#39;⁸¹</em></strong></span> 
     </span>
    </p>
   </div>
   <div class='ocr_carea' id='block_1_2' title="bbox 128 470 1354 638">
    <p class='ocr_par' dir='ltr' id='par_1_2' title="bbox 128 470 1354 638">
     <span class='ocr_line' id='line_1_2' title="bbox 128 470 1354 554; baseline -0.003 -16"><span class='ocrx_word' id='word_1_4' title='bbox 128 480 170 538; x_wconf 82' lang='lat' dir='ltr'><strong><em>lX.</em></strong></span> <span class='ocrx_word' id='word_1_5' title='bbox 213 479 351 553; x_wconf 71' lang='lat' dir='ltr'><strong><em>Exempla</em></strong></span> <span class='ocrx_word' id='word_1_6' title='bbox 372 478 553 545; x_wconf 80' lang='lat' dir='ltr'><strong><em>Sanctomnn,</em></strong></span> <span class='ocrx_word' id='word_1_7' title='bbox 576 482 625 554; x_wconf 83' lang='grc' dir='ltr'><strong><em>ηνῖ</em></strong></span> <span class='ocrx_word' id='word_1_8' title='bbox 648 480 704 554; x_wconf 72' lang='grc' dir='ltr'><strong><em>μου</em></strong></span> <span class='ocrx_word' id='word_1_9' title='bbox 727 488 752 536; x_wconf 84' lang='lat' dir='ltr'><strong><em>ct</em></strong></span> <span class='ocrx_word' id='word_1_10' title='bbox 773 480 930 537; x_wconf 73' lang='lat' dir='ltr'><strong><em>obedientia</em></strong></span> <span class='ocrx_word' id='word_1_11' title='bbox 951 488 1000 536; x_wconf 86' lang='lat' dir='ltr'><strong><em>otc.</em></strong></span> <span class='ocrx_word' id='word_1_12' title='bbox 1022 482 1144 553; x_wconf 70' lang='lat' dir='ltr'><strong><em>cratiaco</em></strong></span> <span class='ocrx_word' id='word_1_13' title='bbox 1165 480 1219 536; x_wconf 80' lang='lat' dir='ltr'><strong><em>na·</em></strong></span> <span class='ocrx_word' id='word_1_14' title='bbox 1240 484 1305 535; x_wconf 78' lang='lat' dir='ltr'><strong><em>tant</em></strong></span> <span class='ocrx_word' id='word_1_15' title='bbox 1328 470 1354 521; x_wconf 56' lang='lat' dir='ltr'>U</span> 
     </span>
     <span class='ocr_line' id='line_1_3' title="bbox 510 579 932 638; baseline 0.002 -1"><span class='ocrx_word' id='word_1_16' title='bbox 510 581 656 637; x_wconf 70' lang='lat' dir='ltr'><strong><em>consecuti.</em></strong></span> <span class='ocrx_word' id='word_1_17' title='bbox 698 579 797 637; x_wconf 80' lang='grc' dir='ltr'><strong><em>Εκοαίι</em></strong></span> <span class='ocrx_word' id='word_1_18' title='bbox 819 579 932 638; x_wconf 84' lang='lat' dir='ltr'><strong><em>ot·Noe.</em></strong></span> 
     </span>
    </p>
   </div>
   <div class='ocr_carea' id='block_1_3' title="bbox 127 715 1354 1477">
    <p class='ocr_par' dir='ltr' id='par_1_3' title="bbox 127 715 1354 1477">
     <span class='ocr_line' id='line_1_4' title="bbox 214 715 1354 806; baseline -0.004 -24"><span class='ocrx_word' id='word_1_19' title='bbox 214 716 272 784; x_wconf 86' lang='grc' dir='ltr'><strong><em>Διό</em></strong></span> <span class='ocrx_word' id='word_1_20' title='bbox 298 716 511 802; x_wconf 79' lang='grc' dir='ltr'><strong><em>ὐπακοόσωμεν</em></strong></span> <span class='ocrx_word' id='word_1_21' title='bbox 536 725 572 805; x_wconf 81' lang='grc' dir='ltr'><strong><em>τῆ</em></strong></span> <span class='ocrx_word' id='word_1_22' title='bbox 599 725 810 802; x_wconf 69' lang='grc' dir='ltr'><strong><em>μεγαλοπρεπεῖ</em></strong></span> <span class='ocrx_word' id='word_1_23' title='bbox 833 719 884 783; x_wconf 87' lang='grc' dir='ltr'><strong><em>καί</em></strong></span> <span class='ocrx_word' id='word_1_24' title='bbox 913 716 1020 806; x_wconf 79' lang='grc' dir='ltr'><strong><em>ἐνδόξῳ</em></strong></span> <span class='ocrx_word' id='word_1_25' title='bbox 1040 715 1176 800; x_wconf 75' lang='grc' dir='ltr'><strong><em>βουλήσει</em></strong></span> <span class='ocrx_word' id='word_1_26' title='bbox 1203 715 1304 797; x_wconf 83' lang='grc' dir='ltr'><strong><em>αὐτοῦ,</em></strong></span> <span class='ocrx_word' id='word_1_27' title='bbox 1334 720 1354 777; x_wconf 67' lang='grc' dir='ltr'>ὑ</span> 
     </span>
     <span class='ocr_line' id='line_1_5' title="bbox 129 800 1353 888; baseline -0.005 -20"><span class='ocrx_word' id='word_1_28' title='bbox 129 802 182 868; x_wconf 89' lang='grc' dir='ltr'><strong><em>καί</em></strong></span> <span class='ocrx_word' id='word_1_29' title='bbox 201 802 293 868; x_wconf 85' lang='grc' dir='ltr'><strong><em>ίκέται</em></strong></span> <span class='ocrx_word' id='word_1_30' title='bbox 313 802 463 888; x_wconf 90' lang='grc' dir='ltr'><strong><em>γενόμενοι</em></strong></span> <span class='ocrx_word' id='word_1_31' title='bbox 485 809 537 866; x_wconf 83' lang='grc' dir='ltr'><strong><em>τοῦ</em></strong></span> <span class='ocrx_word' id='word_1_32' title='bbox 559 801 657 877; x_wconf 88' lang='grc' dir='ltr'><strong><em>ἐλέους</em></strong></span> <span class='ocrx_word' id='word_1_33' title='bbox 676 805 726 866; x_wconf 84' lang='grc' dir='ltr'><strong><em>καὶ</em></strong></span> <span class='ocrx_word' id='word_1_34' title='bbox 745 809 799 884; x_wconf 87' lang='grc' dir='ltr'><strong><em>τῆς</em></strong></span> <span class='ocrx_word' id='word_1_35' title='bbox 818 800 1008 887; x_wconf 62' lang='grc' dir='ltr'><strong><em>χρηστότητος</em></strong></span> <span class='ocrx_word' id='word_1_36' title='bbox 1022 800 1124 880; x_wconf 84' lang='grc' dir='ltr'><strong><em>αὐτοῦ,</em></strong></span> <span class='ocrx_word' id='word_1_37' title='bbox 1142 802 1305 886; x_wconf 89' lang='grc' dir='ltr'><strong><em>προσπέσω-</em></strong></span> <span class='ocrx_word' id='word_1_38' title='bbox 1336 820 1353 861; x_wconf 81' lang='grc' dir='ltr'>ι</span> 
     </span>
     <span class='ocr_line' id='line_1_6' title="bbox 127 883 1354 970; baseline -0.004 -18"><span class='ocrx_word' id='word_1_39' title='bbox 127 912 181 970; x_wconf 88' lang='grc' dir='ltr'><strong><em>μεν</em></strong></span> <span class='ocrx_word' id='word_1_40' title='bbox 201 889 252 953; x_wconf 81' lang='grc' dir='ltr'><strong><em>καί</em></strong></span> <span class='ocrx_word' id='word_1_41' title='bbox 272 887 487 970; x_wconf 75' lang='grc' dir='ltr'><strong><em>ἐπιστρέψωμεν</em></strong></span> <span class='ocrx_word' id='word_1_42' title='bbox 507 886 555 950; x_wconf 74' lang='lat' dir='ltr'><strong><em>int</em></strong></span> <span class='ocrx_word' id='word_1_43' title='bbox 576 883 645 962; x_wconf 86' lang='grc' dir='ltr'><strong><em>τούς</em></strong></span> <span class='ocrx_word' id='word_1_44' title='bbox 666 883 833 969; x_wconf 86' lang='grc' dir='ltr'><strong><em>οίκτιρμούς</em></strong></span> <span class='ocrx_word' id='word_1_45' title='bbox 846 883 950 964; x_wconf 86' lang='grc' dir='ltr'><strong><em>αὐτοῦ,</em></strong></span> <span class='ocrx_word' id='word_1_46' title='bbox 974 884 1165 960; x_wconf 70' lang='grc' dir='ltr'><strong><em>ἀπολιπόντες</em></strong></span> <span class='ocrx_word' id='word_1_47' title='bbox 1185 883 1239 968; x_wconf 84' lang='grc' dir='ltr'><strong><em>τήν</em></strong></span> <span class='ocrx_word' id='word_1_48' title='bbox 1254 912 1306 966; x_wconf 79' lang='grc' dir='ltr'><strong><em>μα·</em></strong></span> <span class='ocrx_word' id='word_1_49' title='bbox 1339 906 1354 947; x_wconf 88' lang='grc' dir='ltr'><strong><em>ι·</em></strong></span> 
     </span>
     <span class='ocr_line' id='line_1_7' title="bbox 128 966 1354 1054; baseline -0.004 -19"><span class='ocrx_word' id='word_1_50' title='bbox 128 973 317 1049; x_wconf 87' lang='grc' dir='ltr'><strong><em>ταιοπονίαν,ι</em></strong></span> <span class='ocrx_word' id='word_1_51' title='bbox 338 971 392 1053; x_wconf 87' lang='grc' dir='ltr'><strong><em>τήν</em></strong></span> <span class='ocrx_word' id='word_1_52' title='bbox 411 995 441 1035; x_wconf 91' lang='grc' dir='ltr'><strong><em>τε</em></strong></span> <span class='ocrx_word' id='word_1_53' title='bbox 460 971 531 1054; x_wconf 88' lang='grc' dir='ltr'><strong><em>έριν,</em></strong></span> <span class='ocrx_word' id='word_1_54' title='bbox 552 970 602 1033; x_wconf 85' lang='grc' dir='ltr'><strong><em>καί</em></strong></span> <span class='ocrx_word' id='word_1_55' title='bbox 623 966 656 1033; x_wconf 85' lang='grc' dir='ltr'><strong><em>τό</em></strong></span> <span class='ocrx_word' id='word_1_56' title='bbox 677 972 717 1045; x_wconf 88' lang='grc' dir='ltr'><strong><em>είς</em></strong></span> <span class='ocrx_word' id='word_1_57' title='bbox 737 966 870 1035; x_wconf 78' lang='grc' dir='ltr'><strong><em>θάνατον</em></strong></span> <span class='ocrx_word' id='word_1_58' title='bbox 883 968 955 1054; x_wconf 84' lang='grc' dir='ltr'><strong><em>ἀγον</em></strong></span> <span class='ocrx_word' id='word_1_59' title='bbox 978 976 1070 1053; x_wconf 83' lang='grc' dir='ltr'><strong><em>ζῆλος.</em></strong></span> <span class='ocrx_word' id='word_1_60' title='bbox 1103 968 1308 1050; x_wconf 55' lang='grc' dir='ltr'><strong><em>’Λτενίσωμεθ-</em></strong></span> <span class='ocrx_word' id='word_1_61' title='bbox 1341 992 1354 1032; x_wconf 93' lang='grc' dir='ltr'><strong><em>ιι</em></strong></span> 
     </span>
     <span class='ocr_line' id='line_1_8' title="bbox 130 1048 1354 1161; baseline -0.002 -41"><span class='ocrx_word' id='word_1_62' title='bbox 130 1058 172 1132; x_wconf 87' lang='grc' dir='ltr'><strong><em>είς</em></strong></span> <span class='ocrx_word' id='word_1_63' title='bbox 192 1052 262 1131; x_wconf 88' lang='grc' dir='ltr'><strong><em>τούς</em></strong></span> <span class='ocrx_word' id='word_1_64' title='bbox 289 1057 401 1130; x_wconf 87' lang='grc' dir='ltr'><strong><em>τελείως</em></strong></span> <span class='ocrx_word' id='word_1_65' title='bbox 428 1048 686 1137; x_wconf 87' lang='grc' dir='ltr'><strong><em>λειτουργήσαντας</em></strong></span> <span class='ocrx_word' id='word_1_66' title='bbox 715 1061 749 1143; x_wconf 81' lang='grc' dir='ltr'><strong><em>τῆ</em></strong></span> <span class='ocrx_word' id='word_1_67' title='bbox 767 1061 981 1161; x_wconf 77' lang='grc' dir='ltr'><strong><em>μεγαλοπρεπεῖ</em></strong></span> <span class='ocrx_word' id='word_1_68' title='bbox 1010 1053 1081 1140; x_wconf 83' lang='grc' dir='ltr'><strong><em>δόξη</em></strong></span> <span class='ocrx_word' id='word_1_69' title='bbox 1102 1052 1203 1118; x_wconf 84' lang='grc' dir='ltr'><strong><em>αὐτοῦ.</em></strong></span> <span class='ocrx_word' id='word_1_70' title='bbox 1246 1050 1309 1116; x_wconf 61' lang='lat' dir='ltr'><strong><em>Ais</em></strong></span> <span class='ocrx_word' id='word_1_71' title='bbox 1344 1079 1354 1118; x_wconf 91' lang='grc' dir='ltr'><strong><em>ι</em></strong></span> 
     </span>
     <span class='ocr_line' id='line_1_9' title="bbox 129 1134 1354 1226; baseline -0.002 -22"><span class='ocrx_word' id='word_1_72' title='bbox 129 1141 239 1223; x_wconf 58' lang='grc' dir='ltr'><strong><em>βωμειδ</em></strong></span> <span class='ocrx_word' id='word_1_73' title='bbox 256 1136 360 1220; x_wconf 82' lang='grc' dir='ltr'><strong><em>Ἐνύχ,</em></strong></span> <span class='ocrx_word' id='word_1_74' title='bbox 381 1137 416 1215; x_wconf 62' lang='lat' dir='ltr'><strong><em>iio</em></strong></span> <span class='ocrx_word' id='word_1_75' title='bbox 438 1134 597 1226; x_wconf 82' lang='grc' dir='ltr'><strong><em>ένύπακοῆ</em></strong></span> <span class='ocrx_word' id='word_1_76' title='bbox 611 1141 723 1214; x_wconf 86' lang='grc' dir='ltr'><strong><em>δίκαιος</em></strong></span> <span class='ocrx_word' id='word_1_77' title='bbox 744 1138 876 1220; x_wconf 83' lang='grc' dir='ltr'><strong><em>ευρεθελς</em></strong></span> <span class='ocrx_word' id='word_1_78' title='bbox 888 1137 1034 1220; x_wconf 81' lang='grc' dir='ltr'><strong><em>μετετέθη,</em></strong></span> <span class='ocrx_word' id='word_1_79' title='bbox 1058 1137 1108 1200; x_wconf 86' lang='grc' dir='ltr'><strong><em>καλ</em></strong></span> <span class='ocrx_word' id='word_1_80' title='bbox 1122 1134 1175 1218; x_wconf 81' lang='grc' dir='ltr'><strong><em>οὐχ</em></strong></span> <span class='ocrx_word' id='word_1_81' title='bbox 1197 1134 1308 1219; x_wconf 76' lang='grc' dir='ltr'><strong><em>εὐρέθῆ</em></strong></span> <span class='ocrx_word' id='word_1_82' title='bbox 1348 1165 1354 1201; x_wconf 86' lang='grc' dir='ltr'><strong><em>ι</em></strong></span> 
     </span>
     <span class='ocr_line' id='line_1_10' title="bbox 134 1217 1354 1305; baseline 0.001 -18"><span class='ocrx_word' id='word_1_83' title='bbox 134 1221 227 1289; x_wconf 84' lang='grc' dir='ltr'><strong><em>αὐτοῦ</em></strong></span> <span class='ocrx_word' id='word_1_84' title='bbox 255 1221 393 1300; x_wconf 77' lang='grc' dir='ltr'><strong><em>θάνατος.</em></strong></span> <span class='ocrx_word' id='word_1_85' title='bbox 432 1223 514 1286; x_wconf 74' lang='grc' dir='ltr'><strong><em>Νοῖε4</em></strong></span> <span class='ocrx_word' id='word_1_86' title='bbox 541 1218 642 1297; x_wconf 87' lang='grc' dir='ltr'><strong><em>πιστός</em></strong></span> <span class='ocrx_word' id='word_1_87' title='bbox 671 1217 819 1304; x_wconf 71' lang='grc' dir='ltr'><strong><em>εὑρεθείς,</em></strong></span> <span class='ocrx_word' id='word_1_88' title='bbox 849 1219 898 1284; x_wconf 78' lang='grc' dir='ltr'><strong><em>διὰ</em></strong></span> <span class='ocrx_word' id='word_1_89' title='bbox 926 1227 979 1303; x_wconf 89' lang='grc' dir='ltr'><strong><em>τῆς</em></strong></span> <span class='ocrx_word' id='word_1_90' title='bbox 1006 1223 1183 1305; x_wconf 85' lang='grc' dir='ltr'><strong><em>λειτουγρίας</em></strong></span> <span class='ocrx_word' id='word_1_91' title='bbox 1215 1219 1310 1284; x_wconf 71' lang='grc' dir='ltr'><strong><em>αὐτοῦ</em></strong></span> <span class='ocrx_word' id='word_1_92' title='bbox 1350 1250 1354 1288; x_wconf 94' lang='grc' dir='ltr'><strong><em>ι</em></strong></span> 
     </span>
     <span class='ocr_line' id='line_1_11' title="bbox 132 1301 1307 1393; baseline -0.004 -22"><span class='ocrx_word' id='word_1_93' title='bbox 132 1310 351 1392; x_wconf 76' lang='grc' dir='ltr'><strong><em>παλιγγενεσίαν</em></strong></span> <span class='ocrx_word' id='word_1_94' title='bbox 372 1302 471 1393; x_wconf 74' lang='grc' dir='ltr'><strong><em>κόσμῳ</em></strong></span> <span class='ocrx_word' id='word_1_95' title='bbox 492 1302 641 1388; x_wconf 80' lang='grc' dir='ltr'><strong><em>ἐκήρυξεν,</em></strong></span> <span class='ocrx_word' id='word_1_96' title='bbox 662 1306 712 1369; x_wconf 83' lang='grc' dir='ltr'><strong><em>καὶ</em></strong></span> <span class='ocrx_word' id='word_1_97' title='bbox 734 1305 870 1369; x_wconf 78' lang='grc' dir='ltr'><strong><em>διέσωσεν</em></strong></span> <span class='ocrx_word' id='word_1_98' title='bbox 891 1303 930 1368; x_wconf 90' lang='grc' dir='ltr'><strong><em>δι’</em></strong></span> <span class='ocrx_word' id='word_1_99' title='bbox 955 1302 1046 1368; x_wconf 88' lang='grc' dir='ltr'><strong><em>αὐτοῦ</em></strong></span> <span class='ocrx_word' id='word_1_100' title='bbox 1068 1302 1086 1368; x_wconf 83' lang='grc' dir='ltr'><strong><em>ό</em></strong></span> <span class='ocrx_word' id='word_1_101' title='bbox 1106 1301 1249 1384; x_wconf 80' lang='grc' dir='ltr'><strong><em>δεσπότης</em></strong></span> <span class='ocrx_word' id='word_1_102' title='bbox 1272 1301 1307 1366; x_wconf 85' lang='grc' dir='ltr'><strong><em>τά</em></strong></span> 
     </span>
     <span class='ocr_line' id='line_1_12' title="bbox 132 1384 866 1477; baseline -0.003 -23"><span class='ocrx_word' id='word_1_103' title='bbox 132 1389 302 1455; x_wconf 78' lang='grc' dir='ltr'><strong><em>εἰσελθόντα</em></strong></span> <span class='ocrx_word' id='word_1_104' title='bbox 322 1391 354 1455; x_wconf 87' lang='grc' dir='ltr'><strong><em>ἐν</em></strong></span> <span class='ocrx_word' id='word_1_105' title='bbox 374 1387 498 1477; x_wconf 74' lang='grc' dir='ltr'><strong><em>ὁμονοία</em></strong></span> <span class='ocrx_word' id='word_1_106' title='bbox 518 1394 577 1465; x_wconf 73' lang='grc' dir='ltr'><strong><em>ζῶα</em></strong></span> <span class='ocrx_word' id='word_1_107' title='bbox 598 1391 639 1465; x_wconf 89' lang='grc' dir='ltr'><strong><em>είς</em></strong></span> <span class='ocrx_word' id='word_1_108' title='bbox 659 1384 713 1471; x_wconf 86' lang='grc' dir='ltr'><strong><em>τήν</em></strong></span> <span class='ocrx_word' id='word_1_109' title='bbox 732 1385 866 1470; x_wconf 82' lang='grc' dir='ltr'><strong><em>κιβωτόν.</em></strong></span> 
     </span>
    </p>
   </div>
   <div class='ocr_carea' id='block_1_4' title="bbox 498 1581 953 1641">
    <p class='ocr_par' dir='ltr' id='par_1_4' title="bbox 498 1581 953 1641">
     <span class='ocr_line' id='line_1_13' title="bbox 498 1581 953 1641; baseline -0.007 -4"><span class='ocrx_word' id='word_1_110' title='bbox 498 1581 529 1640; x_wconf 83' lang='grc' dir='ltr'><strong><em>Χ.</em></strong></span> <span class='ocrx_word' id='word_1_111' title='bbox 574 1583 757 1641; x_wconf 75' lang='lat' dir='ltr'><strong><em>continuatio.</em></strong></span> <span class='ocrx_word' id='word_1_112' title='bbox 802 1581 953 1639; x_wconf 77' lang='lat' dir='ltr'><strong><em>Abraham.</em></strong></span> 
     </span>
    </p>
   </div>
   <div class='ocr_carea' id='block_1_5' title="bbox 135 1711 1314 3569">
    <p class='ocr_par' dir='ltr' id='par_1_5' title="bbox 135 1711 1314 3569">
     <span class='ocr_line' id='line_1_14' title="bbox 214 1711 1309 1827; baseline -0.003 -42"><span class='ocrx_word' id='word_1_113' title='bbox 214 1718 357 1806; x_wconf 74' lang='grc' dir='ltr'><strong><em>Ἀβραὰμ,</em></strong></span> <span class='ocrx_word' id='word_1_114' title='bbox 380 1718 398 1787; x_wconf 85' lang='grc' dir='ltr'><strong><em>ό</em></strong></span> <span class='ocrx_word' id='word_1_115' title='bbox 419 1725 514 1802; x_wconf 75' lang='grc' dir='ltr'><strong><em>ιγίλοςι</em></strong></span> <span class='ocrx_word' id='word_1_116' title='bbox 535 1723 799 1807; x_wconf 79' lang='grc' dir='ltr'><strong><em>προσαγορευθεὶς,</em></strong></span> <span class='ocrx_word' id='word_1_117' title='bbox 828 1711 929 1827; x_wconf 61' lang='grc' dir='ltr'><strong><em>πιστός</em></strong></span> <span class='ocrx_word' id='word_1_118' title='bbox 951 1716 1076 1802; x_wconf 83' lang='grc' dir='ltr'><strong><em>εὐρέθη,</em></strong></span> <span class='ocrx_word' id='word_1_119' title='bbox 1106 1720 1138 1784; x_wconf 81' lang='grc' dir='ltr'><strong><em>ἐν</em></strong></span> <span class='ocrx_word' id='word_1_120' title='bbox 1157 1726 1198 1806; x_wconf 75' lang='grc' dir='ltr'><strong><em>τῷ</em></strong></span> <span class='ocrx_word' id='word_1_121' title='bbox 1220 1716 1309 1783; x_wconf 85' lang='grc' dir='ltr'><strong><em>αὐτὸν</em></strong></span> 
     </span>
     <span class='ocr_line' id='line_1_15' title="bbox 135 1800 1310 1889; baseline -0.002 -20"><span class='ocrx_word' id='word_1_122' title='bbox 135 1802 268 1887; x_wconf 83' lang='grc' dir='ltr'><strong><em>ὐπήκοον</em></strong></span> <span class='ocrx_word' id='word_1_123' title='bbox 287 1805 424 1888; x_wconf 88' lang='grc' dir='ltr'><strong><em>γενέσθαι</em></strong></span> <span class='ocrx_word' id='word_1_124' title='bbox 452 1815 512 1883; x_wconf 88' lang='grc' dir='ltr'><strong><em>τοῖς</em></strong></span> <span class='ocrx_word' id='word_1_125' title='bbox 540 1804 648 1889; x_wconf 76' lang='grc' dir='ltr'><strong><em>ῥήμασι</em></strong></span> <span class='ocrx_word' id='word_1_126' title='bbox 668 1813 720 1870; x_wconf 85' lang='grc' dir='ltr'><strong><em>τοῦ</em></strong></span> <span class='ocrx_word' id='word_1_127' title='bbox 744 1809 831 1872; x_wconf 87' lang='grc' dir='ltr'><strong><em>Θεοῦ.</em></strong></span> <span class='ocrx_word' id='word_1_128' title='bbox 878 1809 976 1880; x_wconf 87' lang='grc' dir='ltr'><strong><em>Ουτος</em></strong></span> <span class='ocrx_word' id='word_1_129' title='bbox 997 1801 1039 1867; x_wconf 90' lang='grc' dir='ltr'><strong><em>δι’</em></strong></span> <span class='ocrx_word' id='word_1_130' title='bbox 1071 1800 1205 1886; x_wconf 81' lang='grc' dir='ltr'><strong><em>ὐιτακοῆς</em></strong></span> <span class='ocrx_word' id='word_1_131' title='bbox 1232 1804 1310 1886; x_wconf 80' lang='grc' dir='ltr'><strong><em>ἐξῆλ-</em></strong></span> 
     </span>
     <span class='ocr_line' id='line_1_16' title="bbox 136 1886 1308 1995; baseline -0.002 -42"><span class='ocrx_word' id='word_1_132' title='bbox 136 1898 192 1953; x_wconf 87' lang='grc' dir='ltr'><strong><em>θεν</em></strong></span> <span class='ocrx_word' id='word_1_133' title='bbox 213 1890 246 1954; x_wconf 82' lang='grc' dir='ltr'><strong><em>ἐκ</em></strong></span> <span class='ocrx_word' id='word_1_134' title='bbox 267 1896 320 1971; x_wconf 86' lang='grc' dir='ltr'><strong><em>τῆς</em></strong></span> <span class='ocrx_word' id='word_1_135' title='bbox 339 1896 394 1995; x_wconf 82' lang='grc' dir='ltr'><strong><em>γῆς</em></strong></span> <span class='ocrx_word' id='word_1_136' title='bbox 414 1887 515 1968; x_wconf 81' lang='grc' dir='ltr'><strong><em>αὐτοῦ,</em></strong></span> <span class='ocrx_word' id='word_1_137' title='bbox 535 1891 585 1955; x_wconf 88' lang='grc' dir='ltr'><strong><em>καί</em></strong></span> <span class='ocrx_word' id='word_1_138' title='bbox 606 1891 639 1955; x_wconf 86' lang='grc' dir='ltr'><strong><em>ἐκ</em></strong></span> <span class='ocrx_word' id='word_1_139' title='bbox 658 1897 711 1972; x_wconf 88' lang='grc' dir='ltr'><strong><em>τῆς</em></strong></span> <span class='ocrx_word' id='word_1_140' title='bbox 731 1892 897 1976; x_wconf 81' lang='grc' dir='ltr'><strong><em>συγγενείας</em></strong></span> <span class='ocrx_word' id='word_1_141' title='bbox 917 1886 1020 1964; x_wconf 83' lang='grc' dir='ltr'><strong><em>αὐτοῦ,</em></strong></span> <span class='ocrx_word' id='word_1_142' title='bbox 1041 1888 1092 1951; x_wconf 85' lang='grc' dir='ltr'><strong><em>καί</em></strong></span> <span class='ocrx_word' id='word_1_143' title='bbox 1112 1889 1144 1952; x_wconf 91' lang='grc' dir='ltr'><strong><em>ἐκ</em></strong></span> <span class='ocrx_word' id='word_1_144' title='bbox 1156 1895 1209 1952; x_wconf 83' lang='grc' dir='ltr'><strong><em>τοῦ</em></strong></span> <span class='ocrx_word' id='word_1_145' title='bbox 1224 1891 1308 1951; x_wconf 85' lang='grc' dir='ltr'><strong><em>οίκου</em></strong></span> 
     </span>
     <span class='ocr_line' id='line_1_17' title="bbox 136 1969 1310 2060; baseline -0.001 -24"><span class='ocrx_word' id='word_1_146' title='bbox 136 1979 189 2037; x_wconf 82' lang='grc' dir='ltr'><strong><em>τοῦ</em></strong></span> <span class='ocrx_word' id='word_1_147' title='bbox 209 1970 318 2056; x_wconf 87' lang='grc' dir='ltr'><strong><em>πατρός</em></strong></span> <span class='ocrx_word' id='word_1_148' title='bbox 338 1980 441 2051; x_wconf 87' lang='grc' dir='ltr'><strong><em>αυτοῦ,</em></strong></span> <span class='ocrx_word' id='word_1_149' title='bbox 462 1973 543 2050; x_wconf 77' lang='grc' dir='ltr'><strong><em>ὅπως</em></strong></span> <span class='ocrx_word' id='word_1_150' title='bbox 561 1981 617 2060; x_wconf 92' lang='grc' dir='ltr'><strong><em>γῆν</em></strong></span> <span class='ocrx_word' id='word_1_151' title='bbox 638 1971 749 2058; x_wconf 85' lang='grc' dir='ltr'><strong><em>ὀλίγην,</em></strong></span> <span class='ocrx_word' id='word_1_152' title='bbox 771 1976 820 2039; x_wconf 85' lang='grc' dir='ltr'><strong><em>καί</em></strong></span> <span class='ocrx_word' id='word_1_153' title='bbox 835 1974 1001 2059; x_wconf 84' lang='grc' dir='ltr'><strong><em>συγγένειαν</em></strong></span> <span class='ocrx_word' id='word_1_154' title='bbox 1016 1969 1139 2054; x_wconf 87' lang='grc' dir='ltr'><strong><em>ἀσθενῆ,</em></strong></span> <span class='ocrx_word' id='word_1_155' title='bbox 1161 1973 1212 2034; x_wconf 83' lang='grc' dir='ltr'><strong><em>καὶ</em></strong></span> <span class='ocrx_word' id='word_1_156' title='bbox 1227 1969 1310 2036; x_wconf 87' lang='grc' dir='ltr'><strong><em>οίκον</em></strong></span> 
     </span>
     <span class='ocr_line' id='line_1_18' title="bbox 136 2051 1309 2146; baseline -0.001 -27"><span class='ocrx_word' id='word_1_157' title='bbox 136 2054 241 2140; x_wconf 88' lang='grc' dir='ltr'><strong><em>μικρόν</em></strong></span> <span class='ocrx_word' id='word_1_158' title='bbox 260 2053 437 2137; x_wconf 79' lang='grc' dir='ltr'><strong><em>καταλιπόν,</em></strong></span> <span class='ocrx_word' id='word_1_159' title='bbox 458 2054 662 2146; x_wconf 82' lang='grc' dir='ltr'><strong><em>κληρονομήση</em></strong></span> <span class='ocrx_word' id='word_1_160' title='bbox 681 2055 733 2134; x_wconf 83' lang='grc' dir='ltr'><strong><em>τάς</em></strong></span> <span class='ocrx_word' id='word_1_161' title='bbox 753 2059 922 2143; x_wconf 87' lang='grc' dir='ltr'><strong><em>ἐπαγγελίας</em></strong></span> <span class='ocrx_word' id='word_1_162' title='bbox 948 2064 1000 2120; x_wconf 83' lang='grc' dir='ltr'><strong><em>τοῦ</em></strong></span> <span class='ocrx_word' id='word_1_163' title='bbox 1026 2059 1111 2120; x_wconf 80' lang='grc' dir='ltr'><strong><em>Θεοῦ.</em></strong></span> <span class='ocrx_word' id='word_1_164' title='bbox 1146 2057 1235 2140; x_wconf 87' lang='grc' dir='ltr'><strong><em>Λέγει</em></strong></span> <span class='ocrx_word' id='word_1_165' title='bbox 1255 2051 1309 2139; x_wconf 76' lang='grc' dir='ltr'><strong><em>γὰρ</em></strong></span> 
     </span>
     <span class='ocr_line' id='line_1_19' title="bbox 138 2137 1308 2248; baseline -0.001 -44"><span class='ocrx_word' id='word_1_166' title='bbox 138 2137 234 2229; x_wconf 83' lang='grc' dir='ltr'><strong><em>αὐτρῖ·</em></strong></span> <span class='ocrx_word' id='word_1_167' title='bbox 264 2137 404 2217; x_wconf 74' lang='grc' dir='ltr'><strong><em>,ἀπελθε’</em></strong></span> <span class='ocrx_word' id='word_1_168' title='bbox 431 2141 464 2205; x_wconf 86' lang='grc' dir='ltr'><strong><em>ἐκ</em></strong></span> <span class='ocrx_word' id='word_1_169' title='bbox 493 2149 545 2224; x_wconf 86' lang='grc' dir='ltr'><strong><em>τῆς</em></strong></span> <span class='ocrx_word' id='word_1_170' title='bbox 564 2149 621 2227; x_wconf 88' lang='grc' dir='ltr'><strong><em>γῆς</em></strong></span> <span class='ocrx_word' id='word_1_171' title='bbox 642 2161 706 2217; x_wconf 91' lang='grc' dir='ltr'><strong><em>σου,</em></strong></span> <span class='ocrx_word' id='word_1_172' title='bbox 728 2143 831 2207; x_wconf 82' lang='grc' dir='ltr'><strong><em>καλέκ</em></strong></span> <span class='ocrx_word' id='word_1_173' title='bbox 850 2149 904 2248; x_wconf 78' lang='grc' dir='ltr'><strong><em>τῆς</em></strong></span> <span class='ocrx_word' id='word_1_174' title='bbox 925 2144 1091 2225; x_wconf 85' lang='grc' dir='ltr'><strong><em>συγγενείας</em></strong></span> <span class='ocrx_word' id='word_1_175' title='bbox 1112 2159 1183 2214; x_wconf 93' lang='grc' dir='ltr'><strong><em>σου,</em></strong></span> <span class='ocrx_word' id='word_1_176' title='bbox 1204 2141 1254 2203; x_wconf 86' lang='grc' dir='ltr'><strong><em>καί</em></strong></span> <span class='ocrx_word' id='word_1_177' title='bbox 1275 2140 1308 2203; x_wconf 85' lang='grc' dir='ltr'><strong><em>ἐκ</em></strong></span> 
     </span>
     <span class='ocr_line' id='line_1_20' title="bbox 138 2221 1309 2311; baseline -0.001 -23"><span class='ocrx_word' id='word_1_178' title='bbox 138 2231 190 2288; x_wconf 87' lang='grc' dir='ltr'><strong><em>τοῦ</em></strong></span> <span class='ocrx_word' id='word_1_179' title='bbox 212 2225 296 2289; x_wconf 81' lang='grc' dir='ltr'><strong><em>οίκου</em></strong></span> <span class='ocrx_word' id='word_1_180' title='bbox 316 2230 368 2289; x_wconf 82' lang='grc' dir='ltr'><strong><em>τοῦ</em></strong></span> <span class='ocrx_word' id='word_1_181' title='bbox 389 2223 499 2309; x_wconf 89' lang='grc' dir='ltr'><strong><em>πατρός</em></strong></span> <span class='ocrx_word' id='word_1_182' title='bbox 519 2246 574 2291; x_wconf 93' lang='grc' dir='ltr'><strong><em>σου</em></strong></span> <span class='ocrx_word' id='word_1_183' title='bbox 595 2227 636 2301; x_wconf 90' lang='grc' dir='ltr'><strong><em>είς</em></strong></span> <span class='ocrx_word' id='word_1_184' title='bbox 656 2223 710 2308; x_wconf 91' lang='grc' dir='ltr'><strong><em>τήν</em></strong></span> <span class='ocrx_word' id='word_1_185' title='bbox 727 2233 784 2311; x_wconf 88' lang='grc' dir='ltr'><strong><em>γῆν</em></strong></span> <span class='ocrx_word' id='word_1_186' title='bbox 804 2223 843 2307; x_wconf 84' lang='grc' dir='ltr'><strong><em>ῆν</em></strong></span> <span class='ocrx_word' id='word_1_187' title='bbox 864 2252 902 2290; x_wconf 91' lang='grc' dir='ltr'><strong><em>αν</em></strong></span> <span class='ocrx_word' id='word_1_188' title='bbox 923 2244 969 2289; x_wconf 91' lang='grc' dir='ltr'><strong><em>σοι</em></strong></span> <span class='ocrx_word' id='word_1_189' title='bbox 990 2227 1093 2301; x_wconf 85' lang='grc' dir='ltr'><strong><em>δείξω·</em></strong></span> <span class='ocrx_word' id='word_1_190' title='bbox 1126 2224 1176 2286; x_wconf 82' lang='grc' dir='ltr'><strong><em>καὶ</em></strong></span> <span class='ocrx_word' id='word_1_191' title='bbox 1196 2221 1309 2306; x_wconf 83' lang='grc' dir='ltr'><strong><em>ποιήσω</em></strong></span> 
     </span>
     <span class='ocr_line' id='line_1_21' title="bbox 141 2302 1310 2416; baseline -0.003 -44"><span class='ocrx_word' id='word_1_192' title='bbox 141 2327 174 2372; x_wconf 94' lang='grc' dir='ltr'><strong><em>σε</em></strong></span> <span class='ocrx_word' id='word_1_193' title='bbox 196 2310 238 2384; x_wconf 90' lang='grc' dir='ltr'><strong><em>είς</em></strong></span> <span class='ocrx_word' id='word_1_194' title='bbox 259 2308 349 2383; x_wconf 83' lang='grc' dir='ltr'><strong><em>ἐθνος</em></strong></span> <span class='ocrx_word' id='word_1_195' title='bbox 369 2308 450 2393; x_wconf 86' lang='grc' dir='ltr'><strong><em>μέγα,</em></strong></span> <span class='ocrx_word' id='word_1_196' title='bbox 472 2310 521 2374; x_wconf 87' lang='grc' dir='ltr'><strong><em>καί</em></strong></span> <span class='ocrx_word' id='word_1_197' title='bbox 544 2307 692 2416; x_wconf 85' lang='grc' dir='ltr'><strong><em>εὐλογήσω</em></strong></span> <span class='ocrx_word' id='word_1_198' title='bbox 712 2329 752 2389; x_wconf 89' lang='grc' dir='ltr'><strong><em>σε,</em></strong></span> <span class='ocrx_word' id='word_1_199' title='bbox 774 2311 825 2374; x_wconf 85' lang='grc' dir='ltr'><strong><em>καῖ</em></strong></span> <span class='ocrx_word' id='word_1_200' title='bbox 845 2315 994 2395; x_wconf 84' lang='grc' dir='ltr'><strong><em>μεγαλυνῶ</em></strong></span> <span class='ocrx_word' id='word_1_201' title='bbox 1016 2305 1048 2372; x_wconf 84' lang='grc' dir='ltr'><strong><em>τό</em></strong></span> <span class='ocrx_word' id='word_1_202' title='bbox 1064 2302 1158 2387; x_wconf 83' lang='grc' dir='ltr'><strong><em>ὐνομά</em></strong></span> <span class='ocrx_word' id='word_1_203' title='bbox 1173 2328 1237 2384; x_wconf 92' lang='grc' dir='ltr'><strong><em>σου,</em></strong></span> <span class='ocrx_word' id='word_1_204' title='bbox 1260 2307 1310 2370; x_wconf 82' lang='grc' dir='ltr'><strong><em>καί</em></strong></span> 
     </span>
     <span class='ocr_line' id='line_1_22' title="bbox 140 2389 1312 2479; baseline -0.001 -25"><span class='ocrx_word' id='word_1_205' title='bbox 140 2391 191 2478; x_wconf 81' lang='grc' dir='ltr'><strong><em>ἐση</em></strong></span> <span class='ocrx_word' id='word_1_206' title='bbox 215 2390 418 2477; x_wconf 81' lang='grc' dir='ltr'><strong><em>εὐλογημένος·</em></strong></span> <span class='ocrx_word' id='word_1_207' title='bbox 440 2393 492 2458; x_wconf 85' lang='grc' dir='ltr'><strong><em>καλ</em></strong></span> <span class='ocrx_word' id='word_1_208' title='bbox 512 2390 660 2478; x_wconf 86' lang='grc' dir='ltr'><strong><em>εὐλογησω</em></strong></span> <span class='ocrx_word' id='word_1_209' title='bbox 680 2389 749 2469; x_wconf 84' lang='grc' dir='ltr'><strong><em>τούς</em></strong></span> <span class='ocrx_word' id='word_1_210' title='bbox 770 2391 962 2479; x_wconf 81' lang='grc' dir='ltr'><strong><em>εὐλογοῦντός</em></strong></span> <span class='ocrx_word' id='word_1_211' title='bbox 981 2413 1023 2469; x_wconf 90' lang='grc' dir='ltr'><strong><em>σε,</em></strong></span> <span class='ocrx_word' id='word_1_212' title='bbox 1042 2391 1091 2456; x_wconf 85' lang='grc' dir='ltr'><strong><em>καλ</em></strong></span> <span class='ocrx_word' id='word_1_213' title='bbox 1113 2389 1312 2473; x_wconf 73' lang='grc' dir='ltr'><strong><em>καταράσομαι</em></strong></span> 
     </span>
     <span class='ocr_line' id='line_1_23' title="bbox 140 2475 1311 2563; baseline 0 -25"><span class='ocrx_word' id='word_1_214' title='bbox 140 2475 212 2551; x_wconf 84' lang='grc' dir='ltr'><strong><em>τούς</em></strong></span> <span class='ocrx_word' id='word_1_215' title='bbox 230 2475 452 2559; x_wconf 83' lang='grc' dir='ltr'><strong><em>καταρωμένους</em></strong></span> <span class='ocrx_word' id='word_1_216' title='bbox 471 2499 512 2554; x_wconf 86' lang='grc' dir='ltr'><strong><em>σε,</em></strong></span> <span class='ocrx_word' id='word_1_217' title='bbox 533 2478 583 2542; x_wconf 86' lang='grc' dir='ltr'><strong><em>καί</em></strong></span> <span class='ocrx_word' id='word_1_218' title='bbox 604 2475 853 2563; x_wconf 75' lang='grc' dir='ltr'><strong><em>εὐλογηθήσονται</em></strong></span> <span class='ocrx_word' id='word_1_219' title='bbox 873 2478 905 2541; x_wconf 82' lang='grc' dir='ltr'><strong><em>έν</em></strong></span> <span class='ocrx_word' id='word_1_220' title='bbox 927 2497 973 2540; x_wconf 90' lang='grc' dir='ltr'><strong><em>σοι</em></strong></span> <span class='ocrx_word' id='word_1_221' title='bbox 992 2482 1085 2539; x_wconf 80' lang='grc' dir='ltr'><strong><em>πᾶσαι</em></strong></span> <span class='ocrx_word' id='word_1_222' title='bbox 1106 2475 1139 2536; x_wconf 84' lang='grc' dir='ltr'><strong><em>αί</em></strong></span> <span class='ocrx_word' id='word_1_223' title='bbox 1151 2477 1243 2552; x_wconf 85' lang='grc' dir='ltr'><strong><em>φυλαί</em></strong></span> <span class='ocrx_word' id='word_1_224' title='bbox 1258 2481 1311 2557; x_wconf 85' lang='grc' dir='ltr'><strong><em>τῆς</em></strong></span> 
     </span>
     <span class='ocr_line' id='line_1_24' title="bbox 139 2555 1310 2649; baseline -0.001 -26"><span class='ocrx_word' id='word_1_225' title='bbox 139 2565 214 2644; x_wconf 70' lang='grc' dir='ltr'><strong><em>γῆς.ι</em></strong></span> <span class='ocrx_word' id='word_1_226' title='bbox 252 2561 312 2624; x_wconf 83' lang='grc' dir='ltr'><strong><em>Καί</em></strong></span> <span class='ocrx_word' id='word_1_227' title='bbox 333 2559 424 2624; x_wconf 85' lang='grc' dir='ltr'><strong><em>πόλιν</em></strong></span> <span class='ocrx_word' id='word_1_228' title='bbox 444 2561 476 2624; x_wconf 92' lang='grc' dir='ltr'><strong><em>ἐν</em></strong></span> <span class='ocrx_word' id='word_1_229' title='bbox 496 2566 537 2649; x_wconf 75' lang='grc' dir='ltr'><strong><em>τῷ</em></strong></span> <span class='ocrx_word' id='word_1_230' title='bbox 558 2564 789 2644; x_wconf 85' lang='grc' dir='ltr'><strong><em>διαγωρισθῆναι</em></strong></span> <span class='ocrx_word' id='word_1_231' title='bbox 816 2558 907 2626; x_wconf 84' lang='grc' dir='ltr'><strong><em>αὐτὸν</em></strong></span> <span class='ocrx_word' id='word_1_232' title='bbox 934 2557 993 2624; x_wconf 89' lang='grc' dir='ltr'><strong><em>ἀπό</em></strong></span> <span class='ocrx_word' id='word_1_233' title='bbox 1015 2556 1097 2623; x_wconf 58' lang='lat' dir='ltr'><strong><em>Anii</em></strong></span> <span class='ocrx_word' id='word_1_234' title='bbox 1129 2555 1209 2624; x_wconf 77' lang='grc' dir='ltr'><strong><em>εἶπεν</em></strong></span> <span class='ocrx_word' id='word_1_235' title='bbox 1230 2556 1310 2646; x_wconf 78' lang='grc' dir='ltr'><strong><em>αὐτῷ</em></strong></span> 
     </span>
     <span class='ocr_line' id='line_1_25' title="bbox 140 2636 1311 2727; baseline 0 -21"><span class='ocrx_word' id='word_1_236' title='bbox 140 2639 158 2706; x_wconf 87' lang='grc' dir='ltr'><strong><em>ό</em></strong></span> <span class='ocrx_word' id='word_1_237' title='bbox 183 2640 273 2719; x_wconf 85' lang='grc' dir='ltr'><strong><em>Θεός·</em></strong></span> <span class='ocrx_word' id='word_1_238' title='bbox 294 2642 484 2726; x_wconf 66' lang='grc' dir='ltr'><strong><em>ἀναβλέψας*</em></strong></span> <span class='ocrx_word' id='word_1_239' title='bbox 503 2652 565 2720; x_wconf 90' lang='grc' dir='ltr'><strong><em>τοῖς</em></strong></span> <span class='ocrx_word' id='word_1_240' title='bbox 583 2643 753 2727; x_wconf 80' lang='grc' dir='ltr'><strong><em>ὀφθαλμοῖς</em></strong></span> <span class='ocrx_word' id='word_1_241' title='bbox 773 2664 835 2724; x_wconf 83' lang='grc' dir='ltr'><strong><em>σου,</em></strong></span> <span class='ocrx_word' id='word_1_242' title='bbox 857 2647 902 2709; x_wconf 82' lang='grc' dir='ltr'><strong><em>ίδε</em></strong></span> <span class='ocrx_word' id='word_1_243' title='bbox 923 2641 982 2708; x_wconf 84' lang='grc' dir='ltr'><strong><em>ἀπὸ</em></strong></span> <span class='ocrx_word' id='word_1_244' title='bbox 1003 2650 1056 2707; x_wconf 85' lang='grc' dir='ltr'><strong><em>τοῦ</em></strong></span> <span class='ocrx_word' id='word_1_245' title='bbox 1076 2641 1178 2722; x_wconf 89' lang='grc' dir='ltr'><strong><em>τόπου,</em></strong></span> <span class='ocrx_word' id='word_1_246' title='bbox 1198 2636 1235 2706; x_wconf 83' lang='grc' dir='ltr'><strong><em>οὐ</em></strong></span> <span class='ocrx_word' id='word_1_247' title='bbox 1254 2649 1311 2707; x_wconf 79' lang='grc' dir='ltr'><strong><em>νῦν</em></strong></span> 
     </span>
     <span class='ocr_line' id='line_1_26' title="bbox 140 2721 1311 2810; baseline 0 -21"><span class='ocrx_word' id='word_1_248' title='bbox 140 2722 177 2789; x_wconf 84' lang='grc' dir='ltr'><strong><em>σύ</em></strong></span> <span class='ocrx_word' id='word_1_249' title='bbox 199 2721 241 2803; x_wconf 90' lang='grc' dir='ltr'><strong><em>εί,</em></strong></span> <span class='ocrx_word' id='word_1_250' title='bbox 263 2725 338 2810; x_wconf 85' lang='grc' dir='ltr'><strong><em>πρός</em></strong></span> <span class='ocrx_word' id='word_1_251' title='bbox 355 2729 469 2810; x_wconf 75' lang='grc' dir='ltr'><strong><em>βορῤαῖν</em></strong></span> <span class='ocrx_word' id='word_1_252' title='bbox 489 2729 539 2792; x_wconf 86' lang='grc' dir='ltr'><strong><em>καί</em></strong></span> <span class='ocrx_word' id='word_1_253' title='bbox 559 2730 638 2810; x_wconf 64' lang='lat' dir='ltr'><strong><em>ttoni</em></strong></span> <span class='ocrx_word' id='word_1_254' title='bbox 670 2729 719 2793; x_wconf 85' lang='grc' dir='ltr'><strong><em>καί</em></strong></span> <span class='ocrx_word' id='word_1_255' title='bbox 751 2725 893 2805; x_wconf 74' lang='grc' dir='ltr'><strong><em>ἀνατολὰς</em></strong></span> <span class='ocrx_word' id='word_1_256' title='bbox 919 2728 969 2792; x_wconf 81' lang='grc' dir='ltr'><strong><em>καί</em></strong></span> <span class='ocrx_word' id='word_1_257' title='bbox 989 2724 1156 2792; x_wconf 75' lang='grc' dir='ltr'><strong><em>θάλασσαν·</em></strong></span> <span class='ocrx_word' id='word_1_258' title='bbox 1184 2725 1230 2791; x_wconf 82' lang='grc' dir='ltr'><strong><em>ότι</em></strong></span> <span class='ocrx_word' id='word_1_259' title='bbox 1256 2734 1311 2790; x_wconf 81' lang='grc' dir='ltr'><strong><em>πεῖ-</em></strong></span> 
     </span>
     <span class='ocr_line' id='line_1_27' title="bbox 141 2805 1312 2917; baseline 0.003 -46"><span class='ocrx_word' id='word_1_260' title='bbox 141 2828 195 2871; x_wconf 88' lang='grc' dir='ltr'><strong><em>σαν</em></strong></span> <span class='ocrx_word' id='word_1_261' title='bbox 215 2805 268 2890; x_wconf 87' lang='grc' dir='ltr'><strong><em>τῆν</em></strong></span> <span class='ocrx_word' id='word_1_262' title='bbox 288 2816 353 2894; x_wconf 87' lang='grc' dir='ltr'><strong><em>γῆν,</em></strong></span> <span class='ocrx_word' id='word_1_263' title='bbox 374 2808 415 2890; x_wconf 81' lang='grc' dir='ltr'><strong><em>ῆν</em></strong></span> <span class='ocrx_word' id='word_1_264' title='bbox 436 2809 472 2874; x_wconf 86' lang='grc' dir='ltr'><strong><em>σύ</em></strong></span> <span class='ocrx_word' id='word_1_265' title='bbox 495 2809 575 2917; x_wconf 74' lang='grc' dir='ltr'><strong><em>δρᾷς,</em></strong></span> <span class='ocrx_word' id='word_1_266' title='bbox 597 2812 643 2875; x_wconf 85' lang='grc' dir='ltr'><strong><em>σοί</em></strong></span> <span class='ocrx_word' id='word_1_267' title='bbox 663 2811 748 2877; x_wconf 85' lang='grc' dir='ltr'><strong><em>δεόσω</em></strong></span> <span class='ocrx_word' id='word_1_268' title='bbox 768 2809 859 2894; x_wconf 85' lang='grc' dir='ltr'><strong><em>αὐτήν</em></strong></span> <span class='ocrx_word' id='word_1_269' title='bbox 879 2812 929 2876; x_wconf 81' lang='grc' dir='ltr'><strong><em>καί</em></strong></span> <span class='ocrx_word' id='word_1_270' title='bbox 949 2817 989 2899; x_wconf 81' lang='grc' dir='ltr'><strong><em>τῷ</em></strong></span> <span class='ocrx_word' id='word_1_271' title='bbox 1011 2811 1151 2895; x_wconf 80' lang='grc' dir='ltr'><strong><em>σπέρματί</em></strong></span> <span class='ocrx_word' id='word_1_272' title='bbox 1172 2831 1234 2890; x_wconf 85' lang='grc' dir='ltr'><strong><em>σου,</em></strong></span> <span class='ocrx_word' id='word_1_273' title='bbox 1257 2811 1312 2886; x_wconf 70' lang='grc' dir='ltr'><strong><em>ἕως</em></strong></span> 
     </span>
     <span class='ocr_line' id='line_1_28' title="bbox 139 2892 1309 2978; baseline 0.003 -24"><span class='ocrx_word' id='word_1_274' title='bbox 139 2893 255 2967; x_wconf 86' lang='grc' dir='ltr'><strong><em>αίοῖνος.</em></strong></span> <span class='ocrx_word' id='word_1_275' title='bbox 290 2893 350 2956; x_wconf 79' lang='grc' dir='ltr'><strong><em>Καὶ</em></strong></span> <span class='ocrx_word' id='word_1_276' title='bbox 369 2893 483 2975; x_wconf 83' lang='grc' dir='ltr'><strong><em>ποιήσω</em></strong></span> <span class='ocrx_word' id='word_1_277' title='bbox 501 2919 534 2958; x_wconf 88' lang='grc' dir='ltr'><strong><em>το</em></strong></span> <span class='ocrx_word' id='word_1_278' title='bbox 556 2897 668 2976; x_wconf 88' lang='grc' dir='ltr'><strong><em>σπέρμα</em></strong></span> <span class='ocrx_word' id='word_1_279' title='bbox 689 2916 743 2961; x_wconf 92' lang='grc' dir='ltr'><strong><em>σου</em></strong></span> <span class='ocrx_word' id='word_1_280' title='bbox 763 2893 803 2971; x_wconf 81' lang='grc' dir='ltr'><strong><em>αῖς</em></strong></span> <span class='ocrx_word' id='word_1_281' title='bbox 823 2893 876 2977; x_wconf 85' lang='grc' dir='ltr'><strong><em>τήν</em></strong></span> <span class='ocrx_word' id='word_1_282' title='bbox 896 2893 990 2976; x_wconf 84' lang='grc' dir='ltr'><strong><em>ἀμμον</em></strong></span> <span class='ocrx_word' id='word_1_283' title='bbox 1011 2901 1063 2976; x_wconf 87' lang='grc' dir='ltr'><strong><em>τῆς</em></strong></span> <span class='ocrx_word' id='word_1_284' title='bbox 1083 2902 1154 2978; x_wconf 87' lang='grc' dir='ltr'><strong><em>γῆς·</em></strong></span> <span class='ocrx_word' id='word_1_285' title='bbox 1177 2896 1202 2958; x_wconf 90' lang='grc' dir='ltr'><strong><em>εί</em></strong></span> <span class='ocrx_word' id='word_1_286' title='bbox 1222 2892 1309 2958; x_wconf 82' lang='grc' dir='ltr'><strong><em>δόνα-</em></strong></span> 
     </span>
     <span class='ocr_line' id='line_1_29' title="bbox 139 2974 1311 3063; baseline 0.003 -25"><span class='ocrx_word' id='word_1_287' title='bbox 139 2976 187 3038; x_wconf 87' lang='grc' dir='ltr'><strong><em>ταί</em></strong></span> <span class='ocrx_word' id='word_1_288' title='bbox 207 3001 250 3050; x_wconf 88' lang='grc' dir='ltr'><strong><em>τις</em></strong></span> <span class='ocrx_word' id='word_1_289' title='bbox 271 2975 466 3058; x_wconf 81' lang='grc' dir='ltr'><strong><em>ἐξαριθμῆσαι</em></strong></span> <span class='ocrx_word' id='word_1_290' title='bbox 484 2974 538 3059; x_wconf 88' lang='grc' dir='ltr'><strong><em>τήν</em></strong></span> <span class='ocrx_word' id='word_1_291' title='bbox 559 2975 655 3060; x_wconf 78' lang='grc' dir='ltr'><strong><em>ἀμμον</em></strong></span> <span class='ocrx_word' id='word_1_292' title='bbox 676 2986 728 3061; x_wconf 83' lang='grc' dir='ltr'><strong><em>τῆς</em></strong></span> <span class='ocrx_word' id='word_1_293' title='bbox 748 2986 811 3063; x_wconf 84' lang='grc' dir='ltr'><strong><em>γῆς,</em></strong></span> <span class='ocrx_word' id='word_1_294' title='bbox 834 2981 885 3044; x_wconf 85' lang='grc' dir='ltr'><strong><em>καί</em></strong></span> <span class='ocrx_word' id='word_1_295' title='bbox 906 2977 938 3043; x_wconf 86' lang='grc' dir='ltr'><strong><em>τό</em></strong></span> <span class='ocrx_word' id='word_1_296' title='bbox 953 2977 1064 3061; x_wconf 88' lang='grc' dir='ltr'><strong><em>σπέρμα</em></strong></span> <span class='ocrx_word' id='word_1_297' title='bbox 1086 3000 1140 3043; x_wconf 90' lang='grc' dir='ltr'><strong><em>σου</em></strong></span> <span class='ocrx_word' id='word_1_298' title='bbox 1154 2978 1311 3062; x_wconf 71' lang='grc' dir='ltr'><strong><em>ἐξαριθμη·</em></strong></span> 
     </span>
     <span class='ocr_line' id='line_1_30' title="bbox 138 3055 1311 3170; baseline 0.004 -48"><span class='ocrx_word' id='word_1_299' title='bbox 138 3055 280 3139; x_wconf 65' lang='grc' dir='ltr'><strong><em>θήσεται.ς</em></strong></span> <span class='ocrx_word' id='word_1_300' title='bbox 321 3061 381 3123; x_wconf 79' lang='grc' dir='ltr'><strong><em>Καὶ</em></strong></span> <span class='ocrx_word' id='word_1_301' title='bbox 401 3060 488 3126; x_wconf 78' lang='grc' dir='ltr'><strong><em>πόλιν</em></strong></span> <span class='ocrx_word' id='word_1_302' title='bbox 508 3062 597 3144; x_wconf 84' lang='grc' dir='ltr'><strong><em>λέγει·</em></strong></span> <span class='ocrx_word' id='word_1_303' title='bbox 621 3063 778 3170; x_wconf 57' lang='grc' dir='ltr'><strong><em>ἐξήγαγεν*</em></strong></span> <span class='ocrx_word' id='word_1_304' title='bbox 800 3060 818 3126; x_wconf 88' lang='grc' dir='ltr'><strong><em>ό</em></strong></span> <span class='ocrx_word' id='word_1_305' title='bbox 843 3060 917 3138; x_wconf 81' lang='grc' dir='ltr'><strong><em>Θεὸς</em></strong></span> <span class='ocrx_word' id='word_1_306' title='bbox 936 3060 988 3127; x_wconf 87' lang='grc' dir='ltr'><strong><em>τόν</em></strong></span> <span class='ocrx_word' id='word_1_307' title='bbox 1003 3061 1146 3145; x_wconf 77' lang='grc' dir='ltr'><strong><em>Ἀβραὰμ,</em></strong></span> <span class='ocrx_word' id='word_1_308' title='bbox 1167 3063 1217 3126; x_wconf 84' lang='grc' dir='ltr'><strong><em>καί</em></strong></span> <span class='ocrx_word' id='word_1_309' title='bbox 1232 3058 1311 3127; x_wconf 89' lang='grc' dir='ltr'><strong><em>είπεν</em></strong></span> 
     </span>
     <span class='ocr_line' id='line_1_31' title="bbox 138 3139 1314 3230; baseline 0.004 -25"><span class='ocrx_word' id='word_1_310' title='bbox 138 3140 232 3230; x_wconf 78' lang='grc' dir='ltr'><strong><em>αὐτῷ·</em></strong></span> <span class='ocrx_word' id='word_1_311' title='bbox 263 3139 431 3224; x_wconf 73' lang='grc' dir='ltr'><strong><em>ἀνάθλεψον</em></strong></span> <span class='ocrx_word' id='word_1_312' title='bbox 452 3147 493 3221; x_wconf 89' lang='grc' dir='ltr'><strong><em>είς</em></strong></span> <span class='ocrx_word' id='word_1_313' title='bbox 513 3142 564 3210; x_wconf 86' lang='grc' dir='ltr'><strong><em>τόν</em></strong></span> <span class='ocrx_word' id='word_1_314' title='bbox 585 3143 714 3228; x_wconf 89' lang='grc' dir='ltr'><strong><em>οὐρανον</em></strong></span> <span class='ocrx_word' id='word_1_315' title='bbox 747 3146 797 3210; x_wconf 83' lang='grc' dir='ltr'><strong><em>καλ</em></strong></span> <span class='ocrx_word' id='word_1_316' title='bbox 828 3144 994 3228; x_wconf 89' lang='grc' dir='ltr'><strong><em>ἀρίθμησον</em></strong></span> <span class='ocrx_word' id='word_1_317' title='bbox 1020 3145 1089 3222; x_wconf 85' lang='grc' dir='ltr'><strong><em>τούς</em></strong></span> <span class='ocrx_word' id='word_1_318' title='bbox 1116 3145 1253 3229; x_wconf 86' lang='grc' dir='ltr'><strong><em>ἀστέρας,</em></strong></span> <span class='ocrx_word' id='word_1_319' title='bbox 1286 3148 1314 3210; x_wconf 89' lang='grc' dir='ltr'><strong><em>εί</em></strong></span> 
     </span>
     <span class='ocr_line' id='line_1_32' title="bbox 140 3224 1311 3313; baseline 0.005 -24"><span class='ocrx_word' id='word_1_320' title='bbox 140 3224 252 3308; x_wconf 89' lang='grc' dir='ltr'><strong><em>δυνήση</em></strong></span> <span class='ocrx_word' id='word_1_321' title='bbox 274 3226 468 3310; x_wconf 83' lang='grc' dir='ltr'><strong><em>ἐξαριθμῆσαι</em></strong></span> <span class='ocrx_word' id='word_1_322' title='bbox 487 3225 609 3304; x_wconf 81' lang='grc' dir='ltr'><strong><em>αὐτούς·</em></strong></span> <span class='ocrx_word' id='word_1_323' title='bbox 631 3229 724 3307; x_wconf 84' lang='grc' dir='ltr'><strong><em>οὐτως</em></strong></span> <span class='ocrx_word' id='word_1_324' title='bbox 745 3231 823 3293; x_wconf 81' lang='grc' dir='ltr'><strong><em>ἐσται</em></strong></span> <span class='ocrx_word' id='word_1_325' title='bbox 844 3228 875 3294; x_wconf 87' lang='grc' dir='ltr'><strong><em>τύ</em></strong></span> <span class='ocrx_word' id='word_1_326' title='bbox 898 3230 1010 3313; x_wconf 88' lang='grc' dir='ltr'><strong><em>σπέρμα</em></strong></span> <span class='ocrx_word' id='word_1_327' title='bbox 1023 3249 1086 3294; x_wconf 91' lang='grc' dir='ltr'><strong><em>σου.</em></strong></span> <span class='ocrx_word' id='word_1_328' title='bbox 1112 3229 1311 3295; x_wconf 76' lang='grc' dir='ltr'><strong><em>Ἔπτίστευσεν’</em></strong></span> 
     </span>
     <span class='ocr_line' id='line_1_33' title="bbox 139 3306 1311 3400; baseline 0.003 -27"><span class='ocrx_word' id='word_1_329' title='bbox 139 3309 172 3373; x_wconf 86' lang='grc' dir='ltr'><strong><em>δέ</em></strong></span> <span class='ocrx_word' id='word_1_330' title='bbox 189 3307 225 3372; x_wconf 85' lang='grc' dir='ltr'><em>Ἀ</em></span> <span class='ocrx_word' id='word_1_331' title='bbox 244 3306 323 3393; x_wconf 87' lang='grc' dir='ltr'><strong><em>ραόιμ</em></strong></span> <span class='ocrx_word' id='word_1_332' title='bbox 340 3318 380 3397; x_wconf 78' lang='grc' dir='ltr'><strong><em>τῷ</em></strong></span> <span class='ocrx_word' id='word_1_333' title='bbox 405 3315 480 3400; x_wconf 80' lang='grc' dir='ltr'><strong><em>Θεῷ,</em></strong></span> <span class='ocrx_word' id='word_1_334' title='bbox 501 3314 551 3378; x_wconf 83' lang='grc' dir='ltr'><strong><em>καί</em></strong></span> <span class='ocrx_word' id='word_1_335' title='bbox 573 3316 711 3398; x_wconf 88' lang='grc' dir='ltr'><strong><em>ἐλογίσθη</em></strong></span> <span class='ocrx_word' id='word_1_336' title='bbox 733 3312 812 3400; x_wconf 78' lang='grc' dir='ltr'><strong><em>αὐτῷ</em></strong></span> <span class='ocrx_word' id='word_1_337' title='bbox 832 3316 873 3389; x_wconf 90' lang='grc' dir='ltr'><strong><em>είς</em></strong></span> <span class='ocrx_word' id='word_1_338' title='bbox 888 3312 1097 3398; x_wconf 76' lang='grc' dir='ltr'><strong><em>δικαιοσύνην.ι</em></strong></span> <span class='ocrx_word' id='word_1_339' title='bbox 1132 3311 1190 3376; x_wconf 82' lang='grc' dir='ltr'><strong><em>Διά</em></strong></span> <span class='ocrx_word' id='word_1_340' title='bbox 1203 3316 1311 3377; x_wconf 77' lang='grc' dir='ltr'><strong><em>πίστινΙΙ</em></strong></span> 
     </span>
     <span class='ocr_line' id='line_1_34' title="bbox 139 3394 1310 3484; baseline 0.002 -27"><span class='ocrx_word' id='word_1_341' title='bbox 139 3394 189 3457; x_wconf 82' lang='grc' dir='ltr'><strong><em>καί</em></strong></span> <span class='ocrx_word' id='word_1_342' title='bbox 209 3397 374 3473; x_wconf 85' lang='grc' dir='ltr'><strong><em>φιλοξενίαν</em></strong></span> <span class='ocrx_word' id='word_1_343' title='bbox 395 3396 488 3478; x_wconf 85' lang='grc' dir='ltr'><strong><em>ἐδόθη</em></strong></span> <span class='ocrx_word' id='word_1_344' title='bbox 510 3396 588 3484; x_wconf 77' lang='grc' dir='ltr'><strong><em>αὐτῷ</em></strong></span> <span class='ocrx_word' id='word_1_345' title='bbox 609 3396 674 3474; x_wconf 82' lang='grc' dir='ltr'><strong><em>υίὸς</em></strong></span> <span class='ocrx_word' id='word_1_346' title='bbox 695 3399 727 3462; x_wconf 86' lang='grc' dir='ltr'><strong><em>ἐν</em></strong></span> <span class='ocrx_word' id='word_1_347' title='bbox 741 3395 827 3484; x_wconf 74' lang='grc' dir='ltr'><strong><em>γήρα,</em></strong></span> <span class='ocrx_word' id='word_1_348' title='bbox 849 3399 899 3462; x_wconf 82' lang='grc' dir='ltr'><strong><em>καί</em></strong></span> <span class='ocrx_word' id='word_1_349' title='bbox 920 3395 961 3461; x_wconf 90' lang='grc' dir='ltr'><strong><em>δι’</em></strong></span> <span class='ocrx_word' id='word_1_350' title='bbox 985 3396 1133 3479; x_wconf 71' lang='grc' dir='ltr'><strong><em>ὐπακοῆς”</em></strong></span> <span class='ocrx_word' id='word_1_351' title='bbox 1153 3394 1310 3480; x_wconf 87' lang='grc' dir='ltr'><strong><em>προσήνεγ-</em></strong></span> 
     </span>
     <span class='ocr_line' id='line_1_35' title="bbox 138 3473 1214 3569; baseline 0.003 -30"><span class='ocrx_word' id='word_1_352' title='bbox 138 3501 190 3540; x_wconf 90' lang='grc' dir='ltr'><strong><em>κεν</em></strong></span> <span class='ocrx_word' id='word_1_353' title='bbox 210 3474 301 3540; x_wconf 86' lang='grc' dir='ltr'><strong><em>αὐτὸν</em></strong></span> <span class='ocrx_word' id='word_1_354' title='bbox 322 3483 434 3544; x_wconf 88' lang='grc' dir='ltr'><strong><em>θυσίαν</em></strong></span> <span class='ocrx_word' id='word_1_355' title='bbox 454 3488 494 3569; x_wconf 81' lang='grc' dir='ltr'><strong><em>τῷ</em></strong></span> <span class='ocrx_word' id='word_1_356' title='bbox 520 3485 584 3567; x_wconf 82' lang='grc' dir='ltr'><strong><em>Θεῷ</em></strong></span> <span class='ocrx_word' id='word_1_357' title='bbox 605 3479 679 3564; x_wconf 86' lang='grc' dir='ltr'><strong><em>πρός</em></strong></span> <span class='ocrx_word' id='word_1_358' title='bbox 695 3486 730 3547; x_wconf 72' lang='grc' dir='ltr'><strong><em>ἐν</em></strong></span> <span class='ocrx_word' id='word_1_359' title='bbox 749 3489 807 3546; x_wconf 84' lang='grc' dir='ltr'><strong><em>τῶν</em></strong></span> <span class='ocrx_word' id='word_1_360' title='bbox 828 3479 920 3562; x_wconf 86' lang='grc' dir='ltr'><strong><em>ὀρέων</em></strong></span> <span class='ocrx_word' id='word_1_361' title='bbox 941 3473 1107 3557; x_wconf 73' lang='grc' dir='ltr'><strong><em>ἀνέδειξεν</em></strong></span> <span class='ocrx_word' id='word_1_362' title='bbox 1128 3479 1214 3567; x_wconf 80' lang='grc' dir='ltr'><strong><em>αὐτῷ.</em></strong></span> 
     </span>
    </p>
   </div>
   <div class='ocr_carea' id='block_1_6' title="bbox 139 3779 1313 4456">
    <p class='ocr_par' dir='ltr' id='par_1_6' title="bbox 139 3779 1312 3984">
     <span class='ocr_line' id='line_1_36' title="bbox 191 3779 1310 3852; baseline 0.002 -21"><span class='ocrx_word' id='word_1_363' title='bbox 191 3779 249 3846; x_wconf 85' lang='lat' dir='ltr'><strong><em>Cop.</em></strong></span> <span class='ocrx_word' id='word_1_364' title='bbox 270 3782 307 3832; x_wconf 81' lang='lat' dir='ltr'><strong><em>lx.</em></strong></span> <span class='ocrx_word' id='word_1_365' title='bbox 330 3781 356 3846; x_wconf 81' lang='grc'><strong><em>1)</em></strong></span> <span class='ocrx_word' id='word_1_366' title='bbox 373 3785 483 3835; x_wconf 85' lang='lat' dir='ltr'><strong><em>insimili</em></strong></span> <span class='ocrx_word' id='word_1_367' title='bbox 499 3786 555 3837; x_wconf 88' lang='lat' dir='ltr'><strong><em>ioco</em></strong></span> <span class='ocrx_word' id='word_1_368' title='bbox 569 3787 614 3850; x_wconf 82' lang='lat' dir='ltr'><strong><em>Ep.</em></strong></span> <span class='ocrx_word' id='word_1_369' title='bbox 628 3787 710 3852; x_wconf 75' lang='lat' dir='ltr'><strong><em>Polyc.</em></strong></span> <span class='ocrx_word' id='word_1_370' title='bbox 745 3787 906 3836; x_wconf 79' lang='lat' dir='ltr'><strong><em>Ateconoriao</em></strong></span> <span class='ocrx_word' id='word_1_371' title='bbox 926 3787 1018 3847; x_wconf 72' lang='lat' dir='ltr'><strong><em>arcuit,</em></strong></span> <span class='ocrx_word' id='word_1_372' title='bbox 1044 3790 1084 3834; x_wconf 87' lang='lat' dir='ltr'><strong><em>cat</em></strong></span> <span class='ocrx_word' id='word_1_373' title='bbox 1109 3799 1160 3834; x_wconf 85' lang='grc' dir='ltr'><strong><em>ενοι</em></strong></span> <span class='ocrx_word' id='word_1_374' title='bbox 1177 3801 1222 3837; x_wconf 86' lang='lat' dir='ltr'><strong><em>oon</em></strong></span> <span class='ocrx_word' id='word_1_375' title='bbox 1238 3787 1310 3849; x_wconf 79' lang='lat' dir='ltr'><strong><em>probe</em></strong></span> 
     </span>
     <span class='ocr_line' id='line_1_37' title="bbox 139 3849 1312 3920; baseline 0.003 -23"><span class='ocrx_word' id='word_1_376' title='bbox 139 3865 159 3898; x_wconf 89' lang='lat' dir='ltr'><strong><em>c.</em></strong></span> <span class='ocrx_word' id='word_1_377' title='bbox 190 3849 213 3899; x_wconf 78' lang='lat'><strong><em>2.</em></strong></span> <span class='ocrx_word' id='word_1_378' title='bbox 248 3859 285 3900; x_wconf 84' lang='lat' dir='ltr'><strong><em>est</em></strong></span> <span class='ocrx_word' id='word_1_379' title='bbox 312 3853 529 3919; x_wconf 80' lang='grc' dir='ltr'><strong><em>ματαιολογίαν,</em></strong></span> <span class='ocrx_word' id='word_1_380' title='bbox 558 3871 629 3920; x_wconf 82' lang='lat' dir='ltr'><strong><em>quom</em></strong></span> <span class='ocrx_word' id='word_1_381' title='bbox 656 3855 710 3905; x_wconf 74' lang='lat' dir='ltr'><strong><em>lect</em></strong></span> <span class='ocrx_word' id='word_1_382' title='bbox 744 3857 821 3913; x_wconf 80' lang='grc' dir='ltr'><strong><em>τονθ,</em></strong></span> <span class='ocrx_word' id='word_1_383' title='bbox 849 3860 889 3903; x_wconf 88' lang='lat' dir='ltr'><strong><em>ont</em></strong></span> <span class='ocrx_word' id='word_1_384' title='bbox 913 3855 976 3902; x_wconf 83' lang='lat' dir='ltr'><strong><em>maia</em></strong></span> <span class='ocrx_word' id='word_1_385' title='bbox 992 3853 1037 3915; x_wconf 72' lang='lat' dir='ltr'><strong><em>fido</em></strong></span> <span class='ocrx_word' id='word_1_386' title='bbox 1056 3855 1112 3916; x_wconf 73' lang='lat' dir='ltr'><strong><em>acii.</em></strong></span> <span class='ocrx_word' id='word_1_387' title='bbox 1147 3853 1233 3902; x_wconf 79' lang='lat' dir='ltr'><strong><em>Eaicnn</em></strong></span> <span class='ocrx_word' id='word_1_388' title='bbox 1250 3853 1312 3901; x_wconf 77' lang='lat' dir='ltr'><strong><em>enin</em></strong></span> 
     </span>
     <span class='ocr_line' id='line_1_38' title="bbox 140 3917 1310 3984; baseline 0.002 -19"><span class='ocrx_word' id='word_1_389' title='bbox 140 3917 214 3968; x_wconf 88' lang='lat' dir='ltr'><strong><em>Wott.</em></strong></span> <span class='ocrx_word' id='word_1_390' title='bbox 231 3917 285 3967; x_wconf 79' lang='lat' dir='ltr'><strong><em>hnic</em></strong></span> <span class='ocrx_word' id='word_1_391' title='bbox 303 3934 399 3984; x_wconf 80' lang='lat' dir='ltr'><strong><em>quoqne</em></strong></span> <span class='ocrx_word' id='word_1_392' title='bbox 415 3923 580 3983; x_wconf 76' lang='lat' dir='ltr'><strong><em>reponendam</em></strong></span> <span class='ocrx_word' id='word_1_393' title='bbox 599 3930 687 3972; x_wconf 80' lang='lat' dir='ltr'><strong><em>censet.</em></strong></span> <span class='ocrx_word' id='word_1_394' title='bbox 743 3923 836 3970; x_wconf 85' lang='lat' dir='ltr'><strong><em>rationo</em></strong></span> <span class='ocrx_word' id='word_1_395' title='bbox 861 3926 937 3971; x_wconf 84' lang='lat' dir='ltr'><strong><em>actum</em></strong></span> <span class='ocrx_word' id='word_1_396' title='bbox 960 3922 1003 3968; x_wconf 83' lang='lat' dir='ltr'><strong><em>erit</em></strong></span> <span class='ocrx_word' id='word_1_397' title='bbox 1027 3921 1054 3968; x_wconf 81' lang='lat' dir='ltr'><strong><em>dc</em></strong></span> <span class='ocrx_word' id='word_1_398' title='bbox 1083 3921 1204 3970; x_wconf 74' lang='lat' dir='ltr'><strong><em>authentia</em></strong></span> <span class='ocrx_word' id='word_1_399' title='bbox 1228 3927 1248 3968; x_wconf 80' lang='lat' dir='ltr'><strong><em>ct</em></strong></span> <span class='ocrx_word' id='word_1_400' title='bbox 1266 3920 1310 3980; x_wconf 74' lang='lat' dir='ltr'><strong><em>fido</em></strong></span> 
     </span>
    </p>

    <p class='ocr_par' dir='ltr' id='par_1_7' title="bbox 140 3982 1313 4456">
     <span class='ocr_line' id='line_1_39' title="bbox 192 3982 1311 4055; baseline -0.001 -20"><span class='ocrx_word' id='word_1_401' title='bbox 192 3986 218 4049; x_wconf 78' lang='lat'><strong><em>2)</em></strong></span> <span class='ocrx_word' id='word_1_402' title='bbox 235 3982 416 4055; x_wconf 81' lang='grc' dir='ltr'><strong><em>Ἀτενίζωμεν</em></strong></span> <span class='ocrx_word' id='word_1_403' title='bbox 429 3987 531 4049; x_wconf 73' lang='lat' dir='ltr'><strong><em>Coton,</em></strong></span> <span class='ocrx_word' id='word_1_404' title='bbox 551 3990 710 4040; x_wconf 80' lang='lat' dir='ltr'><strong><em>testeiacob·</em></strong></span> <span class='ocrx_word' id='word_1_405' title='bbox 744 4003 824 4038; x_wconf 82' lang='lat' dir='ltr'><strong><em>eornm</em></strong></span> <span class='ocrx_word' id='word_1_406' title='bbox 842 3990 952 4049; x_wconf 77' lang='lat' dir='ltr'><strong><em>oninium,</em></strong></span> <span class='ocrx_word' id='word_1_407' title='bbox 970 3990 1010 4052; x_wconf 81' lang='lat' dir='ltr'><strong><em>qai</em></strong></span> <span class='ocrx_word' id='word_1_408' title='bbox 1029 4004 1043 4036; x_wconf 87' lang='lat' dir='ltr'><strong><em>a</em></strong></span> <span class='ocrx_word' id='word_1_409' title='bbox 1060 3988 1173 4037; x_wconf 68' lang='lat' dir='ltr'><strong><em>(tomento</em></strong></span> <span class='ocrx_word' id='word_1_410' title='bbox 1184 3986 1249 4036; x_wconf 73' lang='grc' dir='ltr'><strong><em>λίνω.</em></strong></span> <span class='ocrx_word' id='word_1_411' title='bbox 1268 4002 1311 4034; x_wconf 78' lang='grc' dir='ltr'><strong><em>νι-</em></strong></span> 
     </span>
     <span class='ocr_line' id='line_1_40' title="bbox 140 4052 1312 4121; baseline 0.001 -20"><span class='ocrx_word' id='word_1_412' title='bbox 140 4067 210 4101; x_wconf 81' lang='grc' dir='ltr'><strong><em>ιοοο.</em></strong></span> <span class='ocrx_word' id='word_1_413' title='bbox 246 4053 272 4102; x_wconf 86' lang='grc' dir='ltr'><strong><em>λιι</em></strong></span> <span class='ocrx_word' id='word_1_414' title='bbox 291 4068 342 4103; x_wconf 81' lang='lat' dir='ltr'><strong><em>mco</em></strong></span> <span class='ocrx_word' id='word_1_415' title='bbox 364 4054 460 4119; x_wconf 74' lang='lat' dir='ltr'><strong><em>quidem</em></strong></span> <span class='ocrx_word' id='word_1_416' title='bbox 479 4055 610 4106; x_wconf 82' lang='lat' dir='ltr'><strong><em>Colomnsii</em></strong></span> <span class='ocrx_word' id='word_1_417' title='bbox 631 4058 669 4106; x_wconf 85' lang='lat' dir='ltr'><strong><em>ed.</em></strong></span> <span class='ocrx_word' id='word_1_418' title='bbox 688 4073 709 4106; x_wconf 83' lang='lat' dir='ltr'><strong><em>a.</em></strong></span> <span class='ocrx_word' id='word_1_419' title='bbox 743 4071 811 4121; x_wconf 80' lang='lat' dir='ltr'><strong><em>quant</em></strong></span> <span class='ocrx_word' id='word_1_420' title='bbox 834 4057 951 4116; x_wconf 79' lang='lat' dir='ltr'><strong><em>citantor,</em></strong></span> <span class='ocrx_word' id='word_1_421' title='bbox 981 4057 1124 4118; x_wconf 75' lang='lat' dir='ltr'><strong><em>scriptorum.</em></strong></span> <span class='ocrx_word' id='word_1_422' title='bbox 1159 4052 1229 4102; x_wconf 81' lang='lat' dir='ltr'><strong><em>Nono</em></strong></span> <span class='ocrx_word' id='word_1_423' title='bbox 1253 4055 1312 4102; x_wconf 85' lang='lat' dir='ltr'><strong><em>enin</em></strong></span> 
     </span>
     <span class='ocr_line' id='line_1_41' title="bbox 143 4118 1311 4190; baseline 0.002 -22"><span class='ocrx_word' id='word_1_424' title='bbox 143 4119 207 4170; x_wconf 79' lang='lat'><strong><em>1694</em></strong></span> <span class='ocrx_word' id='word_1_425' title='bbox 233 4128 269 4170; x_wconf 78' lang='lat' dir='ltr'><strong><em>esi</em></strong></span> <span class='ocrx_word' id='word_1_426' title='bbox 284 4118 475 4190; x_wconf 78' lang='grc' dir='ltr'><strong><em>Ἀτενίσοιμεν.</em></strong></span> <span class='ocrx_word' id='word_1_427' title='bbox 511 4124 554 4172; x_wconf 75' lang='grc' dir='ltr'><strong><em>Εὐ.</em></strong></span> <span class='ocrx_word' id='word_1_428' title='bbox 573 4124 709 4174; x_wconf 79' lang='grc' dir='ltr'><strong><em>θαεοιιιλιιι</em></strong></span> <span class='ocrx_word' id='word_1_429' title='bbox 743 4123 835 4173; x_wconf 80' lang='grc' dir='ltr'><strong><em>Ραίιυιιι</em></strong></span> <span class='ocrx_word' id='word_1_430' title='bbox 860 4125 945 4172; x_wconf 75' lang='grc' dir='ltr'><strong><em>ποίοιν</em></strong></span> <span class='ocrx_word' id='word_1_431' title='bbox 969 4125 1064 4173; x_wconf 85' lang='lat' dir='ltr'><strong><em>iiccntio</em></strong></span> <span class='ocrx_word' id='word_1_432' title='bbox 1089 4136 1147 4171; x_wconf 80' lang='grc' dir='ltr'><strong><em>αευι</em></strong></span> <span class='ocrx_word' id='word_1_433' title='bbox 1170 4128 1206 4169; x_wconf 79' lang='lat' dir='ltr'><strong><em>est</em></strong></span> <span class='ocrx_word' id='word_1_434' title='bbox 1229 4123 1253 4169; x_wconf 91' lang='lat' dir='ltr'><strong><em>in</em></strong></span> <span class='ocrx_word' id='word_1_435' title='bbox 1275 4122 1311 4170; x_wconf 87' lang='lat' dir='ltr'><strong><em>ci-</em></strong></span> 
     </span>
     <span class='ocr_line' id='line_1_42' title="bbox 141 4185 1311 4252; baseline 0.003 -19"><span class='ocrx_word' id='word_1_436' title='bbox 141 4185 204 4236; x_wconf 90' lang='lat' dir='ltr'><strong><em>hnnc</em></strong></span> <span class='ocrx_word' id='word_1_437' title='bbox 222 4187 302 4238; x_wconf 80' lang='lat' dir='ltr'><strong><em>iocum</em></strong></span> <span class='ocrx_word' id='word_1_438' title='bbox 315 4205 341 4240; x_wconf 79' lang='lat' dir='ltr'><strong><em>cx</em></strong></span> <span class='ocrx_word' id='word_1_439' title='bbox 355 4188 503 4239; x_wconf 73' lang='lat' dir='ltr'><strong><em>mention.</em></strong></span> <span class='ocrx_word' id='word_1_440' title='bbox 516 4192 605 4240; x_wconf 84' lang='lat' dir='ltr'><strong><em>Strcm.</em></strong></span> <span class='ocrx_word' id='word_1_441' title='bbox 622 4191 658 4252; x_wconf 76' lang='lat' dir='ltr'><strong><em>tt,</em></strong></span> <span class='ocrx_word' id='word_1_442' title='bbox 670 4191 709 4242; x_wconf 81' lang='lat'><strong><em>16.</em></strong></span> <span class='ocrx_word' id='word_1_443' title='bbox 744 4192 824 4239; x_wconf 77' lang='lat' dir='ltr'><strong><em>tandit</em></strong></span> <span class='ocrx_word' id='word_1_444' title='bbox 843 4192 972 4248; x_wconf 74' lang='lat' dir='ltr'><strong><em>antoricus,</em></strong></span> <span class='ocrx_word' id='word_1_445' title='bbox 991 4192 1039 4239; x_wconf 75' lang='lat' dir='ltr'><strong><em>cine</em></strong></span> <span class='ocrx_word' id='word_1_446' title='bbox 1056 4192 1139 4247; x_wconf 75' lang='lat' dir='ltr'><strong><em>sacris,</em></strong></span> <span class='ocrx_word' id='word_1_447' title='bbox 1163 4190 1211 4237; x_wconf 79' lang='lat' dir='ltr'><strong><em>sice</em></strong></span> <span class='ocrx_word' id='word_1_448' title='bbox 1233 4188 1311 4237; x_wconf 83' lang='lat' dir='ltr'><strong><em>etini-</em></strong></span> 
     </span>
     <span class='ocr_line' id='line_1_43' title="bbox 140 4254 1312 4321; baseline 0.003 -20"><span class='ocrx_word' id='word_1_449' title='bbox 140 4265 164 4313; x_wconf 82' lang='grc' dir='ltr'><strong><em>μ.</em></strong></span> <span class='ocrx_word' id='word_1_450' title='bbox 183 4254 239 4302; x_wconf 82' lang='lat' dir='ltr'><strong><em>cto.</em></strong></span> <span class='ocrx_word' id='word_1_451' title='bbox 260 4256 429 4321; x_wconf 81' lang='lat' dir='ltr'><strong><em>interpolatum</em></strong></span> <span class='ocrx_word' id='word_1_452' title='bbox 452 4259 582 4307; x_wconf 76' lang='lat' dir='ltr'><strong><em>contendit.</em></strong></span> <span class='ocrx_word' id='word_1_453' title='bbox 619 4258 708 4307; x_wconf 76' lang='lat' dir='ltr'><strong><em>Contra</em></strong></span> <span class='ocrx_word' id='word_1_454' title='bbox 743 4260 795 4320; x_wconf 81' lang='grc' dir='ltr'><strong><em>τῖε,-</em></strong></span> <span class='ocrx_word' id='word_1_455' title='bbox 813 4273 864 4308; x_wconf 75' lang='lat' dir='ltr'><strong><em>cain</em></strong></span> <span class='ocrx_word' id='word_1_456' title='bbox 881 4260 903 4306; x_wconf 85' lang='lat' dir='ltr'><strong><em>ei</em></strong></span> <span class='ocrx_word' id='word_1_457' title='bbox 921 4260 945 4306; x_wconf 88' lang='lat' dir='ltr'><strong><em>in</em></strong></span> <span class='ocrx_word' id='word_1_458' title='bbox 962 4272 1024 4307; x_wconf 82' lang='grc' dir='ltr'><strong><em>υιοτε</em></strong></span> <span class='ocrx_word' id='word_1_459' title='bbox 1042 4259 1081 4315; x_wconf 78' lang='lat' dir='ltr'><strong><em>cit,</em></strong></span> <span class='ocrx_word' id='word_1_460' title='bbox 1100 4272 1147 4306; x_wconf 94' lang='lat' dir='ltr'><strong><em>non</em></strong></span> <span class='ocrx_word' id='word_1_461' title='bbox 1159 4259 1248 4319; x_wconf 74' lang='lat' dir='ltr'><strong><em>intcora</em></strong></span> <span class='ocrx_word' id='word_1_462' title='bbox 1267 4272 1312 4305; x_wconf 89' lang='lat' dir='ltr'><strong><em>an·</em></strong></span> 
     </span>
     <span class='ocr_line' id='line_1_44' title="bbox 142 4321 1312 4391; baseline 0.006 -26"><span class='ocrx_word' id='word_1_463' title='bbox 142 4332 212 4380; x_wconf 82' lang='lat' dir='ltr'><strong><em>qoem</em></strong></span> <span class='ocrx_word' id='word_1_464' title='bbox 226 4321 370 4375; x_wconf 79' lang='lat' dir='ltr'><strong><em>wononus:</em></strong></span> <span class='ocrx_word' id='word_1_465' title='bbox 391 4327 456 4376; x_wconf 77' lang='lat' dir='ltr'><strong><em>irriti</em></strong></span> <span class='ocrx_word' id='word_1_466' title='bbox 467 4332 528 4387; x_wconf 78' lang='lat' dir='ltr'><strong><em>cant,</em></strong></span> <span class='ocrx_word' id='word_1_467' title='bbox 538 4326 622 4391; x_wconf 76' lang='lat' dir='ltr'><strong><em>inquio,</em></strong></span> <span class='ocrx_word' id='word_1_468' title='bbox 640 4327 708 4374; x_wconf 78' lang='grc' dir='ltr'><strong><em>λαῖον</em></strong></span> <span class='ocrx_word' id='word_1_469' title='bbox 743 4332 819 4374; x_wconf 75' lang='lat' dir='ltr'><strong><em>totam</em></strong></span> <span class='ocrx_word' id='word_1_470' title='bbox 835 4327 904 4375; x_wconf 80' lang='lat' dir='ltr'><strong><em>neria</em></strong></span> <span class='ocrx_word' id='word_1_471' title='bbox 921 4340 1012 4390; x_wconf 74' lang='lat' dir='ltr'><em>semper</em></span> <span class='ocrx_word' id='word_1_472' title='bbox 1027 4325 1134 4384; x_wconf 80' lang='lat' dir='ltr'><strong><em>recitare,</em></strong></span> <span class='ocrx_word' id='word_1_473' title='bbox 1154 4325 1251 4388; x_wconf 74' lang='lat' dir='ltr'><strong><em>scinco</em></strong></span> <span class='ocrx_word' id='word_1_474' title='bbox 1272 4340 1312 4372; x_wconf 81' lang='lat' dir='ltr'><strong><em>ar·</em></strong></span> 
     </span>
     <span class='ocr_line' id='line_1_45' title="bbox 140 4390 1313 4456; baseline -0.001 -11"><span class='ocrx_word' id='word_1_475' title='bbox 140 4390 244 4434; x_wconf 60' lang='lat' dir='ltr'><strong><em>mitt·</em></strong></span> <span class='ocrx_word' id='word_1_476' title='bbox 281 4391 325 4445; x_wconf 81' lang='lat' dir='ltr'><strong><em>Oui</em></strong></span> <span class='ocrx_word' id='word_1_477' title='bbox 338 4397 398 4443; x_wconf 85' lang='lat' dir='ltr'><strong><em>enim</em></strong></span> <span class='ocrx_word' id='word_1_478' title='bbox 415 4394 535 4445; x_wconf 81' lang='lat' dir='ltr'><strong><em>iocmodo</em></strong></span> <span class='ocrx_word' id='word_1_479' title='bbox 549 4409 579 4445; x_wconf 82' lang='grc' dir='ltr'><strong><em>ετ</em></strong></span> <span class='ocrx_word' id='word_1_480' title='bbox 595 4392 707 4443; x_wconf 73' lang='lat' dir='ltr'><strong><em>Clemente</em></strong></span> <span class='ocrx_word' id='word_1_481' title='bbox 744 4394 812 4442; x_wconf 75' lang='lat' dir='ltr'><strong><em>bitrio</em></strong></span> <span class='ocrx_word' id='word_1_482' title='bbox 832 4408 951 4443; x_wconf 72' lang='lat' dir='ltr'><strong><em>wannoc</em></strong></span> <span class='ocrx_word' id='word_1_483' title='bbox 969 4393 1117 4456; x_wconf 67' lang='lat' dir='ltr'><strong><em>contrahant,</em></strong></span> <span class='ocrx_word' id='word_1_484' title='bbox 1142 4407 1202 4444; x_wconf 84' lang='lat' dir='ltr'><strong><em>nnnc</em></strong></span> <span class='ocrx_word' id='word_1_485' title='bbox 1222 4394 1250 4441; x_wconf 83' lang='lat' dir='ltr'><strong><em>ic</em></strong></span> <span class='ocrx_word' id='word_1_486' title='bbox 1268 4408 1313 4444; x_wconf 83' lang='grc' dir='ltr'><strong><em>ενα</em></strong></span> 
     </span>
    </p>
   </div>
   <div class='ocr_carea' id='block_1_7' title="bbox 0 0 1454 4882">
    <p class='ocr_par' dir='ltr' id='par_1_8' title="bbox 0 0 1454 4882">
     <span class='ocr_line' id='line_1_46' title="bbox 0 0 1454 4882; baseline 0 0"><span class='ocrx_word' id='word_1_487' title='bbox 0 0 1454 4882; x_wconf 95' lang='lat' dir='ltr'><strong><em> </em></strong></span> 
     </span>
    </p>
   </div>
  </div>
 </body>
</html>
