2886 4882
205 256 332 316 dantus
352 258 600 320 CASSOBOldel}
622 263 784 323 uelsrous
804 267 846 323 lu
869 262 1037 323 ludantur.
1068 263 1088 321 l.
1110 264 1141 321 ll.
1201 259 1262 322 2l9

88 414 251 521 Erildpsov,
274 414 477 521 Ιίασσὸβρλονο
506 417 658 500 scrophe-
692 433 773 502 ginm,
801 439 828 487 et
849 430 977 487 Sobelum
999 429 1206 504 Presbyterum,
1233 439 1263 488 ut

86 525 145 580 ρον,
167 525 248 575 οπως
260 498 300 582 μὴ
314 523 391 581 ωμεν
405 502 505 583 ἔρημοι
520 509 578 565 τῶν
590 527 659 584 προ·
693 532 746 570 aon
770 513 856 582 simus
877 512 990 568 desolati
1002 514 1167 585 praepositis
1182 514 1263 571 divini

87 591 196 647 στατολν
214 591 267 648 τοῦ
278 587 367 647 θείου
378 582 482 668 λόγον·
505 585 657 650 ιιαθάιιουἵ
692 596 783 654 verhi:
805 595 1031 669 quemadmodum
1054 602 1081 649 et
1101 595 1209 669 Moyses
1226 596 1263 653 di·

88 669 134 729 καὶ
162 673 281 747 Μωσῆς
308 667 396 750 λέγει·
426 666 658 746 Έιιισιιεψοὶσθω
693 672 756 736 cit?
779 676 1156 745 ,Provideatltoudauslleus
1179 679 1272 735 homi·

89 750 196 832 Κύριος
218 748 327 824 dordr
349 748 520 832 ἄνθρωπον,
542 751 575 827 ὃς
591 750 656 833 ὁδη·
693 781 767 829 uem,
791 763 837 833 quii
860 762 941 816 ducat
963 758 1092 832 populum
1115 759 1203 827 huue;
1236 769 1264 817 et

88 833 164 916 ρήσει
195 831 248 897 τὸν
274 831 346 896 λαὸν
371 841 487 912 τοῦτον,
523 837 572 899 καλ
603 836 659 900 οὐκ
693 862 746 901 non
770 846 822 900 erit
843 844 986 917 Synagoga
1013 841 1116 897 Domini
1140 851 1169 897 ut
1191 859 1263 910 oves,

88 920 164 980 ἔσται
198 914 220 998 ἡ
259 915 411 1023 συναγωγὴ
443 921 557 1000 Κυρίου
591 917 660 983 ολσεὶ
693 927 792 1002 quihus
815 943 868 982 non
891 933 933 982 est
955 921 1065 997 pastor!

88 998 217 1082 ιιρόβαια
239 995 285 1074 οἷς
306 1025 361 1064 ουκ
382 1001 452 1064 λστλ”
473 999 589 1083 ποιμήν.

92 1208 266 1265 Cassohelnm
288 1208 498 1284 Presbyterum,
529 1226 563 1265 ne
586 1211 766 1266 destituamur
787 1210 860 1267 verhi
886 1211 967 1266 divini
990 1208 1152 1284 praelectis,
1181 1208 1260 1265 sicuti

93 1301 116 1347 et
131 1293 221 1348 lluses
237 1292 353 1365 quodam
369 1292 431 1349 loco
449 1294 530 1349 dicit:
554 1294 704 1366 ‚provideat
725 1295 854 1349 llouriuus
871 1295 940 1350 Peras
955 1293 1099 1359 homiuem,
1123 1292 1167 1363 qui
1183 1291 1263 1346 ducat

91 1375 219 1448 populum
247 1375 331 1442 ltuuc3
359 1385 387 1432 et
414 1393 468 1432 non
497 1378 551 1432 crit
582 1376 724 1450 Synagoga
753 1376 857 1433 homiui
889 1379 960 1433 sieut
981 1393 1060 1442 oves,
1088 1373 1185 1448 quihus
1209 1389 1263 1430 nou

89 1468 126 1512 est
144 1457 257 1531 pastor!

150 1655 181 1712 ll.
223 1641 310 1729 ’Ίλοέρ
338 1645 370 1709 δὲ
398 1643 466 1722 τοὺς
486 1642 660 1722 νέουςεῖναι
758 1658 789 1713 ll.
831 1659 884 1714 Pro
909 1676 942 1714 eo
963 1666 1069 1724 autem,
1091 1656 1165 1729 quod
1192 1657 1262 1712 iuvc·
1311 1655 1317 1664 '

89 1727 154 1805 ῐθῦς
173 1730 450 1834 πρθγέγςᾱμμὲνθϋς,
472 1733 585 1806 Mon&
607 1757 659 1811 μη·
694 1759 742 1799 nes
765 1750 827 1796 suut
848 1740 1018 1814 praescripti,
1036 1739 1166 1795 lornrides
1189 1738 1264 1808 nihil,

89 1814 144 1890 ὀὲν,
168 1805 191 1877 ὦ
212 1837 341 1918 genapia.
387 1811 542 1877 Fevdoueev
559 1811 613 1898 γάρ
628 1835 659 1876 σε
694 1824 819 1880 ohcate.
862 1824 1034 1897 Cognoscere
1057 1823 1128 1878 euim
1151 1830 1176 1878 te
1194 1820 1265 1878 volni

91 1897 182 1973 atto,
210 1894 250 1972 ὥς
281 1899 511 1981 υιιερφρονοῠσι’
542 1894 659 1979 σαρκὸς,
694 1909 768 1982 quod
807 1907 916 1982 sapiunt
947 1922 1031 1980 super
1069 1922 1193 1972 earnem,
1237 1912 1265 1960 et

89 1981 136 2043 καὶ
157 1986 216 2044 τῶν
235 1976 341 2060 ταύτης
361 1988 470 2045 παθῶν
494 1978 659 2065 ἆλογοῦσιν,
694 1992 779 2064 ipsius
802 1991 944 2064 passiones
967 2005 1020 2044 nou
1037 1989 1157 2045 sentiunt
1170 1988 1221 2062 ipsi
1236 1989 1263 2044 in

89 2061 170 2126 αὐτοὶ
183 2065 216 2126 ἐν
229 2064 364 2144 {molest
378 2061 536 2150 προσφάτῳ
549 2064 661 2144 νεότητι
694 2075 801 2146 seipsis,
831 2073 932 2129 receuti
963 2073 1097 2128 iuventute
1120 2069 1265 2127 sacerdotii
1292 2098 1297 2106 ·

90 2144 246 2228 ἱερωσύνης
296 2145 504 2230 ἀστράπτοντες
546 2145 659 2211 moliris.
695 2156 860 2229 refulgemus
904 2156 1010 2211 canitic.
1087 2154 1264 2209 Porscrutare

86 2227 264 2294 Ἀνιὶσιιαλον
290 2229 322 2292 δὲ
349 2239 407 2295 τῶν
436 2237 580 2315 λογισμῶν
607 2252 660 2294 σου
694 2247 783 2294 autem
813 2229 1014 2310 cogitationem¹
1043 2244 1114 2291 tuam
1142 2253 1192 2308 per
1220 2235 1264 2290 da·

91 2311 138 2376 hd
171 2320 224 2377 τοῦ
254 2314 394 2390 δοθέντος
425 2336 471 2377 σοι
499 2312 579 2397 παρὰ
609 2321 661 2377 τοῦ
695 2330 750 2376 tum
774 2320 821 2374 tihi
841 2337 856 2375 a
877 2319 931 2374 heo
954 2336 1004 2392 pcr
1025 2318 1160 2372 Christum
1181 2316 1263 2390 Spiri-

94 2400 169 2459 Θεοῦ
191 2394 240 2460 διὰ
268 2403 396 2479 Χριστοῦ
419 2395 589 2479 Πνεύμαιος
610 2395 661 2460 αὖ·
696 2412 751 2458 tum
773 2402 876 2467 ivsius,
899 2408 926 2455 et
949 2416 1099 2472 cognosces
1122 2398 1195 2470 quod
1218 2398 1263 2452 Su·

91 2487 156 2557 τοῦ,
185 2481 236 2544 καλ
261 2479 358 2597 pvoiup
387 2478 427 2555 ὥς
448 2479 589 2563 Σαμουὴλ
617 2506 661 2561 μι-
695 2483 776 2551 suriel,
813 2499 910 2556 parvus
933 2480 1071 2554 puerulus,
1095 2478 1194 2534 l'idens
1221 2495 1264 2534 vo·

91 2561 161 2644 ιιρόν
180 2567 336 2646 παιδαριον
368 2562 519 2646 dutinus
540 2561 661 2645 ἐκλήθη,
696 2575 771 2623 catus
800 2573 854 2621 est:
892 2570 919 2620 et
954 2563 1040 2618 choro
1068 2559 1265 2633 Prophetarum

93 2648 140 2709 καλ
163 2654 204 2732 τῷ
224 2654 299 2731 χορῷ
321 2654 378 2711 τῶν
398 2650 558 2749 προφητῶν
580 2649 661 2732 lysa·
696 2655 916 2714 connumeratus,
927 2643 1115 2720 presbyterum
1128 2642 1167 2698 Eli
1179 2651 1263 2698 trans·

92 2733 239 2810 πλεχθεὶς,
257 2733 307 2795 τὸν
324 2735 487 2815 πρεσβυτην
502 2730 594 2794 'utet'
608 2757 662 2794 πα.
697 2731 846 2807 grossioris
871 2729 1023 2801 redarguit,
1047 2727 1173 2800 quoniam
1196 2726 1264 2782 insa·

93 2816 232 2896 ρανομίας
248 2814 393 2899 ἐξελέγχει,
412 2814 458 2879 ὅτι
473 2821 664 2899 παραπλῆγας

176 3014 230 3078 ἿΙ.
273 3024 350 3092 Quod
372 3034 460 3081 autem
482 3024 527 3092 illi,
554 3024 586 3079 de
609 3022 708 3097 quihus
729 3024 781 3078 iarn
803 3018 911 3092 scripsi,
943 3018 1054 3073 iuvenes
1076 3016 1145 3082 sint,
1175 3016 1208 3071 de
1231 3031 1265 3070 eo

100 3103 163 3160 nihil
186 3113 304 3175 metuas,
333 3108 457 3163 uberte.
500 3107 584 3180 Cupio
608 3107 679 3163 cuim
704 3114 728 3161 tc
751 3104 837 3170 seire,
869 3100 942 3175 quod
970 3117 1078 3156 caruem
1102 3097 1264 3170 despiciunt,

96 3203 145 3242 nec
168 3189 327 3260 passionum
350 3191 408 3246 eius
432 3190 510 3245 ullam
533 3190 664 3245 rationem
681 3187 790 3251 habeut,
812 3186 874 3241 dum
895 3184 920 3238 in
936 3183 1057 3255 ipsormu
1075 3179 1153 3235 viridi
1176 3179 1264 3235 iuven·

96 3276 150 3325 tnte
172 3272 325 3327 sacerdotis
347 3273 444 3327 canitie
467 3272 652 3345 resplendent.
694 3270 808 3326 devolve
832 3266 1009 3339 cogitationes
1032 3272 1090 3320 tuas
1116 3279 1166 3336 per
1186 3262 1264 3336 spiri·

97 3359 160 3418 tum,
183 3353 230 3425 qui
252 3353 299 3410 tihi
322 3355 399 3410 datus
420 3362 463 3410 est
484 3373 498 3409 a
521 3356 575 3409 lton
598 3371 648 3427 per
670 3353 814 3418 Christum,
837 3357 864 3405 et
885 3348 966 3415 scies,
986 3347 1124 3420 quomodo
1146 3344 1265 3413 Samuel,

97 3434 223 3505 parvulus
245 3436 334 3492 adhuc
356 3455 433 3512 puer,
455 3445 566 3493 vocatus
590 3435 671 3492 luerit
693 3435 803 3500 videns3
825 3440 852 3488 ct
873 3431 957 3486 choro
980 3429 1177 3502 Prophetarum
1201 3444 1264 3483 con·

98 3525 252 3574 numeratus
282 3536 376 3576 senem
408 3520 464 3576 Elei
495 3519 643 3592 iniquitatis
674 3517 810 3592 arguerit,
839 3514 913 3588 quod
941 3511 1012 3568 filios
1045 3509 1177 3568 vecordcs
1210 3509 1265 3566 lieu

145 3777 172 3837 6)
190 3778 249 3826 Pedi
271 3770 457 3839 Κασσόρηλον
482 3777 545 3825 cxl)
570 3790 594 3838 p.
617 3773 663 3824 καὶ
697 3788 744 3824 σιν
761 3775 859 3823 Cl'oss.
877 3771 954 3821 l'ossii
974 3785 1002 3820 rr
1020 3778 1077 3834 post
1096 3765 1198 3833 σαρκὸς
1217 3781 1264 3814 nnn

96 3838 233 3906 Σόβηλον,
254 3845 320 3908 qnod
340 3844 415 3892 estin
435 3845 467 3903 C,
490 3859 528 3905 ap.
548 3845 614 3893 lloss.
639 3850 663 3891 et
697 3850 732 3891 est
750 3841 774 3889 in
793 3842 848 3890 Cl).

96 3910 192 3960 latret.
219 3912 331 3959 fortasse
344 3910 496 3959 scribendum
508 3910 662 3962 λκΚασσο-
746 3923 772 3985 3)
794 3921 889 3979 αὐτοῖς
907 3922 934 3981 C,
955 3918 1106 3983 l(sic)mau.
1125 3929 1263 3977 reesupra.

94 3971 192 4039 βὴλων.
215 3978 338 4027 Armenius
354 3979 497 4026 sacerdotem
517 3977 662 4041 Corpolonis.
745 4005 774 4068 4)
792 4001 833 4058 ὥν
849 4006 949 4055 inseruit
967 4005 1034 4054 Voss.
1052 4001 1130 4052 invitis
1149 3997 1225 4047 Coun.

146 4058 172 4120 7)
192 4055 325 4112 καθάπαν
345 4061 402 4119 cu,
421 4055 553 4129 καθάπερ
571 4062 637 4110 Voss·
748 4090 775 4152 5)
795 4087 851 4154 ,3242
870 4089 896 4138 c,
1244 4070 1247 4075 ι

148 4142 174 4205 8)
193 4140 253 4194 (orl
271 4143 296 4203 C,
314 4140 393 4195 ἐστὶν
409 4145 427 4192 D
446 4144 507 4205 vulg.

146 4243 204 4306 Cap.
223 4244 251 4292 ll.
289 4242 313 4307 l)
333 4240 662 4315 detep5C,ndorummau.
748 4223 921 4289 ²)Ntlffl·²7‚
943 4224 1019 4288 lsssd·

95 4324 145 4360 ⁸⁰⁰·
164 4306 276 4367 ‘mm‘
539 4360 543 4367 ·
748 4327 805 4390 Cap.
826 4328 853 4376 ll.
891 4319 1230 4389 daummenschen.

147 4393 174 4458 2)
192 4389 400 4463 ὑπερφρονοῦσι
417 4395 445 4454 u,
470 4390 664 4465 ὑπερφρονοῦ-
749 4395 777 4458 2)
795 4396 806 4444 1
826 4395 890 4443 Suo.
911 4392 936 4452 ³,
954 4391 996 4442 20.
1013 4388 1039 4446 9,
1055 4384 1079 4434 9.
1101 4385 1140 4438 19.
