2886 4882
204 243 265 307 358
401 238 651 299 mmmus,
672 237 806 295 lemn.
833 238 862 293 X.
885 235 927 292 XI.
947 235 1002 292 XI!
1024 233 1092 293 Xffl.
1115 232 1181 289 ΧΙλ*

204 408 276 466 σιων
295 400 345 463 παλ
366 400 436 463 τῶν·
456 395 577 479 πόλεων,
599 395 687 462 καλ’
669 414 744 477 οψιν
764 396 879 476 ἐκείνην
900 395 982 499 ίδεῐν
993 393 1042 455 καλ
1059 397 1150 454 καλοῦ
1166 387 1294 471 νάματος
1309 389 1384 455 ἄπο·

203 491 309 548 λοῦσαι
330 483 446 589 ῥέοντος
465 489 549 589 της
538 483 651 548 ἐκείνου
670 479 812 589 χλάττης
843 476 931 552 αιἰτὸς
951 474 987 540 τά
1006 473 1198 581 16006¹f⁰m
1227 483 1384 557 παραινῶν

205 564 344 647 εἶχεσθαι
363 565 438 669 ῦπίρ
458 573 550 629 αυτοῦ
569 564 681 640 πάντας
702 564 795 646 ἠξίου,
817 561 889 626 ὥστε
910 560 960 624 διὰ
980 568 1038 623 τῶν
1052 562 1166 663 θηρίων
1180 566 1292 621 θᾶττον
1312 557 1383 622 ἇνα-

205 657 292 713 λῦσαι
307 647 419 734 πρδς
392 674 443 712 τον
453 648 640 731 ποθούμενον
656 651 706 713 καλ
716 674 756 711 τω
742 648 881 710 ’ἐκείνου
896 648 971 708 θείω
986 665 1132 730 προσωπῳ
1149 644 1383 723 ἐμφανισθῆναι

289 808 333 868 xl.
375 796 470 882 Ορων
490 800 522 863 δέ
542 827 591 864 και
581 802 677 863 λίαν
696 794 806 871 αὐτοὺς
824 793 996 903 περιπαθῶς
1015 796 1147 897 ἔχοντας
1149 819 1198 856 και
1188 794 1309 900 ρίονελ
1328 801 1384 873 τῆς

209 885 323 949 ίκείνον
348 890 461 991 ψιχῆς
410 825 704 990 Μίκκρεμαμένρνς
724 882 773 943 καλ
795 883 898 960 ζημίαν
915 877 952 942 06
974 875 1106 985 φορητέχν
1126 873 1309 980 ηγονμένοις
1330 876 1384 940 τὸν

208 963 352 1049 χωρισμὸν
370 966 461 1030 αὐτοῦ
481 968 531 1030 καλ
550 965 601 1073 166
623 965 765 1040 θάνατον,
786 966 884 1037 δείσας
904 987 934 1025 τε
955 964 1004 1025 καὶ
1024 963 1089 1039 περὶ
1109 967 1168 1023 τῶν
1189 961 1267 1045 6616
1288 957 1383 1065 Ῥμίμη

209 1057 335 1125 πιστῶν,
356 1048 397 1130 μὴ
417 1051 468 1115 καλ
495 1047 579 1114 αῦτολ
605 1050 819 1153 παραπλησίως
843 1047 1023 1120 διατεθέντες
1051 1042 1106 1108 οῦκ
1134 1042 1281 1119 άιέξονται
1310 1046 1385 1107 ι’δεῖν

210 1132 301 1198 αὐτὸν
327 1099 514 1236 ἐκδιδόμενον
540 1142 602 1208 τοῖς
635 1135 770 1233 θηρίοις,
803 1128 875 1192 άλλὰ
895 1138 1001 1234 χεῖρας
1030 1125 1206 1201 άντιπάλοος
1234 1135 1297 1232 τρῖς
1323 1128 1385 1190 ἐπι-

209 1218 431 1300 τετραμμμένοις
451 1214 505 1297 τίχν
526 1219 641 1281 ἐειδοσιν
663 1212 835 1315 ἐπιβάλωσι,
857 1238 906 1276 και
926 1211 980 1315 τὴν
1011 1214 1203 1316 διανοιχεῐσαν
1230 1209 1310 1293 αὐτῷ
1330 1217 1385 1312 τοῦ

209 1302 369 1403 μαρτυρίου
388 1303 521 1364 κλιίσωσι
535 1299 649 1405 θῦραν,
670 1301 743 1402 ἐγνρ
763 1294 838 1379 πρὸς
858 1293 965 1371 αῦτοῦς
986 1293 1194 1372 ἐπιστεῖλαι,”
1170 1315 1241 1357 ωσιε
1255 1297 1304 1357 καὶ
1318 1292 1386 1358 τοῦ·

210 1408 279 1457 τους
306 1381 434 1499 άπέρ’
399 1390 489 1447 αυτοῦ
519 1382 670 1489 ερχεσθαι,
701 1379 741 1490 μη
769 1378 1033 1489 ἐμποδισθῆνιχι
1005 1404 1057 1442 τον
1085 1376 1194 1459 δρόμον
1221 1376 1301 1484 αιἰτρι
1331 1386 1387 1459 τῆς

210 1463 381 1547 οἰθλήσεως,ι
403 1464 474 1530 άλλά
501 1466 551 1530 διά
579 1474 638 1530 τῶν
664 1468 795 1571 θηρίων,
824 1462 919 1542 ὥσπερ
942 1465 1066 1568 εἴρηται,
1098 1468 1207 1524 θᾶττον
1239 1463 1312 1543 πρὸς
1333 1460 1386 1524 τὸν

210 1548 355 1655 ἐρώμενον
374 1547 514 1614 άναλῦσαι
525 1547 724 1631 δεσπότην.”
720 1552 811 1627 Αξιον
825 1547 856 1610 δέ
873 1544 969 1610 καλ’
934 1553 1025 1627 αντῆς
1039 1547 1150 1626 ἐκείνης
1166 1546 1385 1627 ἐπιμνησθῆναι

211 1640 264 1714 τῆς
283 1633 435 1714 ἐπιστολῆς
455 1631 576 1716 ἐχούσης
596 1635 644 1698 ἐπλ
664 1633 711 1709 λέξ
696 1636 768 1709 ξεως
789 1629 890 1706 οῦτως.

296 1789 350 1844 ΧΙΙ.
388 1778 575 1863 Ἰγνάτιος,Γ
556 1807 573 1845 ο
595 1807 646 1846 και
635 1780 820 1864 Θεοφόρος,
833 1780 990 1850 ἐπίσκοπος
1009 1803 1062 1858 της
1073 1777 1105 1839 ἐν
1122 1773 1282 1882 Ἀντιοχείᾳ
1300 1774 1386 1860 άγίας

211 1867 264 1923 τοῦ
284 1867 359 1923 θεοῦ
379 1861 540 1940 ἐκκλησίας,
561 1870 597 1948 τῇ
598 1863 769 1968 ἠλεημίνχ“
791 1861 1036 1966 ἐνμεγαλειότητι
1056 1857 1166 1942 πατρὸς
1182 1841 1316 1937 ῦψίστου,
1335 1863 1386 1923 καλ

212 1943 339 2025 Κυρίου1
358 1939 455 2021 Ἰησοῦ
484 1950 612 2024 Χριστοῦ
632 1972 686 2009 τον
705 1969 809 2048 μονον
836 1946 905 2007 νιοῦ
926 1942 1018 2005 αὐτοῦ
1028 1944 1194 2050 ,ἐκκλησία
1212 1941 1386 2049 ἠγαπημένη

212 2025 262 2089 καλ
273 2025 489 2131 πεφωτισμίνη
509 2028 541 2089 ἐν
560 2030 614 2112 66³
640 2027 782 2109 θελήματι
811 2034 863 2090 τοῦ
883 2023 1064 2106 θελήσαντος
1090 2025 1126 2089 τὰ
1146 2028 1256 2103 πάντα,
1285 2053 1304 2088 α
1287 2025 1384 2090 “ἐστι

212 2104 286 2171 κατὰ
289 2104 451 2255 ιἰγάπηνίο
443 2105 540 2213 Ἰησοῦ
570 2091 702 2217 Χριστοῦ
727 2118 780 2175 τοῦ
809 2117 884 2174 θεοῦ
905 2108 1002 2190 ἡμῶν·
1033 2109 1098 2186 ἣτις
1126 2112 1175 2173 καλ
1201 2079 1387 2192 πράκάθηται

212 2189 297 2253 ἐν’
264 2216 345 2277 τοπςο
364 2192 451 2297 χοιρίο
452 2217 471 2254 ο
491 2189 693 2273 Ῥωμαίων·
682 2222 720 2278 ην
739 2196 790 2260 καλ
811 2192 973 2297 ἀσπάζομαι
1003 2191 1068 2256 ἐν’
1055 2192 1175 2274 ονόματι
1191 2193 1287 2274 Ἰησοῦ
1312 2200 1385 2276 Χρι-

212 2281 290 2352 στοῦ,
312 2300 386 2338 κατα
406 2271 499 2358 σάρκα
519 2280 569 2341 καλ
589 2285 703 2360 πνεῦμα
723 2276 874 2387 66666666
894 2275 974 2364 πάση
995 2276 1150 2365 661066'
1115 2285 1215 2354 αυτοῦ,
1235 2283 1384 2358 πεπληρω-

212 2358 303 2440 μίνην
328 2356 444 2442 χάριτος
463 2367 549 2436 θεοῦ
568 2363 600 2426 ἐν
621 2369 738 2450 Χριστῷ
754 2361 900 2448 Ἰησοῦ
872 2368 912 2424 τοῦ
934 2368 997 2425 θεεδ
1017 2341 1154 2444 χαίρειν

291 2464 375 2530 Ἐπεὶ
395 2464 550 2548 εὐξάμενος
570 2478 634 2557 θεῷ
655 2471 791 2552 ἐπὲτιχον
813 2465 926 2573 ἰδεῖν
905 2475 989 2575 ημῶν
1010 2466 1044 2530 τά
1066 2467 1220 2545 ἇξιοθέοτα
1232 2464 1383 2549 πρόσωπα,

213 2549 364 2652 δεδεμένος
385 2550 416 2614 66
439 2557 555 2659 Χριστῷ
573 2534 671 2636 Ἰησοῦ
692 2550 836 2654 ἐλπίζω’
816 2559 892 2635 νμῦς
908 2549 1119 2627 6666665606,⁴
1135 2550 1186 2615 ἐάν
1200 2577 1254 2654 περ
1269 2553 1384 2656 θέλημα

213 2637 264 2694 τοῦ
285 2640 361 2697 θεοῦ
381 2624 401 2720 6
422 2640 475 2698 τοῦ
496 2618 662 2737 ρἰξίιοθῆναί
682 2660 717 2715 με
737 2637 787 2699 καὶ
808 2637 864 2736 είς.
869 2632 1006 2708 τέλος”
969 2658 1062 2706 ουτως
1083 2602 1163 2697 είναι.
1203 2631 1240 2695 ‘H
1260 2635 1312 2712 μὲν
1330 2633 1384 2736 γάρ

213 2711 331 2794 εῦχὴ’
297 2713 526 2819 ευοικονάμητός
555 2718 645 2793 ἐστιν,
673 2718 725 2780 ἐάν
745 2741 799 2796 περ
827 2721 880 2796 τῆς
905 2713 1037 2818 χάριτος
1040 2712 1180 2814 ἐπιτύχω,
1203 2713 1254 2818 τδρ
1275 2717 1386 2819 κληρόρ

211 2819 269 2899 μρυ
279 2793 505 2901 ἀνεμποδίστως
532 2769 697 2901 66066666.
741 2800 895 2904 Φοβοῦμαι
923 2821 978 2880 χαρ
1006 2793 1059 2875 τὴν
1088 2793 1170 2898 6666
1199 2792 1322 2878 ἀγάπην,
1316 2796 1385 2906 ,μλχ

212 2873 507 3029 6666666'66
528 2876 846 3043 6666266
865 2878 924 3042 66
940 2874 1332 3042 66⁶66.66‘1.‘..f“⁰‘
1353 2884 1385 2946 ⁶⁸

295 3120 362 3180 xm.
408 3108 454 3175 06
477 3107 532 3217 χάρ
560 3107 697 3188 θίλω,’
647 3117 779 3216 ,υμᾶς
776 3107 1074 3213 άνθρωποχρεσκῆσαι,
1096 3109 1172 3215 6666
1189 3119 1251 3199 θεῷ
1274 3110 1383 3196 ἇρὲσαι,

213 3191 310 3275 ὥσπερ
340 3190 377 3274 66
406 3195 455 3256 καλ
484 3190 623 3301 ρἰρίσκετε.
669 3198 714 3257 οο
724 3191 800 3311 χάρ
831 3190 887 3297 666
908 3189 993 3299 άλλορ
1015 3193 1068 3301 ἔξω
1088 3193 1202 3299 καιρόν
1220 3221 1289 3259 ποτε
1310 3205 1384 3260 θεοῦ

213 3274 369 3380 ἐπιτυχεῖν,
392 3273 459 3341 οῦτι
478 3273 567 3359 ὑμεῖς.
606 3271 679 3340 Ἐάν
700 3267 765 3343 οῦνι
777 3273 951 3381 σιωπησητε
972 3273 1014 3340 άπ
1017 3276 1130 3359 ’ἐμοῦ
1152 3276 1207 3386 ἐχώ
1228 3278 1385 3364 γενήσομαι

213 3365 301 3421 θεοῦ·
332 3356 385 3422 ἐάν
405 3358 437 3423 δέ
459 3359 602 3443 ἐρασθῆτε
622 3368 675 3442 τῆς
695 3357 803 3444 σαρκός
823 3386 889 3442 μου,
908 3355 996 3423 πάλιν
1018 3363 1119 3444 ἐσομαι
1139 3363 1250 3465 τρέχων.
1288 3363 1385 3467 Πλέρν

213 3439 246 3503 δέ
272 3465 320 3523 μοι
328 3440 531 3551 παράσχεσθε
558 3447 774 3550 σπορδισθῆχοι
797 3451 876 3553 θεῷ,
906 3441 945 3518 οῦς
964 3445 1018 3506 ἐντ’
1039 3444 1286 3527 θοσιαστήριον”
1269 3444 1385 3592 ετριμόν

213 3523 344 3603 ίστιν,”
330 3550 377 3590 ινα
397 3527 429 3591 ἐν
450 3553 547 3616 αχαπρ
568 3526 653 3612 χορὸς
673 3525 823 3632 γενόμενοι
835 3510 929 3634 ᾅσητε
957 3534 998 3589 τεῦ
1027 3531 1122 3632 πατρὶ
1142 3530 1173 3592 ἐν
1197 3535 1384 3612 Χριστῷ]-

213 3612 283 3685 σοῦ,
303 3603 360 3714 '66
368 3607 419 3673 τδν
440 3610 599 3677 ἐπίσκοπον
600 3607 770 3717 .Σηρίας’
752 3636 769 3675 ο
790 3592 863 3687 θεὸς
883 3592 1057 3691 κατηξίωσεν
1083 3609 1248 3718 εὖρεθηναι
1271 3615 1312 3690 είς
1335 3616 1384 3678 δυ-

213 3710 275 3797 σιχ,
304 3688 364 3756 άπὸ
392 3690 535 3799 66610663
562 3702 665 3759 τοῦτον
692 3692 959 3801 μεταπεμψάμενος.
1015 3692 1114 3757 Καλὸν
1144 3694 1177 3760 τὸ
1206 3695 1340 3759 δῦναι’
1325 3695 1383 3762 απὸ

215 3771 326 3855 κδσμον
346 3773 421 3858 πρδς
444 3775 533 3855 θεὸν,
555 3804 604 3842 ινα
625 3775 735 3853 είς”
699 3775 790 3842 αυτὸν
807 3776 1006 3857 ἇνατείλωμεν.

297 3931 361 3990 XIV.
407 3922 553 3990 Οῦδίποτε
583 3925 760 4033 ἐβασκηνρτε
780 3924 895 4005 οὐδενί,
926 3924 1031 4000 ἄλλους
1059 3922 1213 4004 ἐδιδάξατο.
1251 3925 1330 4031 Ἐχά
1352 3928 1384 3993 δέ

213 4007 336 4084 θέλω,”
321 4033 369 4070 ινα
391 4005 510 4075 κδκεῖνα
528 4001 729 4098 6666166,u
710 4037 730 4074 α
751 4007 965 4092 μαθητεάοντες
986 4008 1158 4077 ἐντίλλεσθε.
1203 4012 1313 4078 Μόνον
1334 4038 1383 4094 μοι

265 4243 293 4308 9)
313 4246 434 4296 τῶνοω.
454 4245 480 4293 Ε.
864 4245 922 4362 6:66
943 4246 990 4296 xn.
1028 4247 1051 4311 1)
1076 4245 1228 4320 ηλειμμένη
1254 4263 1303 4297 νοτ.
1329 4247 1384 4299 lect.

265 4372 322 4438 Cap.
343 4377 380 4427 xl.
416 4378 441 4443 l)
460 4373 604 4444 διοκήσεως
621 4377 648 4427 Ε.
813 4329 851 4375 Ρ
864 4378 891 4443 2)
909 4380 1005 4449 κυρίου
1022 4394 1068 4430 om.
1085 4380 1132 4445 ΑΕ,
1150 4380 1184 4431 uti
1202 4380 1262 4434 cod.
1281 4380 1384 4432 colber-

145 4500 354 4594 Α
