2886 4882
128 239 188 303 146
299 236 426 299 tuderti
447 236 611 297 sttsrots
630 237 673 294 att
695 235 894 295 atauusttts.
921 235 976 292 vtt.
996 232 1064 291 Vili.
1086 232 1128 291 tx.

127 423 174 474 τες
194 390 249 464 οὖν
269 395 310 472 οἷς
331 397 373 471 εἰς
394 396 483 474 [ἕναΓ
504 391 578 459 ναὸν
598 394 772 477 σνντρέχετε”
798 397 884 470 Θεοῦ,
904 390 944 469 οός
965 392 1067 457 inii-e
1082 387 1306 474 θυσιαστήριον,

128 478 169 558 σός
196 483 244 546 irai
273 481 325 546 ἕνα
338 478 454 561 Ἰησοῦν
477 475 623 562 Χριστόν,
647 476 700 543 τόν
729 475 783 558 ἀφ’
815 476 881 554 ἑνός
905 474 1016 558 πατρὸς
1036 474 1235 559 προελθόντα,
1255 476 1307 538 καὶ

129 568 171 642 εἰς
191 566 244 631 ἕνα
264 562 335 630 ὄντα
357 564 406 628 καὶ
425 560 626 647 gorpeiouuro.¹⁰

345 737 412 795 vin.
456 740 554 796 Cavete
575 756 594 796 ο
613 739 696 812 sutria
717 738 850 796 doctrinis
871 735 1089 794 iudoirontium.

216 845 273 930 Μῆ
296 848 458 911 πλανᾶσθεῙ
481 854 545 920 ταῖς
559 844 762 928 ἕτεροιλοξλαις9
777 842 849 925 μηδὲ
864 841 1061 949 ηιυθεόμασιν8
1080 848 1141 916 τοῖς
1161 847 1306 917 παλαιοῖς,

131 929 309 1012 ιἰνοιφελὲσιν
338 922 431 994 οὖσιν.
474 931 517 992 Εἰ
541 925 595 1014 γὰρ
622 929 715 1012 pigot*
731 935 785 993 νῦν
806 953 879 991 κατα
902 925 1032 1008 [νόμονΓ
1050 922 1233 1006 ’Iovisiouis’
1255 930 1306 1001 ζῶ-

129 1041 199 1124 μενι
227 1014 424 1122 ὅμολογοῦγεν
452 1011 535 1096 χάριν
563 1010 603 1094 μῆ
631 1013 790 1093 εἰληφέναι,
836 1012 876 1074 Oi
901 1009 956 1095 γὰρ
983 1007 1131 1075 θειότατον
1158 1017 1308 1092 προφῆται

128 1126 204 1165 κατα
226 1096 354 1182 Χριστόν
379 1103 488 1178 Ιησοῦν
507 1097 632 1177 λ’ζησαν.ὅ
674 1093 734 1159 Διὰ
755 1101 840 1159 τοῦτο
861 1096 908 1157 noti
932 1091 1131 1176 ἐδιώχθησαν,
1154 1093 1306 1174 ἒνπνεόμε-

130 1187 190 1249 vot*⁵
220 1181 279 1247 ὖπό
309 1188 361 1264 τῆς
389 1179 504 1264 χάριτος
525 1177 633 1256 αὐτοῦ,
655 1181 697 1254 εἰς
717 1178 750 1243 τὸ
771 1185 1038 1261 πληροφορηθῆναι
1057 1175 1126 1251 τοὺς
1147 1173 1306 1241 ἆπειθοῦν-

129 1293 197 1347 τας,
218 1266 262 1331 ὅτι
284 1261 325 1341 εἷς
349 1263 425 1339 Θεός
445 1265 537 1339 ἐστιν,
561 1259 579 1327 ὅ
599 1261 770 1347 φανερώοας
791 1259 896 1326 ἑαυτὸν
916 1259 965 1324 διὰ
982 1260 1079 1343 Ἰησοῦ
1102 1266 1232 1344 Χριστοῦ
1252 1269 1306 1324 τοῦ

131 1353 199 1415 υἱοῦ
222 1349 329 1426 αὐτοῦ,
352 1347 386 1431 ὅς
407 1349 484 1412 ἐστιν
505 1345 596 1410 αὐτοῦ
616 1344 716 1431 Λόγος
737 1344 841 1424 didiae,
862 1343 917 1409 οὐκ
937 1343 995 1410 ἀπὸ
1017 1347 1120 1430 Σιγῆςτ
1142 1342 1305 1429 προελθών,

131 1431 166 1511 ὃς
185 1432 258 1498 κατὰ
279 1430 375 1498 πάντα
395 1430 583 1515 εὖηρέστησεν
600 1437 640 1519 τῷ
661 1431 808 1513 πέμψαντι
829 1427 926 1495 αὐτόν.

500 1606 543 1667 ΙΧ.
590 1608 720 1667 Vioomus
742 1623 805 1664 eunt
825 1606 938 1663 Christo.

216 1718 258 1779 Et
284 1707 339 1779 οὖν
363 1716 395 1779 οἱ
421 1714 454 1778 ἓν
473 1721 608 1788 παλαιοῖς
631 1711 805 1798 ιτρόγγιασιν1
826 1708 1056 1796 ἆναστραφὲντες
1082 1717 1124 1793 εἰς
1150 1718 1308 1803 καινότητα

130 1798 246 1875 ttutdoc
274 1791 371 1880 ἦλθον
381 1798 404 1875 ,²
432 1799 533 1879 μηκέτι
562 1800 797 1878 σαββατλζοντες,
825 1792 897 1859 itti
923 1795 997 1861 κατὰ
1017 1799 1161 1883 κυριακῆν
1182 1806 1307 1882 trior&

183 2051 211 2116 λ)
227 2053 261 2101 ita
283 2051 364 2100 iocum
386 2065 472 2100 sanare
495 2050 579 2100 noiant
597 2051 703 2113 Vossius,
739 2047 843 2111 gendum
869 2045 1132 2113 οοεοι,’1οοδα·ι“αὸν,
1159 2053 1195 2103 vei
1224 2056 1306 2119 potins

133 2118 241 2183 Toupitrs
267 2127 290 2168 et
307 2117 454 2168 iacobsonus
473 2134 500 2169 ex
520 2127 565 2169 tet.
583 2120 639 2180 int,
665 2120 703 2169 cni
737 2112 810 2166 κατὰ
827 2109 916 2184 νόμον
926 2112 1105 2186 Ἰονδαϊσμοῡ
1125 2122 1224 2191 ζῶμεν.
1256 2125 1306 2174 Sed

133 2187 196 2236 iavet
209 2187 271 2236 inm
282 2187 354 2235 Deest
365 2182 438 2256 [ἕνα]
451 2186 543 2236 inCL.
566 2187 702 2237 Maluerim:
737 2198 785 2232 non
804 2190 871 2246 puto.
906 2183 1008 2233 Omnino
1031 2200 1110 2237 uerum
1136 2197 1173 2238 est
1189 2191 1305 2252 ignatium

132 2248 247 2311 Πάντες
268 2242 319 2305 οὖν
340 2249 378 2310 ὠς
406 2257 445 2310 εἰς
470 2251 519 2305 ἐπὶ
542 2252 612 2305 ναὸν
639 2269 703 2306 συν·
735 2250 863 2314 scripsisse
882 2247 955 2300 κατὰ
972 2247 1060 2321 νόμον
1073 2255 1171 2322 ζῶμεν.
1207 2255 1307 2327 Νόμος

131 2321 244 2388 τρέχετε
274 2321 359 2382 Θεοῦ,
394 2329 420 2370 nt
451 2321 519 2371 vertit
550 2321 702 2372 Hoistenins:
735 2317 876 2382 specialiter
892 2319 916 2366 in
942 2327 1047 2369 tetentm
1065 2320 1253 2374 Christianorum
1275 2325 1305 2374 ti-

132 2402 212 2438 maee
232 2391 303 2451 igitur
321 2388 352 2437 od
369 2391 532 2439 iustoruru'as
551 2391 702 2454 intemptent
736 2386 786 2435 hris
811 2384 928 2447 accipitur
958 2401 1003 2450 pro
1031 2386 1083 2450 lege
1109 2390 1191 2441 iiosis.
1234 2393 1304 2451 Quod

132 2455 177 2506 dei
189 2457 327 2506 concurrite.
363 2455 390 2504 ld
407 2456 453 2505 sibi
471 2456 521 2506 vnit
532 2457 702 2520 interpolator.
736 2468 789 2503 cum
809 2452 929 2502 nescirent
945 2453 985 2504 isti
1003 2455 1119 2517 magistri,
1138 2459 1178 2521 qui
1190 2460 1304 2522 Ignatinm

183 2524 210 2586 ῖ)
231 2525 264 2574 ita
283 2524 351 2572 voss.
370 2538 390 2573 c.
407 2523 440 2584 L,
466 2525 615 2587 approbante
639 2540 701 2574 nunc
736 2521 904 2585 depravarunt,
916 2521 1018 2571 aitemm
1030 2523 1170 2586 proGlossa
1182 2527 1305 2577 addidere.

132 2589 203 2639 etiam
221 2591 253 2653 C;
279 2591 431 2659 σονέρχεθε
451 2591 586 2652 Saitinius,
613 2593 653 2657 qui
672 2592 702 2642 ad
739 2589 841 2639 tautae.
879 2587 928 2639 Cir.
948 2589 1306 2652 ἱολτοα.10,ιιΙιίοεῑιιατὰ

133 2670 199 2706 oram
229 2658 326 2721 reponit
350 2659 528 2727 συνέρχεσθε.
555 2660 626 2710 Bone.
654 2659 702 2709 Cir.
735 2652 954 2726 γριστιανισμὸν
979 2656 1032 2719 toa.
1074 2659 1100 2707 ¹11
1130 2668 1232 2726 *titoque
1262 2664 1305 2712 its.

133 2722 177 2786 Ep.
192 2724 222 2772 ad
240 2725 302 2786 Epir.
321 2740 341 2774 a.
359 2724 383 2774 3.
402 2733 425 2774 et
445 2725 482 2776 1³.
736 2720 808 2774 κατὰ
826 2718 858 2773 νό
883 2738 915 2773 ον
932 2719 1101 2801 λοοδαῒσγιὸν
1119 2727 1216 2796 ζῶμεν.

186 2791 212 2853 9)
233 2787 295 2840 ἐπεὶ
318 2792 349 2851 C,
379 2791 442 2840 idem
465 2791 553 2855 Heysio
578 2791 704 2841 videbatur
787 2791 848 2850 5)λ
892 2803 958 2838 oram
986 2789 1083 2840 Codicis
1115 2792 1132 2840 C
1162 2811 1225 2843 man.
1254 2813 1304 2846 ser.

136 2864 215 2907 extare
235 2857 258 2906 in
277 2858 309 2917 t;
327 2855 376 2907 ἐπὶ
393 2859 558 2921 apographum
576 2857 703 2908 ttotstcnit.
737 2855 810 2908 κατὰ
822 2854 943 2925 χριστὸν
961 2855 988 2906 ολ
1006 2859 1149 2927 προφῆται
1166 2858 1273 2925 ἔζησαν.
1367 2867 1369 2871 “

186 2925 227 2986 10)
241 2919 413 2994 χωρήσαντα
436 2926 468 2984 L,
489 2926 654 2992 χωρίσανιοι
676 2926 702 2975 C.
788 2926 814 2987 6)
832 2919 1095 2993 inscriptiones
1110 2928 1135 2977 t.
1149 2927 1302 2997 Edddpanr.

134 2990 152 3040 i.
170 3006 190 3040 e.
209 2990 278 3040 simui
306 3006 359 3040 eum
383 3007 411 3041 eo
431 2998 562 3041 versantem
581 3000 604 3042 et
622 2993 703 3043 consi-
786 2993 813 3057 t)
841 2992 1113 3055 tgnatiano-nasttges
1148 2997 1303 3057 contendunt,

134 3064 243 3108 stentem.
279 3058 327 3107 cn.
351 3059 452 3108 Hermae
477 3059 540 3108 Past.
564 3075 626 3109 nune
651 3061 702 3124 pri·
737 3059 788 3109 iicri
823 3059 861 3107 hic
892 3060 1037 3110 mentionem
1069 3062 1156 3129 Σιγῆς
1186 3063 1302 3114 Valentini

134 3139 197 3175 mum
223 3126 324 3174 anobis
348 3126 437 3175 editum
457 3127 514 3176 Sim.
532 3128 561 3186 5,
580 3129 602 3176 tt.
638 3128 702 3176 Bon·
737 3127 860 3187 Gnostici,
889 3133 913 3176 et
937 3126 993 3176 inde
1016 3144 1147 3193 apparere,
1176 3131 1303 3194 epistolam

132 3193 192 3241 senii
213 3193 349 3243 coniectura
376 3201 413 3242 est
438 3192 484 3244 καλ
509 3194 550 3252 εἰς
566 3191 614 3247 ἕνα
634 3193 703 3246 ἀνα·
735 3202 906 3244 nostrumnon
935 3195 965 3243 ab
982 3196 1073 3258 ignatio
1097 3213 1151 3247 esse
1178 3209 1304 3249 exaratam.

127 3256 306 3324 χωρήσαντα.
736 3261 891 3325 Respondent
915 3261 985 3312 dotet.
1004 3261 1053 3327 (ad
1070 3265 1093 3313 h.
1119 3265 1152 3329 Ι.)
1172 3267 1304 3316 Peoreoons

737 3328 839 3392 (vindic.
859 3329 884 3377 P.
902 3329 929 3378 tt.
950 3345 970 3378 c.
988 3331 1011 3379 λ.
1028 3332 1093 3394 sqq.)
1113 3340 1136 3380 ct
1156 3333 1225 3381 iiotite
1241 3335 1303 3398 (dni.

186 3392 243 3457 Cap.
262 3395 318 3443 i'lli.
357 3393 383 3460 1)
405 3396 568 3448 πλανᾶσθαι
589 3395 646 3446 et.
735 3411 759 3460 p.
779 3395 849 3459 tto.)
867 3397 982 3458 Ignatium
1002 3398 1103 3447 dixisse:
1129 3398 1237 3448 Christus
1267 3411 1302 3448 est

185 3458 212 3522 2)
232 3460 351 3511 Haereat
370 3464 475 3513 secunda
495 3462 701 3526 ituittslipistoinc
735 3463 832 3513 uerbum
852 3463 894 3512 Dei
917 3471 1037 3512 aeternum
1062 3464 1126 3527 quod
1152 3481 1199 3512 non
1226 3466 1303 3515 instar

134 3540 204 3591 pars,
223 3542 268 3591 qna
287 3544 330 3577 eos
348 3531 448 3580 manime
466 3531 600 3594 praemunit
618 3539 701 3580 contra
735 3530 831 3581 hnmani
860 3529 978 3578 sermonis
996 3531 1245 3594 poenitententiae
1265 3537 1300 3582 si-

135 3594 284 3655 Easretieos,
296 3612 339 3645 eos
354 3598 491 3661 praecipue,
504 3597 544 3661 qui
558 3597 701 3648 Iudaismum
736 3599 805 3647 tentio
824 3596 989 3661 progreditur,
1008 3612 1056 3645 non
1073 3598 1154 3646 ineatur
1173 3606 1209 3647 est
1226 3600 1301 3648 siten-

133 3660 287 3712 introdueere
316 3665 479 3725 conabantur,
521 3673 605 3714 ronuu
639 3682 700 3730 qnos
735 3665 800 3723 tium,
827 3663 871 3713 sod
896 3670 1022 3712 ueternum.
1059 3664 1136 3713 stnttt
1156 3667 1229 3716 modo
1263 3684 1300 3716 am

134 3727 199 3779 clare
217 3738 240 3778 et
257 3744 369 3793 expresse
387 3733 500 3796 disputat.
535 3734 609 3782 Erant
622 3742 700 3782 nutem
733 3729 847 3795 interpoi.
869 3729 932 3779 hurtc
957 3730 1037 3780 locum
1056 3731 1177 3796 explicuit.
1211 3735 1260 3784 Sed
1276 3737 1300 3783 in

134 3810 162 3846 sa
187 3803 328 3860 tempestate
353 3798 384 3858 ii,
416 3799 455 3863 qui
480 3800 587 3849 Divinam
612 3800 700 3850 Christi
734 3797 1300 3865 tamosoiibroHippolytinuperdeteeto,quod

133 3871 241 3915 naturam
259 3863 390 3926 negabant,
407 3875 433 3916 ut
451 3866 590 3926 Ebionitae,
616 3867 700 3917 Cerin-
734 3865 794 3915 saise
812 3863 922 3927 (trigenis
946 3865 1165 3930 Philosophnmena
1188 3868 1299 3917 inscribi-

132 3931 216 3993 titiani,
232 3933 353 3993 Nazaraei,
373 3941 396 3982 et
415 3933 544 3984 Heinaitae.
583 3935 700 3984 Vidvin—
734 3942 772 3983 tur
794 3933 880 3996 (Oxou.
907 3932 1006 3994 tantu,
1029 3935 1185 3996 fragmentum
1211 3949 1238 3984 en
1266 3936 1299 3998 τῆ

132 3999 209 4051 dicias
226 3999 301 4062 lgnat
320 4013 344 4062 p.
355 4001 396 4050 55.
413 4001 450 4063 (P.
463 4000 498 4064 2.)
516 4000 624 4051 Peorron.
652 4001 700 4051 Cir.
728 3994 881 4068 Ἀποφάσει
898 3995 1007 4117 γεγάλη
1022 4001 1127 4050 Simonis
1141 4002 1200 4063 Magi
1218 3987 1299 4050 serra'-

131 4065 303 4127 Ddsterdieck,
327 4067 357 4116 de
370 4068 544 4130 lgnatianarum
562 4068 636 4131 Epist
656 4084 699 4119 an·
734 4076 783 4118 tum
799 4075 836 4117 est
852 4068 887 4128 ip.
911 4067 963 4129 tt.)
976 4084 989 4116 ο
1002 4083 1051 4132 quo
1065 4067 1118 4117 inco
1137 4068 1225 4117 otarius
1242 4084 1300 4131 per-

130 4132 221 4185 thsrrtie
238 4148 262 4197 p.
280 4135 321 4185 55.
334 4149 389 4199 sqq.
732 4134 847 4199 spicimns
859 4133 980 4183 Simonem
991 4134 1014 4184 in
1035 4143 1164 4198 systemate
1181 4151 1225 4185 suo
1239 4151 1299 4198 gno-

183 4200 211 4330 33
229 4198 277 4251 cn.
295 4201 305 4250 i
322 4202 381 4251 Tim.
401 4202 422 4263 i,
440 4202 464 4252 t.
481 4202 506 4263 4,
519 4200 543 4250 t.
561 4202 606 4252 tit.
628 4202 648 4262 i,
660 4203 698 4253 li.
731 4202 793 4252 stieo
812 4201 917 4267 primum
938 4201 1017 4251 iocum
1043 4201 1138 4252 dedisse
1162 4203 1196 4273 τῆ
1218 4205 1300 4320 Σιγῆ,

182 4268 198 4317 t
227 4267 296 4331 Legit
321 4269 441 4333 interpres
473 4267 545 4319 κατὰ
578 4265 698 4320 Ἰονδαῒ-
732 4286 792 4334 qnae
819 4282 873 4318 oum
891 4263 980 4335 Bdap
999 4268 1115 4318 Valentini
1139 4284 1299 4334 comparans

131 4327 214 4459 κᾶν.
251 4335 282 4385 Et
296 4344 361 4387 certe
375 4337 434 4387 itaer
447 4336 520 4386 isetio
533 4336 589 4386 terri
607 4344 696 4400 potest.
730 4345 774 4388 est.
800 4335 912 4398 Legimus
930 4336 963 4385 ibi
979 4350 1003 4400 p.
1018 4336 1073 4387 tta.
1091 4336 1164 4404 λέγει
1182 4335 1237 4405 γὰρ
1248 4340 1300 4390 Σί-

170 4398 203 4451 σᾶ
219 4399 241 4449 si
263 4399 296 4453 τὸ
315 4401 411 4474 νόμον·
428 4403 532 4456 abiicere
555 4402 635 4466 nolis,
659 4403 696 4456 le·
727 4418 793 4476 μιαν
815 4400 973 4475 διαρρήδην
998 4403 1065 4475 περ)
1086 4400 1187 4459 τούτου
1213 4405 1244 4459 ts
1269 4422 1304 4477 τγ
