2886 4882
255 255 391 316 hunum
412 256 552 316 Pastor.
594 257 692 317 attuit
716 258 759 316 lll.
802 256 934 317 stntttt.
957 251 1000 317 lx.
1020 254 1064 332 (b)
1170 255 1241 322 *557

69 426 206 483 audierint
227 441 286 480 mea
316 424 447 479 mandata.
491 416 626 480 blinimae¹
655 433 743 481 autem
771 432 834 481 sunt
862 441 958 481 eorum
986 427 1184 499 detractiones,
1214 438 1240 487 et

68 511 122 567 cito
153 506 376 583 poenitebuntnr.
420 501 498 576 [Qui]
529 507 663 565 scissuras
692 509 813 566 minores
844 505 957 578 habeut,
984 508 1139 568 huiusmodi
1169 522 1239 582 sunt,

68 593 116 666 qui
139 591 330 658 crediderunt,
353 598 381 646 et
403 589 524 645 intense
547 589 634 663 iurgia
662 589 776 658 babent,
797 596 826 646 ct
846 597 960 664 propter
982 592 1106 664 querelas
1128 610 1192 651 suas
1213 597 1240 652 in

68 675 122 731 lude
144 674 280 747 languent
323 671 377 728 Sed
399 672 476 728 multi
504 688 536 729 ex
558 673 598 728 eis
620 681 735 747 egerunt
762 673 955 746 poenitentiam
977 674 1075 730 auditis
1103 674 1146 733 bis
1167 693 1240 733 mau-

68 758 136 813 datis
156 757 240 823 meis3
264 755 390 830 querelae
405 756 475 811 enim
498 772 593 812 eorum
609 764 672 811 suut
685 755 809 829 pusillae,
832 763 860 812 et
880 757 933 813 cito
947 764 1028 830 agent
1040 757 1240 831 poeniteutiam.

68 840 107 895 illi
130 847 229 908 autem,
252 840 297 912 qui
320 839 438 894 maiores
460 837 560 894 babent
581 838 724 906 scissuras,
748 838 774 893 hi
796 840 1011 912 perseverantin
1027 839 1240 899 detractionibus

68 924 133 991 suis,
155 930 182 979 et
203 922 230 976 in
263 923 303 977 ira
332 938 381 977 sua
411 923 482 977 inter
504 938 534 977 se
563 922 717 994 pertinaces
740 929 809 978 snut.
853 920 884 976 lli
913 938 978 995 erqo
1006 932 1118 980 aturre
1146 924 1240 980 reiecti

68 1014 141 1072 snut,
164 1013 191 1060 et
213 1003 246 1059 ab
269 1005 328 1060 eius
350 1012 487 1060 structura
507 1002 645 1077 reprobati
669 1011 745 1071 snut,
768 1012 797 1060 et
818 1002 929 1060 ditucite
952 1005 1039 1062 vivent
1063 1005 1126 1063 lleo.
1169 1005 1241 1064 {leus

68 1090 140 1144 enim
162 1086 348 1161 llominusque
372 1095 475 1153 noster,
499 1086 653 1143 dominator
674 1087 808 1154 omnium,
831 1087 877 1158 qui
899 1086 981 1144 babet
1002 1096 1163 1162 potestatem
1183 1090 1241 1146 uui·

71 1187 164 1227 versae
188 1178 328 1226 creaturae
351 1186 431 1237 suae,
455 1185 634 1225 commemor
657 1160 840 1226 estollensa'
869 1186 965 1226 eorum
989 1171 1034 1244 qui
1058 1181 1169 1245 peccata
1192 1189 1241 1228 sua

70 1252 252 1315 confitentur,
276 1252 325 1307 sed
347 1253 526 1325 propitiatur,
550 1259 577 1307 et
598 1251 687 1308 adhuc
709 1252 843 1325 propitius
866 1253 906 1308 eis
929 1252 983 1309 liet.
1025 1253 1112 1311 llomo
1143 1263 1240 1325 autem,

69 1352 130 1391 cum
154 1337 188 1391 sit
211 1335 334 1390 mortalis
358 1334 510 1408 plenusque
534 1332 647 1402 delictis,
680 1335 855 1407 pertinaciter
882 1335 984 1393 bomini
1014 1337 1156 1406 irascitur,
1186 1347 1242 1394 tan·

70 1435 149 1490 quam
171 1417 213 1474 vel
236 1434 400 1473 conservare
425 1433 486 1473 eum
516 1417 606 1490 possit
624 1416 666 1473 vel
693 1416 818 1491 perdere.
862 1417 944 1474 Vobis
967 1427 1064 1486 autem,
1085 1421 1241 1495 quicunque

68 1501 119 1556 tale
140 1501 312 1574 propositum
334 1499 449 1568 habetis,
471 1499 531 1555 dico
546 1516 596 1572 ego
618 1501 729 1556 nuntius
749 1501 945 1573 poenitentiae:
968 1501 1096 1575 deponite
1119 1501 1193 1572 illud,
1215 1512 1243 1560 et

69 1583 138 1655 agite
159 1583 363 1657 poenitentiam.
406 1582 438 1637 Et
458 1582 587 1638 llominus
615 1580 776 1639 remediabit
796 1584 888 1656 priora
911 1583 1008 1641 delicta
1028 1592 1134 1653 restra,
1163 1587 1186 1642 si
1208 1585 1241 1643 ab

68 1665 122 1720 hoe
144 1666 286 1739 proposito
301 1665 457 1722 iracundiae
472 1682 520 1722 vos
533 1663 756 1739 purificaveritis3
780 1666 933 1737 alaminus,
956 1667 1063 1742 abipso
1079 1669 1112 1725 ad
1126 1676 1241 1727 mortem

69 1746 219 1804 trademini.

151 1959 189 2033 (a)
209 1963 294 2019 xxiv.
336 1963 373 2019 lte
395 1964 511 2039 septimo
534 1972 623 2021 autem
638 1972 740 2034 monte,
764 1967 975 2039 inquovirides
994 1967 1244 2041 hilaresqucerant
1351 2008 1356 2016 -

67 2044 178 2114 herbae,
200 2055 329 2120 totusque
350 2063 428 2102 mons
451 2045 548 2117 fertilis
571 2055 637 2115 erat,
659 2056 686 2103 et
706 2066 786 2105 omne
802 2066 887 2154 qcuus
903 2050 1039 2124 pecudum
1061 2050 1242 2127 uolucresque

68 2128 135 2185 caeli
156 2130 304 2204 carpebant
326 2128 453 2202 pabulum
473 2130 542 2195 eins,
564 2137 720 2203 quantoque
743 2130 803 2187 illae
834 2132 992 2205 carpebant,
1014 2140 1088 2189 tanto
1112 2133 1241 2191 laetiores

70 2211 172 2268 herbae
195 2210 370 2276 crescebant,
393 2210 548 2266 huiusmodi
571 2218 642 2278 sunt,
664 2213 710 2283 qui
733 2212 925 2281 crediderunt,
952 2213 1090 2286 simplices
1121 2214 1242 2288 bonique

70 2309 194 2366 semper,
235 2293 378 2364 nullasque
414 2291 545 2346 babentes
576 2293 645 2348 inter
675 2308 705 2348 se
734 2294 936 2361 dissensiones,
973 2294 1021 2351 sed
1057 2294 1241 2352 conlaetantes

69 2391 178 2448 semper
200 2374 246 2430 [lei
269 2373 354 2429 servis
377 2373 463 2429 induti
485 2381 549 2428 sunt
569 2374 694 2448 spiritum
708 2382 829 2430 sanctum
847 2375 1099 2451 virginnmbarum,
1121 2392 1242 2450 semper·

69 2474 122 2532 que
152 2456 185 2511 ad
213 2454 428 2512 misericordiam
460 2454 599 2511 hominum
629 2457 764 2530 prompti,
793 2464 821 2512 et
850 2456 884 2512 de
914 2454 1054 2513 laboribus
1084 2459 1141 2514 suis
1169 2460 1242 2516 omui

69 2539 171 2595 bomini
200 2539 259 2594 sine
288 2537 470 2611 improperio,
500 2537 558 2593 sine
589 2537 756 2595 dubitatione
791 2536 950 2596 tribuentes.
994 2538 1122 2598 [lominus
1152 2541 1242 2615 igitur,

70 2638 130 2677 cum
141 2620 251 2676 vidisset
262 2619 461 2694 simplieitatem
475 2636 570 2676 corum
586 2628 613 2677 et
628 2637 735 2677 omnem
752 2620 900 2679 infantilem
913 2621 1095 2681 innocentiam
1108 2623 1241 2697 ipsorum,

69 2704 139 2760 auxit
161 2719 210 2759 eos
240 2704 266 2759 in
295 2702 435 2760 laboribus
464 2719 590 2760 manuum
618 2721 745 2773 suarum,
774 2703 902 2778 deditque
930 2706 971 2762 cis
1002 2706 1028 2762 in
1057 2705 1131 2763 omui
1157 2722 1241 2782 opere

68 2788 190 2861 qratiam.
233 2786 289 2860 Ego
312 2794 400 2843 autem
422 2785 534 2843 nuntius
555 2787 737 2860 poenitentiae
768 2787 865 2844 hortor
893 2804 957 2858 vos,
986 2789 1032 2863 qui
1064 2790 1132 2846 tales
1161 2791 1242 2847 esna:

69 2877 227 2943 permanete
251 2871 276 2925 iu
300 2886 350 2937 eo,
379 2876 408 2925 nt
439 2886 493 2924 uon
516 2870 672 2926 eradicetur
694 2887 786 2928 semen
809 2878 927 2928 vestrum
949 2872 976 2928 in
999 2880 1148 2931 aeternum.
1191 2872 1241 2930 llo·

68 2953 157 3009 minus
179 2954 251 3009 enim
278 2969 326 3008 vos
355 2949 478 3026 probavit
505 2959 531 3008 et
561 2954 672 3027 scripsit
694 2954 720 3010 in
752 2970 893 3010 numerum
923 2962 1060 3025 nostrum,
1091 2972 1240 3030 semenque

71 3044 189 3091 restrum
213 3052 291 3092 omne
306 3033 437 3092 habitabit
459 3051 519 3092 cnm
533 3034 588 3092 lilio
603 3036 666 3107 llei;
688 3037 787 3095 etenim
801 3037 834 3094 de
850 3037 948 3112 spiritu
971 3039 1030 3096 eins
1054 3055 1148 3096 omncs
1163 3039 1240 3096 estis.

151 3238 188 3312 (a)
201 3241 274 3297 xttV.
316 3242 352 3299 De
376 3251 470 3300 octavo
492 3252 579 3300 autem
602 3254 701 3309 monte,
724 3245 769 3301 nbi
786 3251 864 3301 erant
879 3243 968 3302 tontes
990 3245 1076 3315 multi,
1093 3262 1125 3303 ex
1142 3243 1241 3320 quibus

69 3325 253 3397 adaquabatur
274 3327 362 3381 onmis
384 3326 432 3382 liei
455 3335 588 3394 creatura,
611 3328 677 3385 tales
700 3336 776 3391 stunt,
809 3329 854 3400 qui
878 3327 1054 3384 crediderunt
1075 3328 1192 3401 apostoli
1214 3337 1243 3384 et

69 3407 206 3479 magistri,
226 3407 273 3481 qui
293 3407 520 3481 praedicaverunt
541 3407 627 3465 tilium
650 3408 696 3465 oet
728 3426 778 3482 per
801 3416 885 3465 totum
907 3409 1020 3477 orbem,
1042 3417 1071 3464 et
1090 3408 1242 3465 docuerunt

68 3499 141 3546 caste
164 3498 191 3546 et
212 3506 280 3562 pure
303 3506 457 3545 sermonem
480 3489 598 3558 homiui,
621 3506 671 3547 nec
701 3492 846 3564 quicquam
875 3491 1015 3546 minimum
1045 3490 1072 3544 in
1102 3489 1240 3546 desiderio

69 3572 166 3627 malum
182 3579 365 3644 gustaverunt,
388 3571 435 3627 sed
454 3587 562 3645 semper
575 3589 635 3629 cum
651 3574 763 3630 veritate
786 3580 812 3628 et
825 3572 957 3642 aequitate
974 3570 1149 3640 ambulantes,
1171 3572 1242 3629 sicut

70 3655 196 3726 spiritum
219 3661 343 3709 sanctum
365 3663 539 3727 acceperunt.
584 3655 686 3714 Talium
709 3670 775 3729 ergo
799 3651 905 3708 traditio
928 3668 990 3708 cum
1011 3652 1114 3726 angelis
1137 3654 1197 3711 erit.

71 3962 148 3995 orienes
164 3945 213 3993 liat.
236 3943 304 4007 Apud
317 3943 369 3994 Cot.
389 3955 425 3996 cst
443 3948 523 3997 ditavit
537 3961 561 4009 p.
572 3947 639 3996 bobi-
673 3951 694 3993 et
709 3958 786 3992 revere
795 3943 986 4006 praedicaverunt
999 3950 1020 3992 et
1035 3943 1166 4002 docuerunt,
1185 3955 1240 3993 mox

72 4015 140 4070 tobit,
161 4011 226 4076 quod
245 4026 272 4061 er
290 4011 359 4060 Rodl.
378 4012 403 4061 in
422 4014 459 4064 ed.
480 4014 555 4062 Oron.
572 4012 639 4063 euul-
674 4010 793 4075 aequitate
810 4016 833 4059 et
850 4009 992 4060 excluditur.

68 4079 131 4141 gavit
144 4078 233 4139 Fellus,
252 4080 397 4141 suffragante
416 4096 478 4129 nnnc
488 4078 577 4128 Codice
589 4077 638 4126 Pal.

121 4144 178 4208 Cap.
196 4146 263 4195 XXV.
300 4146 324 4210 l)
348 4149 372 4196 in
391 4162 436 4210 qno
461 4153 526 4194 nont
544 4146 639 4208 pluriuri
724 4141 782 4206 Cap.
801 4143 877 4193 xxttt.
915 4142 939 4203 l)
957 4144 1051 4190 minime
1069 4140 1119 4191 Pal.

67 4215 145 4274 sontes
166 4213 215 4261 l'at.
723 4206 750 4271 2)
769 4208 888 4259 Fortassis
908 4210 1053 4270 offensorum.
1088 4207 1136 4259 Cir.
1160 4217 1238 4263 umen

120 4278 146 4338 2)
164 4280 221 4327 deos
240 4278 304 4342 (cum
318 4277 412 4342 punctis
424 4274 580 4339 subscriptis)
594 4275 638 4324 do·
672 4274 734 4325 intra
753 4290 804 4338 cap.
822 4276 863 4326 ³1.
881 4274 921 4323 ubi
939 4272 1013 4323 babes
1031 4279 1055 4323 et
1072 4277 1218 4337 offeramur.

67 4349 144 4395 minor
162 4344 212 4393 vu.

118 4410 147 4475 3)
159 4404 238 4462 Pron.
255 4413 297 4477 qui
312 4412 401 4463 orniam
420 4408 559 4476 perpitlat.
571 4413 635 4459 corte
721 4407 779 4473 Cap.
798 4406 874 4457 xxtv.
911 4405 936 4470 l)
954 4405 991 4456 illi
1008 4404 1059 4457 rat.
