2886 4882
571 216 717 275 conluunt
738 216 881 277 hortata.

347 385 388 441 Vl.
418 384 452 441 ad
474 382 727 457 philadelphensem

331 468 385 524 Vll.
416 469 449 524 ad
470 467 650 523 Smirueuses.

317 551 382 606 Vlll.
412 552 445 607 ad
468 549 640 623 l‘olicarpum
663 549 829 623 episcopum.

309 634 387 690 Vllll.
416 634 449 689 ad
470 633 674 689 Antiochenses.

357 718 387 772 ll.
417 717 450 773 ad
472 716 610 790 llyrouem
633 716 775 773 diaconum
796 731 988 773 successorem
1011 732 1100 772 sinum

345 799 386 855 xl.
415 800 449 855 ad
469 799 628 873 hephesios.

336 883 387 939 llll.
416 883 450 938 ad
472 883 616 938 Romanos.
663 883 732 938 Laus
762 882 863 955 ignatij.
911 882 1032 956 Epistola
1068 883 1140 940 beati
1175 885 1310 960 l'olicarpi

141 965 269 1040 discipuli
291 966 419 1038 johannis
442 965 604 1038 evangeliste
625 964 657 1020 ad
679 965 873 1040 philippenses.

225 1049 359 1123 Epistulae
383 1049 425 1106 Vll
447 1049 519 1104 lleati
534 1048 641 1120 Antonij
663 1047 767 1104 abbatis
791 1048 823 1104 ad
847 1049 952 1105 diversa
973 1052 1137 1108 monasteria
1156 1052 1203 1107 [lei
1226 1052 1310 1125 gratia

139 1132 209 1188 liber
231 1133 357 1205 pastoris.
382 1131 515 1205 discipuli.
538 1131 609 1208 pauli
632 1131 755 1205 apostoli.
778 1149 857 1206 quem
878 1132 976 1207 paulus
991 1135 1120 1190 meminit.
1142 1136 1167 1191 in
1184 1135 1309 1209 epistola.

139 1215 173 1272 ad
194 1232 332 1273 romanos.

222 1299 387 1373 (lpuseulum
411 1297 438 1353 S.
459 1297 528 1355 Xisti
550 1297 712 1373 pithagorici
733 1298 896 1373 philosophi.

221 1382 293 1438 luest
322 1383 403 1457 igitur
434 1381 544 1455 ,lgnatii
573 1390 600 1438 et
621 1381 763 1456 Polycarpi
785 1381 966 1456 Epistularum
994 1389 1071 1439 vetus
1099 1383 1182 1440 latina
1200 1381 1309 1449 uersio,⁸

140 1465 246 1539 qualem
267 1465 376 1522 exhibet
397 1474 492 1522 noster
502 1464 569 1524 Cod.
584 1465 649 1538 Reg.
678 1465 715 1521 lle
730 1465 821 1520 indole
841 1466 901 1521 eius
914 1465 963 1521 elr.
978 1483 1051 1522 num.
1064 1466 1108 1522 10.
1130 1466 1237 1542 Siguavi
1249 1470 1308 1525 Pul.

220 1616 247 1670 9.
290 1616 355 1672 dod.
379 1615 523 1672 Vaticanus
547 1615 625 1673 3848
649 1617 674 1671 in
698 1611 729 1671 4ο
750 1617 819 1679 mai,
841 1616 1041 1684 membraneus,
1065 1619 1091 1672 iu
1114 1619 1161 1675 lol.
1186 1620 1307 1676 l-lb.

138 1698 269 1766 ,Herruae
289 1697 446 1756 Pastorem‘
477 1700 586 1756 exhibet
613 1701 753 1774 scriptum.
797 1700 925 1755 Exaratus
948 1707 990 1755 est
1011 1708 1126 1758 exeunte
1148 1719 1220 1759 saec.
1243 1702 1307 1758 xlv.

138 1781 230 1836 Nubae
263 1782 380 1855 capitum
412 1784 567 1852 sectiones3
598 1782 690 1839 literne
717 1783 883 1856 singularum
914 1783 1053 1840 Visiouum
1081 1787 1161 1842 sicuti
1190 1786 1308 1843 cuiusvis

137 1863 322 1920 blandatorum
352 1882 383 1922 ac
409 1865 618 1922 Similitudinum
641 1865 756 1922 initiales
779 1866 918 1939 depietae3
941 1867 1011 1922 tituli
1033 1868 1117 1925 minio
1138 1870 1308 1944 praescripti.

138 1948 166 2003 lu
194 1946 259 2003 lolio
280 1948 384 2022 primo:

402 2047 522 2104 lllGlPl'l
544 2047 720 2104 PROLOGUS
743 2046 831 2103 Lllllll
852 2047 1015 2105 unsrunts
1034 2093 1046 2106 .

401 2148 435 2204 tn
456 2147 523 2204 HOC
546 2146 699 2205 CORPORE
723 2147 941 2206 oonrtnutun.

136 2263 205 2319 liber
233 2261 278 2336 qui
308 2264 461 2338 appellatur
489 2266 608 2340 pastoris
640 2282 720 2339 quem
756 2273 865 2321 sanctus
898 2265 1072 2322 llieronimus
1109 2266 1246 2339 presbiter
1280 2269 1307 2323 in

136 2347 279 2420 cathalogo
301 2349 444 2405 illustrium
464 2349 585 2406 virorum
608 2349 680 2405 inter
701 2348 903 2406 ecclesiasticos
926 2344 1087 2423 scriptores
1105 2350 1141 2405 ita
1170 2351 1306 2407 meminit·

137 2431 242 2486 dicens·
278 2431 394 2489 Herman
427 2434 504 2490 cuius
535 2432 675 2509 apostolus
697 2432 798 2489 Paulus
825 2433 859 2489 ad
880 2431 1016 2489 Romanos
1038 2432 1163 2489 scribens
1186 2434 1308 2490 meminit

135 2513 248 2570 salutate
272 2513 417 2590 llegontam
440 2516 552 2572 hermen
576 2514 716 2590 patrobam
740 2517 851 2572 herman
874 2516 969 2589 etqui
992 2533 1053 2572 cum
1076 2516 1116 2572 eis
1130 2525 1194 2572 sunt
1208 2516 1306 2584 tratres

135 2605 163 2652 et
184 2607 310 2656 asserunt
331 2606 470 2658 auctorem
499 2617 561 2656 esse
591 2599 653 2656 libri
675 2600 722 2672 qui
743 2599 894 2674 appellatur
915 2606 1010 2673 pastor
1032 2607 1060 2654 et
1079 2600 1152 2674 apud
1174 2600 1304 2674 quasdam

135 2679 257 2750 graeciae
288 2681 418 2738 ecclesias
452 2681 560 2756 publice
589 2681 687 2754 legitur
713 2699 807 2737 revera
839 2680 912 2737 utilis
941 2680 1013 2738 liber
1038 2682 1171 2756 multique
1204 2682 1236 2739 de
1271 2700 1303 2740 eo

134 2761 299 2833 scriptorum
326 2772 446 2821 veterum
476 2780 642 2840 usurpavere
670 2765 825 2820 testimonia
852 2766 901 2820 sed
923 2766 996 2840 apud
1015 2765 1115 2825 latinos
1136 2782 1207 2840 pene
1230 2766 1304 2839 iguo·

134 2849 179 2897 tus
201 2851 251 2899 est.

570 2925 669 2985 Ltunn
691 2927 862 2986 ressonis,

216 3042 298 3099 Liber
332 3043 450 3116 pastoris
481 3045 568 3101 nuntii
600 3046 757 3119 penitentie.
805 3045 928 3101 llaudata
956 3063 988 3101 ac
1017 3044 1213 3114 Similitudines
1244 3051 1303 3107 eius

134 3126 233 3200 quibus
256 3128 380 3200 apparuit
401 3135 428 3183 et
449 3127 556 3184 loeutus
579 3138 621 3186 est
642 3129 745 3186 herme.
788 3128 838 3185 Cui
859 3129 938 3186 etiarn
967 3129 994 3185 in
1024 3129 1158 3204 principio
1179 3132 1304 3205 apparuit

133 3210 250 3265 ecelesia
272 3210 296 3264 in
320 3211 400 3266 variis
422 3209 525 3283 liguris.
568 3211 638 3269 Sunt
659 3229 726 3286 ergo
749 3211 867 3269 visiones
890 3210 1006 3268 ecclesie
1037 3229 1152 3270 numero
1175 3223 1303 3286 quattuor

131 3293 249 3366 pastoris
271 3293 359 3348 nuntii
389 3294 536 3367 penitentie
563 3295 697 3353 visionum
725 3311 856 3352 uumerus
885 3296 1006 3370 quinque
1034 3295 1157 3352 mandata
1179 3297 1302 3352 ciusdem

132 3392 246 3431 nurnero
270 3374 414 3432 duodecim
436 3377 625 3435 similitudines
648 3379 734 3452 ipsius
754 3394 869 3435 numero
892 3379 995 3436 decem.

214 3457 339 3514 Visiones
361 3459 388 3515 iu
412 3459 477 3516 dod.
499 3477 594 3518 resera
616 3470 705 3518 extant
735 3461 796 3518 illae
819 3469 962 3534 quattuor3
990 3461 1089 3536 quihus
1119 3460 1233 3534 expletis
1263 3461 1301 3516 in·

130 3539 244 3613 scriptio
267 3541 381 3614 legitur:
402 3541 485 3609 ,Visio
509 3545 603 3616 quinta
626 3545 658 3600 de
680 3542 830 3602 inundatis?
860 3544 1017 3617 Sequuntur
1038 3551 1127 3617 autem
1150 3544 1208 3618 ipsa
1229 3561 1301 3600 mau-

132 3623 200 3688 datn,
223 3640 293 3697 quae
314 3624 424 3682 librario
446 3633 543 3683 nostro
565 3637 629 3685 suut
650 3627 733 3695 ,Visio
756 3623 865 3701 quinta‘
894 3627 923 3682 lu
945 3625 1000 3682 line
1021 3642 1132 3683 corum:

565 3741 727 3817 ,Expliciunt
747 3742 869 3799 mandata

297 3839 431 3914 incipiunt
453 3840 645 3899 similitudines
770 3841 859 3899 Prima
885 3837 1051 3898 similitudo.‘

211 3954 361 4013 Similitudo
384 3954 477 4022 ,sexm‘
500 3959 526 4013 iu
549 3958 648 4015 Codice
670 3958 777 4032 incipit:
804 3957 929 4033 ‚Quidam
958 3974 1020 4015 cum
1048 3958 1161 4017 haberet
1190 3959 1302 4017 laudum

130 4033 292 4105 (Similitudo
317 4037 344 4106 5,
366 4036 412 4110 2);
445 4040 576 4113 septimae
592 4040 746 4098 exordium:
768 4041 843 4108 ,Post
864 4040 1098 4099 diesdcindeuon
1113 4042 1212 4099 maltos
1227 4037 1302 4109 (Sim.

130 4121 157 4187 5,
171 4121 198 4176 2.
210 4121 261 4178 sub
274 4117 380 4192 fiuem);
396 4128 504 4178 octavae
518 4122 619 4179 initium
634 4122 705 4179 idem
717 4130 760 4179 est
771 4140 803 4178 ac
817 4132 907 4180 sextae
921 4124 949 4180 iu
962 4121 1027 4181 libb.
1040 4124 1191 4196 impressis.
1224 4123 1302 4180 Simi-

128 4202 235 4259 litudiui
258 4198 296 4270 (iu
318 4203 385 4262 lldd.
409 4202 571 4278 septimae)
592 4207 719 4278 sequenti
741 4205 819 4262 deest
839 4207 945 4274 titulus,
976 4215 1091 4281 apparet
1110 4214 1199 4264 manen
1221 4207 1298 4264 locus

128 4284 154 4340 ei
176 4287 339 4358 apponendo
353 4296 479 4364 apertus3
501 4287 653 4344 Similitudo
675 4285 766 4354 ,uona‘
787 4291 814 4344 iu
836 4289 903 4348 Edd.
925 4297 969 4347 est
989 4298 1110 4359 ,oetam
1132 4287 1213 4348 uoua‘
1230 4289 1298 4347 Edd.

128 4366 155 4422 iu
178 4367 243 4423 Cod.
265 4368 321 4426 Vat.
342 4370 500 4430 inscribitur
521 4368 692 4440 ,Similitudo‘
715 4371 745 4427 ll.
780 4371 884 4431 ibidem
905 4367 941 4442 (c.
966 4371 1002 4429 ta
1024 4369 1106 4444 aad.)
1127 4374 1164 4433 ita
1186 4373 1301 4443 diuisum
