2886 4882
358 250 557 315 ¹IIIIIIIIA'IUII
578 256 644 326 XIII,
666 258 754 311 Ivss.
781 257 971 314 SIIIILII'IJIJII
994 258 1013 314 I.
1217 251 1278 316 666

189 461 229 516 VI.
268 446 346 534 Ἐγὼ
367 444 438 510 δέ’
419 455 489 548 υμῖν
504 443 633 549 λέγω,
616 472 632 510 ο
653 444 771 530 ἅγγελος
791 454 849 553 τῆς
864 451 1029 526 μετανοίας
1059 449 1099 532 μὴ
1121 452 1277 555 φοβηθῆτε

106 531 157 598 τὸν
177 533 329 614 διάβολον·
361 527 544 676 ἆπίεστύλην
543 527 608 615 γάρ,
632 533 715 611 φησί,
736 527 805 611 μεθ’
829 527 912 610 ύμῶν
933 527 1004 594 εἶναι
1027 539 1085 595 τῶν
1105 532 1277 614 μετανοούν-

105 643 163 681 των
183 619 212 692 ἐξ
233 615 303 698 δλης
323 617 445 720 καρδίας
466 620 563 676 αυτῶν
591 613 640 676 καί
669 616 891 717 ίσχυροποιῆσαι
918 611 1026 688 αὐτούς
1058 614 1089 678 έν
1089 623 1151 720 τῇ
1176 621 1277 682 πίστει.

107 697 285 765 Πιστεύσατε
306 689 360 762 ούν
381 704 421 784 τῷ
444 703 508 783 θεῷ
528 692 611 778 ύμεῖς
633 721 662 759 οι
654 694 781 760 ’διὰ
751 723 803 772 τας
825 693 1005 778 ἁμαρτίας
984 703 1067 777 υμῶν
1081 694 1279 806 ἀπεγνωκότες

105 782 159 888 τὴν
188 781 263 887 ζωὴν
291 779 374 862 ύμιῖυ
401 763 452 844 καί
482 761 688 862 προστιθέντες
709 779 872 885 ρίμαρτίας1
888 780 938 844 καὶ
958 779 1256 884 καταβαρύνοντες
1226 808 1279 864 την

106 864 220 943 ζωὴν
201 874 293 948 υμῶν,
315 864 359 928 ὅτι
381 861 432 926 666
454 863 646 966 έπιστραφῆτε
668 861 741 967 πρὸς
761 861 812 927 τὸν
833 860 942 968 κύριον
953 864 982 940 ίξ
1001 862 1140 969 οληςὶτης
1157 866 1280 947 καρδίας

106 948 188 1054 6666
218 951 267 1013 καὶ
295 944 458 1047 έργύσησθε
483 944 537 1052 τὴν
560 944 750 1050 δικαιοσύνην
780 943 832 1021 τδις
860 943 963 1022 λοιπὰς
991 944 1100 1050 ημέρας
1126 955 1178 1027 τῆς
1206 952 1280 1026 ζωῆς

105 1031 188 1115 ύμοῖν
209 1034 257 1095 καί
279 1027 451 1134 δουλεύσητε
472 1027 551 1129 αὐτῷ
574 1028 649 1137 6666
668 1056 701 1094 το
690 1028 895 1135 θέλγετ’
860 1037 961 1110 αυτοῦ,
986 1051 1103 1113 ποιησει
1124 1033 1202 1094 ἴασιν
1219 1037 1279 1106 τοῖς

104 1112 293 1223 προτέροις
273 1121 357 1194 υμῶν
377 1094 570 1193 ἇμαρτήμασι,
593 1113 640 1175 καὶ
662 1113 736 1190 εξετε
757 1112 882 1194 δύναμιν
903 1120 955 1178 τοῦ
966 1121 1201 1222 κατακυριεῦσαι
1221 1119 1279 1178 τοῖν

105 1200 196 1304 ἔργων
216 1204 269 1262 τοῦ
289 1194 447 1302 διαβόλου·
469 1194 522 1276 τὴν
545 1194 576 1258 δέ
596 1193 719 1277 ἀπειλὴν
739 1204 792 1260 τοῦ
814 1196 983 1278 διαβύλου”
966 1206 1040 1273 ολως
1055 1225 1094 1280 μη
1084 1196 1279 1303 φοβηθῆτε

105 1281 208 1356 ι’ίτουος
215 1280 312 1428 ὀγάρ
305 1276 425 1344 έστιν”
402 1298 497 1383 ωσπερ
519 1286 625 1361 νεκροῦ
647 1288 743 1363 νεῦρα.
776 1279 936 1346 Ἀκούσατε
957 1275 1012 1345 ούν
1033 1306 1099 1363 μου,
1122 1309 1172 1347 και
1161 1277 1281 1364 φοβή-

105 1375 177 1471 θητε
198 1364 230 1429 τδ
233 1391 250 1428 ν
271 1363 366 1428 πάντα
369 1360 564 1469 δυγοίμενον,
586 1370 677 1427 σεῖσαι
699 1365 748 1428 καὶ
770 1360 915 1470 ύπολέσαι,
938 1367 988 1427 καὶ
1008 1375 1116 1449 τηρεῖτε
1137 1363 1188 1440 τδις
1203 1366 1280 1429 έντο

104 1448 155 1525 λοίς
176 1448 298 1525 ταύτας,
330 1448 379 1511 καὶ
404 1443 526 1526 ζήσεσθε
549 1451 589 1529 τῷ
609 1453 682 1531 θεῷ.
725 1446 813 1530 Λέγω
842 1445 921 1532 αὐτῷ
944 1445 1048 1552 Κύριε,
1070 1454 1126 1512 νῦν
1147 1449 1281 1512 ένεδννα·

104 1507 659 1716 ιλιι,ἰιμιιυλιιλίμ
653 1512 1280 1713 ιιιλιιικνιλιλιι

105 1693 389 1800 κατακυριεύσομεν
398 1694 448 1756 καί
481 1692 689 1773 κατισχύσομεν
718 1693 837 1758 πάντων
865 1702 923 1760 τῶν
948 1697 1038 1802 έργων
1070 1695 1170 1762 αὐτοῦ.
1221 1696 1281 1760 Καὶ

105 1783 216 1860 έλπίζω,
239 1779 331 1860 κύριε,
353 1773 499 1840 δύνασθαι
520 1774 585 1877 μέγ’
609 1776 659 1852 τὰς
682 1775 798 1853 έντολδις
818 1776 932 1885 ταύτας,
956 1777 991 1855 ἃς
1013 1780 1193 1858 ἒντέταλσαι,
1227 1787 1281 1845 τού

104 1866 219 1968 κυρίου
229 1827 461 1963 ίνδυνίιμοῦντος
482 1856 616 1960 φυλάξαι.
663 1859 822 1940 Φυλαίξεις,
853 1866 954 1944 φησίν
984 1861 1078 1928 έδν’
1057 1891 1077 1943 η
1099 1866 1205 1943 καρδία
1226 1884 1281 1929 σου

104 1945 224 2028 καθαρὰ
244 1945 359 2030 γένηται
379 1940 454 2051 πρὸς
474 1939 593 2026 κύριον·
615 1945 665 2008 καί
685 1942 792 2021 πάντες
813 1946 845 2009 δέ
866 1946 1081 2027 φυλοίξονσιν”
1064 1971 1129 2013 οσοι
1140 1974 1177 2012 αν
1188 1958 1280 2012 καθα

104 2034 223 2135 ρίσωσιν
243 2031 356 2095 ἑαυτῶν
385 2026 437 2102 τὰς
456 2027 615 2132 καρδίας’
600 2025 658 2091 απδ
679 2035 738 2092 τῶν
758 2032 888 2111 ματαίων
911 2031 1079 2114 ἐπιθυμιῶν
1098 2038 1152 2097 τοῦ
1173 2034 1281 2107 αίαῖνος

105 2114 219 2200 τούτου,
240 2111 289 2179 καλ
310 2110 489 2199 ζήσουται
462 2116 503 2174 τσῖ
524 2117 595 2197 θεῷ.

263 2418 518 2478 ιιΑΡΑεοΛΑι
535 2420 596 2477 Ax
615 2419 827 2479 εΛΑΛΗΣε
860 2422 959 2480 Μεν
984 2392 1119 2482 6606

186 2569 276 2652 Λέγει
286 2592 336 2669 μοι
360 2567 472 2642 Οίδατε,
497 2562 636 2665 φησίν,”
619 2588 663 2628 οτι
685 2566 732 2628 έπι
726 2569 836 2667 ξένης
852 2576 1010 2632 κατοικεῖτε
1031 2565 1113 2648 ύμεῑς
1133 2572 1163 2632 οί
1177 2572 1278 2674 δρῦλοι

105 2659 157 2717 τοῦ
178 2659 268 2716 θεοῦ·
298 2647 329 2731 6¹
358 2647 412 2735 γὰρ
433 2647 517 2723 πόλις
535 2643 617 2750 6666
639 2646 753 2754 666666
774 2651 851 2756 ἒστιγ
872 2650 929 2715 ἀπὸ
949 2678 1002 2733 της
1022 2650 1134 2727 πόλεως
1154 2652 1223 2717 ταύτ
1245 2677 1275 2731 ς·

106 2728 187 2801 εί
152 2763 206 2800 ουν
226 2737 337 2810 οίδατε,
366 2735 456 2813 φησί,
463 2730 537 2836 τὴν
557 2727 686 2794 πόλιν
666 2738 750 2811 υμοῖν
771 2726 843 2796 έν
823 2759 843 2821 η
864 2735 976 2816 μέλλετε
995 2744 1150 2813 κατοικεῖν,
1171 2764 1198 2800 τι
1191 2739 1276 2805 ’ωδε

104 2818 187 2900 ύμεῖς
207 2815 400 2899 ἓτοιμοίζετε’
384 2812 492 2900 αγροὺς
513 2815 563 2878 καί
582 2814 755 2917 παρατάξεις
784 2826 948 2893 πολυτελεῖς
969 2820 1019 2882 καὶ
1047 2817 1204 2924 οίκοδομδις
1230 2823 1280 2887 καλ

105 2903 247 3006 οἰκήματα
268 2900 392 3002 μάταιος
439 2903 537 2962 Ταῦτα
559 2889 613 2960 οὖν
643 2896 849 3003 ὁέτοιμύζων’
872 2904 914 2976 είς
935 2898 1041 2984 ταύτην
1062 2900 1116 2985 τὴν
1136 2901 1222 2968 πόλιν
1243 2904 1280 2972 ού

106 2985 226 3051 δύναται
248 2981 506 3088 έπανακύμψαι’
480 3008 521 3057 εις
549 3007 629 3085 την
634 2984 713 3046 ίδίαν
745 2981 838 3049 πόλιν.
874 2982 992 3091 ’Ἀφρον
1024 2989 1074 3050 καὶ
1104 2989 1211 3067 δίψυχε
1231 2991 1281 3054 καλ

104 3074 265 3151 ταλαίπωρε
286 3066 434 3148 ἄνθρωπε,
457 3065 493 3129 ού
514 3071 592 3140 νοεῖς
612 3062 658 3129 δτι
678 3073 769 3130 ταῦτα
789 3066 885 3132 πάντα
907 3066 1041 3173 ίιλλότριοί
1063 3071 1130 3149 ἐστι,
1154 3072 1203 3135 καί
1223 3069 1276 3136 ὕπ’

105 3155 240 3228 ἐξουσίαν
268 3149 366 3232 ίτέρου
393 3152 487 3227 είσίν;
508 3147 604 3253 Ἐρεῖ
629 3148 683 3234 γδιρ
712 3147 795 3214 δ’
758 3177 859 3259 κνριος
886 3159 938 3232 τῆς
958 3149 1070 3229 πόλεως
1100 3151 1205 3258 ταύτης
1230 3153 1275 3221 06

105 3235 185 3299 θέλω
205 3256 236 3298 σε
257 3241 401 3296 κατοικεῖν
423 3229 515 3307 είς
485 3257 538 3313 την
559 3229 645 3297 πόλιν
662 3258 728 3314 μου,
751 3232 815 3298 ἀλλ’
839 3237 938 3340 ἔξελθε
959 3236 990 3300 έκ
994 3244 1073 3341 τῆς
1080 3234 1192 3313 πόλεως
1209 3237 1276 3304 ταύ-

105 3344 164 3401 της,
188 3315 232 3382 ὅτι
253 3324 313 3390 τοῖς
335 3314 451 3460 νόμοιςξ
459 3338 515 3393 μου
537 3312 572 3377 ού
594 3323 705 3459 γρᾶσαι.
749 3316 796 3381 Σύ
818 3311 872 3382 οὖν
893 3315 1002 3425 6166'
986 3317 1095 3427 αγρούς
1124 3323 1173 3385 καί
1195 3321 1277 3423 066-

108 3424 168 3477 σεις
189 3427 239 3465 και
229 3398 355 3506 ἑτέρας
376 3396 493 3499 πράξεις
513 3395 631 3481 πολλάς,
651 3397 947 3503 666666603266'
978 3402 1071 3465 αὐτοῦ
1100 3406 1129 3464 τί
1148 3404 1280 3510 ποιήσεις

106 3508 160 3550 σου
184 3484 236 3550 τὸν
243 3479 348 3586 ἇγρδν
368 3477 470 3546 καὶ
439 3505 514 3583 την
515 3481 610 3542 οίκίαν
638 3506 687 3543 και
715 3479 750 3544 τδι
771 3481 904 3547 λοιπίι“
887 3505 942 3548 οσσι
962 3480 1132 3586 ἡτοίμασας
1150 3494 1280 3574 σεαυτρῖς

105 3570 193 3671 Λέγει
205 3566 314 3714 γάρ
290 3587 336 3631 σοι
357 3560 514 3636 δικαίως’
496 3588 513 3627 ο
534 3559 635 3662 κύριος
653 3570 707 3645 τῆς
727 3563 784 3671 χωρ
785 3593 820 3642 ας
831 3564 943 3671 ταύτης
956 3562 998 3627 Ἢ
1018 3574 1079 3641 τοῖς
1098 3563 1200 3648 νόμοις

105 3659 177 3752 χρῶ,
200 3680 218 3732 η
243 3647 358 3731 έκχυίρει
386 3647 417 3711 έκ
439 3653 491 3727 τῆς
509 3643 606 3792 ἐώρας
625 3670 692 3727 μου.
738 3592 784 3711 26
807 3640 862 3713 οὖν
882 3651 911 3711 τί
930 3647 1039 3728 μέλλεις
1065 3659 1176 3726 ποιεῖν,
1195 3595 1280 3757 666

104 3732 197 3814 νόμον
219 3735 249 3797 ίν
264 3739 305 3837 τῇ
328 3739 364 3834 σῇ
384 3727 483 3806 πόλει,
526 3753 606 3792 νεκεν
633 3737 692 3795 τῶν
720 3729 818 3834 ἀγρῶν
840 3752 893 3794 σου
914 3731 964 3795 καί
985 3758 1037 3814 της
1058 3732 1205 3837 λοιπῆς
1184 3733 1277 3841 υπύρ-

105 3822 190 3894 ξεωςς
236 3796 296 3880 Τὸν
312 3813 415 3894 νόμον*
436 3832 489 3876 σου
510 3808 625 3888 πύντως
646 3811 817 3900 ἆπαρνήση,
846 3813 896 3877 καί
915 3815 1092 3904 πορεύση
1064 3823 1105 3880 τῶ
1125 3815 1205 3905 νόμῳ
1226 3826 1279 3900 τῆς

109 3979 315 3986 ——0--w-——2

157 4068 214 4131 Cap.
234 4069 268 4116 VI.
306 4067 330 4128 1)
349 4061 504 4148 ἁμαρτίας;
532 4066 565 4114 ita
584 4065 666 4126 codex,
758 4065 807 4127 6¹
802 4077 833 4115 ιιι
860 4069 884 4116 in
905 4071 959 4118 cod.
981 4076 1029 4126 εει,
1059 4083 1107 4116 non
1133 4075 1158 4115 σε
1182 4067 1219 4116 εδ.
1239 4083 1277 4147 με.

106 4151 153 4183 non
171 4138 208 4197 (ιιι
225 4135 262 4182 εδ.
281 4132 328 4196 με)
346 4131 503 4199 ἁμαρτίαις.
707 4140 774 4182 ιιοιει
791 4129 956 4213 ἡτοιμάζων.
982 4133 1108 4184 SimiIIImo
1127 4132 1200 4183 modo
1219 4148 1232 4185 ε
1249 4135 1274 4184 in

158 4203 183 4258 2)
203 4200 270 4268 μέν·
299 4200 465 4277 σοετῖςοοδιισι
493 4212 546 4247 esse
563 4213 608 4267 με,
627 4199 672 4247 λιιι]
707 4200 790 4249 eadem
809 4204 894 4263 pagiua
912 4203 1009 4282 saepius
1028 4200 1120 4261 legitur.

107 4268 185 4316 editor
201 4283 238 4331 pr.
255 4267 390 4329 suspicatus
409 4273 452 4314 εει.
759 4267 786 4327 3)
807 4269 861 4317 cod.
884 4262 1007 4335 ίκβαλόμ
1011 4281 1078 4323 ενος.

757 4335 784 4394 4]
804 4335 858 4384 cod.
879 4335 913 4395 (ει
931 4334 968 4384 εδ.
986 4284 1035 4398 pr)
1056 4334 1096 4383 κεῖ
1114 4326 1210 4457 νόμω,
1228 4333 1272 4384 εεδ

158 4401 214 4449 Sim
232 4402 249 4449 I.
287 4400 313 4463 1)
332 4400 385 4448 eod
404 4397 437 4449 οἱ.
706 4396 1161 4465 ἰιωριίωεωισυεοιιοσῑσσιεελτδν
1177 4395 1273 4476 νόμον.

323 4484 339 4513 '
1077 4492 1266 4576 Α
