2886 4882
160 196 219 259 152
287 260 292 269 ,
410 197 536 259 tortirtl
558 198 724 257 mtsrota
744 197 787 255 ab
809 195 1029 256 rnattlartos.
1059 196 1077 253 l.

365 363 420 426 XV.
462 366 595 425 Solutum
613 383 663 424 ooo
684 364 798 440 prorii
818 373 843 422 et
864 372 971 423 ceteram
992 364 1133 422 oocleaioo.

242 469 431 550 Ἀσπάζονται
451 470 528 554 ῦμῦς
543 470 694 553 Ἐηιίσιοιι
715 467 774 536 iob
796 469 950 555 Σμύρνης,
970 469 1045 536 ὅθεν
1064 474 1115 536 καί
1134 469 1240 556 γράφω
1259 469 1337 554 ῦμῐν,

161 555 303 641 παρόντες
332 558 374 632 είς
403 552 492 634 δόξαν
516 559 610 635 Θεοῦ,
640 554 737 638 ὥσπερ
764 557 813 621 καί
833 552 929 638 ὑμεῖς,
950 559 980 619 οἳ
999 555 1073 620 κατὰ
1093 553 1188 620 πάντα
1208 581 1242 637 με
1273 555 1338 621 οἰνέ-

161 661 293 718 παυσαν,
321 638 380 722 ἅμα
403 637 607 729 Πολυκᾶρπῳ,
638 637 786 727 ίπισκόπμ
807 641 992 722 Σμυρναίων.
1034 640 1094 705 Καί
1122 641 1155 703 oi
1179 641 1280 704 λοιπαί
1306 641 1339 704 δὲ

163 723 312 803 ἐκκλησίαι
340 724 372 787 ἐν
406 731 475 813 τιμῇ
501 721 601 806 Ἰησοῦ
631 729 761 807 Χριστοῦ
793 720 968 801 ἀσπάζονται
998 721 1083 805 ῦμῦς.
1118 719 1278 806 Ἔρρωσθε
1307 725 1339 788 ίν

163 803 286 892 ὁμονοίᾳ
301 810 387 886 Θεοῦ,
408 808 575 891 κεκτημίνοι
596 804 777 890 barlaamum
788 814 913 889 πνεῦμα,
936 805 969 882 ὅς
983 808 1060 872 ἐστιν
1072 805 1186 889 Ἰησοῦς
1201 806 1337 890 Χριστός.

447 1257 778 1314 ΤΡΑΔΛΙΑΝΟῙΣ
804 1257 1057 1313 ῙΓΝΔΊῚΟΣ.1

256 1389 401 1478 Ιηναίτιος,
423 1390 442 1458 o‘
462 1395 511 1458 καί
535 1391 705 1478 Θεοφόρος,
731 1392 903 1484 ἠγαπημένη
928 1399 1012 1482 Θεῷ,
1038 1397 1124 1481 πατρί
1147 1393 1246 1478 Ἰησοῦ
1269 1402 1340 1481 Χρι-

290 1483 378 1555 στοῦ,
400 1478 538 1566 ἐκκλησίᾳ
558 1477 636 1567 ἆγίηι,
658 1486 692 1567 τῇ
715 1475 789 1567 οῦση
811 1481 843 1544 ἒν
868 1474 1034 1564 Τρᾶλλεσιν’
1054 1485 1107 1561 τῆς
1122 1477 1234 1559 Ἀσίας,
1264 1482 1339 1545 ἐκλε-

293 1567 347 1666 κτῇ
368 1562 417 1625 καὶ
446 1559 588 1650 ἆξιοθίρι,
617 1560 806 1650 είρηνενοῦση
836 1565 867 1627 ἐν
893 1563 977 1646 σαρκί
997 1564 1048 1626 καὶ
1068 1565 1169 1645 αἵματι
1190 1564 1278 1644 [καίΓ
1299 1572 1341 1651 τῷ

292 1654 385 1709 nobee
407 1643 506 1728 Ἰησοῦ
539 1653 687 1732 Χριστοῦ,
715 1652 769 1729 τῆς
795 1650 911 1723 ἐλπίδος
938 1643 1023 1729 ἡμῶν
1052 1647 1083 1711 ἐν
1113 1656 1149 1737 τῇ
1179 1651 1220 1724 εἰς
1251 1645 1342 1712 αὐτὸν

291 1726 459 1794 ἀναστάσει·
479 1728 518 1812 ἣν
538 1733 599 1795 καί*
621 1725 782 1811 ἀσπάζομαι
806 1732 838 1796 ἕν
864 1738 904 1818 τῷ
931 1727 1100 1815 πληρώματι
1109 1734 1129 1817 ‚⁶
1159 1731 1191 1796 ἓν
1219 1729 1342 1797 ἆποστο-

294 1813 379 1900 λικηῦο
399 1821 577 1899 χαρακτῆρι,
598 1816 648 1879 καὶ
670 1812 789 1896 εῦχομαι
809 1822 926 1880 πλεῖστα
945 1818 1062 1899 χαίρειν.

388 1988 407 2045 Ι.
451 1990 528 2048 laea
547 1999 640 2049 oestro
658 2008 710 2066 per
730 1992 876 2064 Polybium
896 1991 965 2047 mibi
985 1993 1112 2049 innotuit.

243 2093 383 2204 Ἀμωμοη
412 2094 546 2203 ῦιηίνοιαν
574 2099 624 2163 καί
645 2095 823 2204 οἰιίιρίκριτοντ
846 2096 877 2162 tv
898 2094 1034 2203 ῦπρμονῇ
1047 2098 1145 2201 ’ἔγνων
1165 2096 1242 2182 ῦμῦις
1263 2100 1339 2182 ἕχον-

167 2203 236 2257 τας,
259 2204 296 2244 ον
314 2206 388 2245 κατα
407 2201 526 2264 χρησιν,
548 2180 620 2247 ἀλλὰ
639 2208 713 2248 κατα
734 2182 856 2264 maiora:³
876 2190 980 2258 καθας
1004 2182 1146 2264 {bolonia
1173 2209 1223 2266 μοι
1245 2182 1342 2248 flotb-

167 2264 250 2345 βιος,
280 2260 299 2327 ti
326 2265 484 2341 ἐπίσκοπος
510 2263 610 2352 ὑμῶν,
641 2264 675 2342 ὃς
703 2266 874 2352 παρεγένετο
902 2263 1045 2348 θελήματι
1067 2269 1145 2331 Θεοῦ
1172 2268 1223 2332 καί
1244 2265 1343 2350 Ἰησοῦ

171 2352 302 2431 Χριστοῦ
329 2349 361 2413 ἐν
391 2350 528 2439 Σμύρνη,
558 2351 608 2416 καί
637 2349 730 2427 οὕτως
761 2374 811 2434 μοι
839 2346 981 2434 συνεχάρη
1019 2350 1161 2439 δεδεμένη)
1190 2351 1221 2416 ἐν
1244 2349 1342 2434 Ἰησοῦ

170 2487 378 2495 ———---.

222 2551 279 2616 Cap.
297 2553 344 2603 xv.
376 2553 402 2618 1)
420 2553 474 2604 Non
483 2553 591 2617 Ephesii,
609 2553 649 2617 qui
663 2567 737 2614 nogo-
823 2551 906 2601 Versio
925 2551 1024 2615 Syriaca
1042 2552 1190 2604 aCoretouo
1205 2554 1268 2604 edita
1285 2555 1342 2619 Epi-

171 2620 249 2671 ciandi
268 2635 339 2670 causa
351 2621 466 2685 Smyrnae
487 2621 612 2685 degebant,
632 2620 676 2670 sed
693 2619 738 2681 illi,
772 2618 849 2669 stolae
875 2618 905 2667 ad
930 2619 1066 2669 Trallianos
1093 2635 1146 2684 cap.
1165 2622 1189 2672 l.
1213 2629 1236 2671 et
1261 2625 1283 2673 5.
1310 2624 1343 2673 ita

170 2688 212 2754 qul
230 2702 282 2737 oum
300 2686 413 2738 onesimo
431 2688 548 2752 episcopo
559 2688 656 2752 Epheso
669 2687 738 2750 lgna·
773 2687 876 2749 exhibet,
894 2695 920 2736 ut
937 2703 965 2737 ea
983 2695 1094 2737 annectat
1105 2687 1161 2749 illis,
1180 2704 1241 2753 quae
1260 2705 1286 2739 ex
1299 2690 1342 2753 Ep.

169 2755 228 2805 unm
247 2771 276 2804 oo
294 2763 407 2805 venerant
423 2755 558 2805 salutatam.
774 2754 804 2803 ad
827 2755 948 2806 Romanos
973 2754 1097 2818 desumpta
1128 2756 1222 2818 prolart
1249 2756 1341 2806 ultima.

224 2822 251 2886 2)
270 2822 304 2871 lta
322 2837 343 2870 o.
361 2821 476 2884 interpol.
494 2822 605 2882 Vossius,
628 2822 653 2870 in
672 2821 739 2871 cuias
773 2824 942 2884 Argumentum
966 2837 1024 2872 sane
1050 2821 1174 2887 ramosque
1201 2824 1286 2887 capitis
1310 2825 1342 2873 ob

170 2897 233 2940 textu
253 2882 412 2957 ῦιῦκριτον,
435 2896 461 2939 ut
479 2889 531 2938 cab.
549 2889 603 2939 CL.
641 2888 690 2940 Clr.
709 2889 740 2940 ad
773 2888 881 2939 indolem
908 2899 933 2940 et
956 2890 995 2940 bic
1020 2896 1044 2939 et
1068 2888 1120 2939 illio
1145 2890 1225 2941 locum
1253 2891 1342 2942 babere

171 2956 233 3022 Epir.
252 2972 272 3006 c.
290 2956 314 3018 3,
334 2955 365 3005 ad
385 2954 458 3005 Trall.
477 2971 497 3005 c.
519 2957 539 3005 l.
774 2964 863 3021 potest,
885 2972 1028 3023 quamquam
1045 2971 1099 3006 enm
1111 2956 1205 3007 facilius
1223 2966 1302 3009 tuetur
1318 2960 1343 3008 in

226 3022 250 3086 1)
272 3024 312 3073 Sic
335 3022 469 3073 inscribunt
486 3021 503 3071 C
518 3023 545 3073 L.
560 3047 587 3059 -·
612 3026 693 3090 Aequa
712 3040 740 3075 ae
774 3024 865 3086 ignatio
884 3040 980 3087 graeco.
1015 3024 1149 3075 Canetonus
1175 3040 1232 3076 vero
1250 3035 1343 3076 utrum·

172 3091 273 3142 aliarum
293 3091 413 3141 civitatum
431 3090 545 3141 charitate
562 3090 672 3155 impulsi,
699 3092 739 3157 qui
774 3106 820 3157 que
841 3106 894 3156 cap.
915 3092 1041 3157 Epistolae
1064 3093 1094 3142 ad
1118 3093 1186 3144 llom.
1213 3094 1343 3154 adiudicat,

172 3158 266 3209 Tralles
297 3157 475 3218 inhabitabant,
503 3160 589 3208 iratres
614 3159 739 3224 Polybium
774 3174 827 3209 eam
851 3160 882 3210 ad
899 3160 1036 3210 Trallianos
1063 3161 1180 3211 denotans
1199 3171 1343 3226 suspectam.

172 3225 313 3290 episcopum
330 3227 455 3289 Smyrnam
473 3226 642 3288 delegaverunt
664 3229 697 3291 (c.
718 3228 739 3278 l.
773 3227 876 3277 Armenii
898 3227 1124 3293 interpretationem
1149 3244 1188 3293 ap.
1206 3230 1345 3280 Peterman-

175 3292 235 3355 12),
248 3302 274 3341 ut
284 3293 375 3354 ignatio
384 3294 415 3342 ob
429 3294 523 3344 vincula
536 3295 739 3357 congratulentur.
773 3309 829 3344 num
848 3295 952 3345 evolvas.

171 3360 194 3410 le
212 3361 314 3410 naturali
332 3361 507 3412 Trallianorum
529 3362 617 3429 mentis
635 3363 740 3412 candore
823 3362 850 3427 2)
867 3359 899 3415 ἐν
917 3357 1049 3432 τράίεσιν
1067 3362 1084 3412 C
1100 3364 1126 3413 L.

173 3434 244 3492 atque
256 3428 303 3477 ilde
314 3443 341 3477 er
356 3427 409 3491 ipso
423 3429 539 3493 episcopo
555 3430 657 3493 cognita,
669 3430 739 3479 laude
823 3429 851 3494 3)
870 3429 941 3495 [καί]
959 3432 1039 3482 exlnt
1054 3438 1100 3481 vet.
1112 3429 1185 3479 inseri
1203 3428 1253 3478 vult
1263 3430 1344 3490 Voss.;

172 3510 215 3545 τοι
234 3494 347 3556 celebrat,
365 3495 396 3544 ob
415 3494 639 3559 obedientiamerga
653 3497 739 3561 ipsum,
775 3498 843 3548 deest
866 3499 890 3547 in
916 3497 970 3548 CL.
1012 3498 1068 3547 blibi
1093 3497 1188 3560 quidem
1222 3496 1344 3546 abundare

128 3603 136 3611 .
172 3562 327 3625 presbyteros
352 3570 377 3612 ct
398 3562 513 3613 diaconos
537 3564 615 3628 adque
634 3573 739 3614 mutuum
773 3565 880 3623 violetur,
907 3564 962 3629 qnia
986 3566 1026 3630 roi
1053 3558 1143 3614 πείθει
1167 3563 1289 3626 appositio
1309 3572 1346 3614 est

172 3642 278 3680 amorem
295 3638 367 3694 atquc
384 3630 513 3692 unitatem,
536 3638 563 3680 ut
581 3632 678 3694 assolet,
698 3647 741 3681 oo·
774 3632 976 3696 praecedentium.
1010 3631 1094 3681 versio
1112 3632 1175 3681 Arm.
1194 3647 1206 3680 a
1227 3639 1290 3682 textu
1310 3647 1344 3694 gr.

172 3696 282 3747 bortatur
299 3700 331 3760 (c.
341 3698 364 3748 2.
378 3699 421 3760 3.).
457 3698 595 3749 bumilitate
612 3699 658 3748 sibi
679 3714 740 3763 opus
775 3698 811 3749 vel
831 3699 931 3749 maxime
950 3699 1079 3762 discrepat.

172 3777 227 3816 oasa
251 3765 283 3826 (c.
302 3763 351 3829 l.);
380 3766 486 3830 quamvis
509 3766 624 3817 coelestia
646 3767 741 3816 tradere
827 3766 854 3830 l)
872 3766 918 3817 κα)
936 3766 1079 3832 particulam
1098 3783 1111 3816 a
1129 3766 1215 3818 Vossio
1237 3775 1344 3831 praeter-

171 3839 257 3898 poaset
284 3842 427 3898 praecepta,
462 3833 606 3898 discipulum
633 3850 659 3885 se
689 3849 742 3884 esse
776 3833 874 3885 missam
892 3833 1009 3898 praebant
1026 3833 1044 3884 C
1060 3835 1088 3884 l..

173 3899 276 3951 marmor
303 3902 335 3963 (o.
354 3903 397 3963 5.).
432 3902 466 3950 lb
492 3902 599 3952 erroneis
625 3901 742 3952 doctrinis
827 3901 855 3965 5)
871 3901 889 3952 l.
913 3919 934 3952 e.
963 3903 1030 3952 cuius
1055 3903 1172 3953 ecclesiae
1201 3901 1280 3951 omnia
1305 3916 1345 3949 sa-

173 3968 293 4019 certodite
313 3983 370 4029 vos,
391 3969 531 4033 praesertim
550 3970 691 4030 allocatis,
717 3968 741 4018 id
776 3969 827 4021 luto
847 3970 960 4022 membra.
992 3971 1073 4020 Smitb.

173 4034 271 4100 qnidam
295 4037 493 4099 mansuetudine,
519 4036 566 4087 [ido
585 4045 609 4087 et
627 4037 742 4088 charitato
827 4038 854 4104 6)
872 4039 909 4089 Uti
928 4040 967 4089 bio
984 4039 1030 4088 sibi
1049 4033 1201 4102 (episeopo),
1225 4033 1257 4084 ita
1282 4035 1344 4084 intra

173 4101 276 4153 colandi
302 4101 336 4166 (c.
352 4103 472 4166 6-11.)
515 4104 599 4154 Saluto
626 4120 670 4155 vos
694 4118 741 4154 una
776 4121 797 4155 o.
814 4105 838 4156 2.
855 4105 1003 4171 presbyteris
1019 4118 1115 4169 quoqne
1133 4101 1256 4152 Ecclesiae
1274 4102 1344 4151 Tral-

173 4182 227 4220 αισι
245 4170 330 4234 legatie
354 4171 510 4222 ecelesiarum
529 4173 644 4236 Smyrnae
668 4186 742 4236 prae·
775 4172 853 4223 lianae
871 4174 1038 4224 auctoritatem
1054 4171 1173 4236 quandam
1185 4169 1344 4233 apostolicam

172 4236 293 4301 ”olibam
315 4246 409 4289 manete
427 4240 452 4289 io
471 4239 518 4289 ilde
531 4247 555 4288 et
572 4239 697 4299 charitate,
719 4246 742 4289 et
775 4239 859 4291 tribuit
877 4240 986 4302 ignatius.
1010 4238 1058 4288 loo.
1096 4235 1211 4286 smithius
1225 4235 1344 4286 salutandi

171 4299 199 4353 ln
214 4305 364 4356 orationibus
383 4308 468 4357 vestris
491 4307 537 4356 mei
557 4314 581 4356 et
598 4306 682 4369 Syriae
701 4321 741 4355 eo·
775 4309 885 4369 lormam,
904 4322 950 4371 qua
969 4303 1079 4370 Apostoli
1098 4303 1238 4364 utebantur,
1254 4303 1345 4354 iutelli-

78 4366 398 4604 ἅψοιτο
415 4382 493 4426 estote
511 4373 544 4440 (ο.
564 4373 603 4425 12.
625 4370 683 4439 13.)
775 4375 816 4439 git
853 4372 1006 4427 liolstaaius:
1027 4373 1159 4438 Apostolico
1176 4386 1249 4423 more.
1284 4371 1345 4423 Gra-
