<?xml version="1.0" encoding="UTF-8"?>
<!DOCTYPE html PUBLIC "-//W3C//DTD XHTML 1.0 Transitional//EN"
    "http://www.w3.org/TR/xhtml1/DTD/xhtml1-transitional.dtd">
<html xmlns="http://www.w3.org/1999/xhtml" xml:lang="en" lang="en">
 <head>
  <title>
</title>
<meta http-equiv="Content-Type" content="text/html;charset=utf-8" />
  <meta name='ocr-system' content='tesseract 3.04.00' />
  <meta name='ocr-capabilities' content='ocr_page ocr_carea ocr_par ocr_line ocrx_word'/>
</head>
<body>
  <div class='ocr_page' id='page_1' title='image "./patrumapostolic00polygoog/patrumapostolic00polygoog_0565.png"; bbox 0 0 2886 4882; ppageno 0'>
   <div class='ocr_carea' id='block_1_1' title="bbox 175 200 1161 281">
    <p class='ocr_par' dir='ltr' id='par_1_1' title="bbox 175 200 1161 281">
     <span class='ocr_line' id='line_1_1' title="bbox 175 200 1161 281; baseline -0.018 0"><span class='ocrx_word' id='word_1_1' title='bbox 175 219 236 281; x_wconf 81' lang='lat'><strong>504</strong></span> <span class='ocrx_word' id='word_1_2' title='bbox 361 213 502 274; x_wconf 67' lang='lat' dir='ltr'><strong>uenatu</strong></span> <span class='ocrx_word' id='word_1_3' title='bbox 522 211 660 271; x_wconf 71' lang='lat' dir='ltr'><strong>caston.</strong></span> <span class='ocrx_word' id='word_1_4' title='bbox 703 208 800 268; x_wconf 78' lang='lat' dir='ltr'><strong>Lllllill</strong></span> <span class='ocrx_word' id='word_1_5' title='bbox 822 209 866 265; x_wconf 88' lang='lat' dir='ltr'><strong>lll.</strong></span> <span class='ocrx_word' id='word_1_6' title='bbox 907 205 1096 265; x_wconf 71' lang='lat' dir='ltr'><strong>stultuluvt.</strong></span> <span class='ocrx_word' id='word_1_7' title='bbox 1116 200 1161 277; x_wconf 76' lang='lat' dir='ltr'><strong>(A)</strong></span> 
     </span>
    </p>
   </div>
   <div class='ocr_carea' id='block_1_2' title="bbox 179 371 1359 1691">
    <p class='ocr_par' dir='ltr' id='par_1_2' title="bbox 179 371 1359 1691">
     <span class='ocr_line' id='line_1_2' title="bbox 179 371 1358 461; baseline -0.011 -21"><span class='ocrx_word' id='word_1_8' title='bbox 179 383 300 461; x_wconf 82' lang='lat' dir='ltr'><strong>quotidie</strong></span> <span class='ocrx_word' id='word_1_9' title='bbox 333 383 359 438; x_wconf 94' lang='lat' dir='ltr'><strong>in</strong></span> <span class='ocrx_word' id='word_1_10' title='bbox 389 381 441 436; x_wconf 87' lang='lat' dir='ltr'><strong>vita</strong></span> <span class='ocrx_word' id='word_1_11' title='bbox 471 371 531 435; x_wconf 82' lang='lat' dir='ltr'><strong>sua⁶</strong></span> <span class='ocrx_word' id='word_1_12' title='bbox 559 377 707 452; x_wconf 90' lang='lat' dir='ltr'><strong>patiuntur.</strong></span> <span class='ocrx_word' id='word_1_13' title='bbox 750 374 802 432; x_wconf 80' lang='lat' dir='ltr'><strong>dlii</strong></span> <span class='ocrx_word' id='word_1_14' title='bbox 832 374 903 431; x_wconf 90' lang='lat' dir='ltr'><strong>enim</strong></span> <span class='ocrx_word' id='word_1_15' title='bbox 931 374 1092 431; x_wconf 89' lang='lat' dir='ltr'><strong>detrimenta</strong></span> <span class='ocrx_word' id='word_1_16' title='bbox 1121 372 1281 445; x_wconf 85' lang='lat' dir='ltr'><strong>patiuntur,</strong></span> <span class='ocrx_word' id='word_1_17' title='bbox 1310 371 1358 428; x_wconf 83' lang='lat' dir='ltr'><strong>alii</strong></span> 
     </span>
     <span class='ocr_line' id='line_1_3' title="bbox 180 451 1357 540; baseline -0.01 -16"><span class='ocrx_word' id='word_1_18' title='bbox 180 467 314 540; x_wconf 88' lang='lat' dir='ltr'><strong>inopiam,</strong></span> <span class='ocrx_word' id='word_1_19' title='bbox 343 462 385 520; x_wconf 89' lang='lat' dir='ltr'><strong>alii</strong></span> <span class='ocrx_word' id='word_1_20' title='bbox 409 462 527 519; x_wconf 82' lang='lat' dir='ltr'><strong>diversas</strong></span> <span class='ocrx_word' id='word_1_21' title='bbox 548 459 710 516; x_wconf 87' lang='lat' dir='ltr'><strong>acrimonias</strong></span> <span class='ocrx_word' id='word_1_22' title='bbox 720 451 737 526; x_wconf 70' lang='grc' dir='ltr'><strong>ς’</strong></span> <span class='ocrx_word' id='word_1_23' title='bbox 775 458 882 531; x_wconf 91' lang='lat' dir='ltr'><strong>quidam</strong></span> <span class='ocrx_word' id='word_1_24' title='bbox 914 457 1136 523; x_wconf 77' lang='lat' dir='ltr'><strong>inconstantiam,</strong></span> <span class='ocrx_word' id='word_1_25' title='bbox 1167 454 1211 510; x_wconf 91' lang='lat' dir='ltr'><strong>alii</strong></span> <span class='ocrx_word' id='word_1_26' title='bbox 1238 454 1357 512; x_wconf 88' lang='lat' dir='ltr'><strong>iniurias</strong></span> 
     </span>
     <span class='ocr_line' id='line_1_4' title="bbox 180 535 1357 620; baseline -0.01 -13"><span class='ocrx_word' id='word_1_27' title='bbox 180 548 213 607; x_wconf 88' lang='lat' dir='ltr'><strong>ab</strong></span> <span class='ocrx_word' id='word_1_28' title='bbox 242 546 359 620; x_wconf 81' lang='lat' dir='ltr'><strong>indignis</strong></span> <span class='ocrx_word' id='word_1_29' title='bbox 388 545 536 618; x_wconf 86' lang='lat' dir='ltr'><strong>patientes,</strong></span> <span class='ocrx_word' id='word_1_30' title='bbox 562 544 699 615; x_wconf 84' lang='lat' dir='ltr'><strong>multaque</strong></span> <span class='ocrx_word' id='word_1_31' title='bbox 725 539 775 597; x_wconf 93' lang='lat' dir='ltr'><strong>alia</strong></span> <span class='ocrx_word' id='word_1_32' title='bbox 804 539 929 597; x_wconf 78' lang='lat' dir='ltr'><strong>exercitia</strong></span> <span class='ocrx_word' id='word_1_33' title='bbox 958 548 987 596; x_wconf 91' lang='lat' dir='ltr'><strong>et</strong></span> <span class='ocrx_word' id='word_1_34' title='bbox 1014 537 1194 595; x_wconf 90' lang='lat' dir='ltr'><strong>incommoda.</strong></span> <span class='ocrx_word' id='word_1_35' title='bbox 1238 535 1357 595; x_wconf 84' lang='lat' dir='ltr'><strong>Plurimi</strong></span> 
     </span>
     <span class='ocr_line' id='line_1_5' title="bbox 181 613 1356 696; baseline -0.01 -8"><span class='ocrx_word' id='word_1_36' title='bbox 181 630 252 688; x_wconf 88' lang='lat' dir='ltr'><strong>euim</strong></span> <span class='ocrx_word' id='word_1_37' title='bbox 274 626 436 684; x_wconf 78' lang='lat' dir='ltr'><strong>inconstanti</strong></span> <span class='ocrx_word' id='word_1_38' title='bbox 458 626 571 683; x_wconf 89' lang='lat' dir='ltr'><strong>consilio</strong></span> <span class='ocrx_word' id='word_1_39' title='bbox 595 625 678 681; x_wconf 89' lang='lat' dir='ltr'><strong>multa</strong></span> <span class='ocrx_word' id='word_1_40' title='bbox 699 631 846 691; x_wconf 85' lang='lat' dir='ltr'><strong>conantur,</strong></span> <span class='ocrx_word' id='word_1_41' title='bbox 873 625 1091 696; x_wconf 89' lang='lat' dir='ltr'><strong>necquicquam</strong></span> <span class='ocrx_word' id='word_1_42' title='bbox 1121 619 1251 676; x_wconf 83' lang='lat' dir='ltr'><strong>conducit</strong></span> <span class='ocrx_word' id='word_1_43' title='bbox 1284 613 1356 692; x_wconf 76' lang='lat' dir='ltr'><strong>eis5⁸</strong></span> 
     </span>
     <span class='ocr_line' id='line_1_6' title="bbox 180 701 1355 772; baseline -0.009 -1"><span class='ocrx_word' id='word_1_44' title='bbox 180 720 208 772; x_wconf 84' lang='lat' dir='ltr'><strong>et</strong></span> <span class='ocrx_word' id='word_1_45' title='bbox 230 713 323 767; x_wconf 91' lang='lat' dir='ltr'><strong>dieunt</strong></span> <span class='ocrx_word' id='word_1_46' title='bbox 345 711 371 765; x_wconf 94' lang='lat' dir='ltr'><strong>in</strong></span> <span class='ocrx_word' id='word_1_47' title='bbox 396 707 499 765; x_wconf 89' lang='lat' dir='ltr'><strong>actibus</strong></span> <span class='ocrx_word' id='word_1_48' title='bbox 522 709 579 765; x_wconf 87' lang='lat' dir='ltr'><strong>suis</strong></span> <span class='ocrx_word' id='word_1_49' title='bbox 612 723 771 763; x_wconf 89' lang='lat' dir='ltr'><strong>successum</strong></span> <span class='ocrx_word' id='word_1_50' title='bbox 793 722 823 762; x_wconf 92' lang='lat' dir='ltr'><strong>se</strong></span> <span class='ocrx_word' id='word_1_51' title='bbox 848 721 901 761; x_wconf 91' lang='lat' dir='ltr'><strong>nou</strong></span> <span class='ocrx_word' id='word_1_52' title='bbox 926 704 1035 761; x_wconf 85' lang='lat' dir='ltr'><strong>habere.</strong></span> <span class='ocrx_word' id='word_1_53' title='bbox 1064 703 1235 759; x_wconf 88' lang='lat' dir='ltr'><strong>Succurrunt</strong></span> <span class='ocrx_word' id='word_1_54' title='bbox 1253 701 1291 757; x_wconf 90' lang='lat' dir='ltr'><strong>iis</strong></span> <span class='ocrx_word' id='word_1_55' title='bbox 1314 719 1355 771; x_wconf 76' lang='lat' dir='ltr'><strong>ea,</strong></span> 
     </span>
     <span class='ocr_line' id='line_1_7' title="bbox 181 785 1355 872; baseline -0.007 -22"><span class='ocrx_word' id='word_1_56' title='bbox 181 785 265 872; x_wconf 78' lang='lat' dir='ltr'><strong>quac⁹</strong></span> <span class='ocrx_word' id='word_1_57' title='bbox 292 793 417 866; x_wconf 90' lang='lat' dir='ltr'><strong>nequiter</strong></span> <span class='ocrx_word' id='word_1_58' title='bbox 445 792 584 858; x_wconf 86' lang='lat' dir='ltr'><strong>lecerunt,</strong></span> <span class='ocrx_word' id='word_1_59' title='bbox 605 798 633 846; x_wconf 90' lang='lat' dir='ltr'><strong>et</strong></span> <span class='ocrx_word' id='word_1_60' title='bbox 660 789 801 844; x_wconf 82' lang='lat' dir='ltr'><strong>llominum</strong></span> <span class='ocrx_word' id='word_1_61' title='bbox 832 795 985 845; x_wconf 87' lang='lat' dir='ltr'><strong>causantur.</strong></span> <span class='ocrx_word' id='word_1_62' title='bbox 1028 787 1094 843; x_wconf 81' lang='lat' dir='ltr'><strong>Cum</strong></span> <span class='ocrx_word' id='word_1_63' title='bbox 1124 786 1205 860; x_wconf 89' lang='lat' dir='ltr'><strong>igitur</strong></span> <span class='ocrx_word' id='word_1_64' title='bbox 1225 787 1355 859; x_wconf 80' lang='lat' dir='ltr'><strong>perpessi</strong></span> 
     </span>
     <span class='ocr_line' id='line_1_8' title="bbox 180 863 1355 938; baseline -0.009 -4"><span class='ocrx_word' id='word_1_65' title='bbox 180 877 283 936; x_wconf 84' lang='lat' dir='ltr'><strong>luerint</strong></span> <span class='ocrx_word' id='word_1_66' title='bbox 304 891 410 932; x_wconf 92' lang='lat' dir='ltr'><strong>omnem</strong></span> <span class='ocrx_word' id='word_1_67' title='bbox 432 875 599 929; x_wconf 81' lang='lat' dir='ltr'><strong>vexationem</strong></span> <span class='ocrx_word' id='word_1_68' title='bbox 621 879 649 928; x_wconf 93' lang='lat' dir='ltr'><strong>et</strong></span> <span class='ocrx_word' id='word_1_69' title='bbox 669 863 772 927; x_wconf 85' lang='lat' dir='ltr'><strong>omne¹⁰</strong></span> <span class='ocrx_word' id='word_1_70' title='bbox 794 871 1010 938; x_wconf 90' lang='lat' dir='ltr'><strong>incommodum,</strong></span> <span class='ocrx_word' id='word_1_71' title='bbox 1037 878 1100 925; x_wconf 90' lang='lat' dir='ltr'><strong>tuuc</strong></span> <span class='ocrx_word' id='word_1_72' title='bbox 1122 868 1266 925; x_wconf 87' lang='lat' dir='ltr'><strong>traduntur</strong></span> <span class='ocrx_word' id='word_1_73' title='bbox 1288 869 1355 932; x_wconf 91' lang='lat' dir='ltr'><strong>mihi</strong></span> 
     </span>
     <span class='ocr_line' id='line_1_9' title="bbox 181 950 1355 1025; baseline -0.006 -10"><span class='ocrx_word' id='word_1_74' title='bbox 181 959 215 1016; x_wconf 78' lang='lat' dir='ltr'><strong>sd</strong></span> <span class='ocrx_word' id='word_1_75' title='bbox 238 958 335 1014; x_wconf 86' lang='lat' dir='ltr'><strong>bonam</strong></span> <span class='ocrx_word' id='word_1_76' title='bbox 357 956 584 1024; x_wconf 78' lang='lat' dir='ltr'><strong>admonitionem,</strong></span> <span class='ocrx_word' id='word_1_77' title='bbox 605 962 633 1011; x_wconf 90' lang='lat' dir='ltr'><strong>et</strong></span> <span class='ocrx_word' id='word_1_78' title='bbox 654 953 794 1009; x_wconf 88' lang='lat' dir='ltr'><strong>lirmautur</strong></span> <span class='ocrx_word' id='word_1_79' title='bbox 815 954 842 1009; x_wconf 92' lang='lat' dir='ltr'><strong>in</strong></span> <span class='ocrx_word' id='word_1_80' title='bbox 866 952 919 1009; x_wconf 83' lang='lat' dir='ltr'><strong>lide</strong></span> <span class='ocrx_word' id='word_1_81' title='bbox 952 953 1073 1020; x_wconf 82' lang='lat' dir='ltr'><strong>Domini,</strong></span> <span class='ocrx_word' id='word_1_82' title='bbox 1096 959 1124 1007; x_wconf 91' lang='lat' dir='ltr'><strong>et</strong></span> <span class='ocrx_word' id='word_1_83' title='bbox 1150 966 1202 1025; x_wconf 89' lang='lat' dir='ltr'><strong>per</strong></span> <span class='ocrx_word' id='word_1_84' title='bbox 1229 950 1355 1023; x_wconf 89' lang='lat' dir='ltr'><strong>reliquos</strong></span> 
     </span>
     <span class='ocr_line' id='line_1_10' title="bbox 182 1032 1354 1109; baseline -0.009 -9"><span class='ocrx_word' id='word_1_85' title='bbox 182 1041 241 1100; x_wconf 87' lang='lat' dir='ltr'><strong>dies</strong></span> <span class='ocrx_word' id='word_1_86' title='bbox 263 1040 332 1097; x_wconf 90' lang='lat' dir='ltr'><strong>vitae</strong></span> <span class='ocrx_word' id='word_1_87' title='bbox 353 1038 474 1095; x_wconf 82' lang='lat' dir='ltr'><strong>serviunt</strong></span> <span class='ocrx_word' id='word_1_88' title='bbox 497 1037 610 1094; x_wconf 84' lang='lat' dir='ltr'><strong>llomino</strong></span> <span class='ocrx_word' id='word_1_89' title='bbox 637 1044 726 1092; x_wconf 89' lang='lat' dir='ltr'><strong>mente</strong></span> <span class='ocrx_word' id='word_1_90' title='bbox 760 1053 837 1109; x_wconf 91' lang='lat' dir='ltr'><strong>pura.</strong></span> <span class='ocrx_word' id='word_1_91' title='bbox 877 1035 908 1091; x_wconf 78' lang='lat' dir='ltr'><strong>ut</strong></span> <span class='ocrx_word' id='word_1_92' title='bbox 937 1051 997 1091; x_wconf 89' lang='lat' dir='ltr'><strong>cum</strong></span> <span class='ocrx_word' id='word_1_93' title='bbox 1020 1034 1162 1109; x_wconf 83' lang='lat' dir='ltr'><strong>coeperint</strong></span> <span class='ocrx_word' id='word_1_94' title='bbox 1189 1032 1354 1090; x_wconf 85' lang='lat' dir='ltr'><strong>delictorum</strong></span> 
     </span>
     <span class='ocr_line' id='line_1_11' title="bbox 181 1109 1355 1198; baseline -0.007 -18"><span class='ocrx_word' id='word_1_95' title='bbox 181 1140 263 1198; x_wconf 86' lang='lat' dir='ltr'><strong>agere</strong></span> <span class='ocrx_word' id='word_1_96' title='bbox 285 1121 495 1196; x_wconf 86' lang='lat' dir='ltr'><strong>poeniteutiam,</strong></span> <span class='ocrx_word' id='word_1_97' title='bbox 519 1129 583 1176; x_wconf 93' lang='lat' dir='ltr'><strong>tunc</strong></span> <span class='ocrx_word' id='word_1_98' title='bbox 613 1118 764 1175; x_wconf 88' lang='lat' dir='ltr'><strong>ascendunt</strong></span> <span class='ocrx_word' id='word_1_99' title='bbox 792 1119 821 1173; x_wconf 92' lang='lat' dir='ltr'><strong>in</strong></span> <span class='ocrx_word' id='word_1_100' title='bbox 850 1109 1032 1191; x_wconf 84' lang='lat' dir='ltr'><strong>praecordia¹¹</strong></span> <span class='ocrx_word' id='word_1_101' title='bbox 1055 1133 1150 1173; x_wconf 91' lang='lat' dir='ltr'><strong>eornm</strong></span> <span class='ocrx_word' id='word_1_102' title='bbox 1180 1132 1265 1188; x_wconf 86' lang='lat' dir='ltr'><strong>opera</strong></span> <span class='ocrx_word' id='word_1_103' title='bbox 1296 1134 1355 1185; x_wconf 88' lang='lat' dir='ltr'><strong>sua,</strong></span> 
     </span>
     <span class='ocr_line' id='line_1_12' title="bbox 182 1198 1357 1278; baseline -0.006 -16"><span class='ocrx_word' id='word_1_104' title='bbox 182 1207 209 1263; x_wconf 93' lang='lat' dir='ltr'><strong>in</strong></span> <span class='ocrx_word' id='word_1_105' title='bbox 232 1205 332 1278; x_wconf 86' lang='lat' dir='ltr'><strong>quibus</strong></span> <span class='ocrx_word' id='word_1_106' title='bbox 355 1220 385 1260; x_wconf 91' lang='lat' dir='ltr'><strong>se</strong></span> <span class='ocrx_word' id='word_1_107' title='bbox 405 1203 531 1276; x_wconf 89' lang='lat' dir='ltr'><strong>nequiter</strong></span> <span class='ocrx_word' id='word_1_108' title='bbox 552 1209 748 1270; x_wconf 78' lang='lat' dir='ltr'><strong>exercuerunt3</strong></span> <span class='ocrx_word' id='word_1_109' title='bbox 770 1208 797 1257; x_wconf 88' lang='lat' dir='ltr'><strong>et</strong></span> <span class='ocrx_word' id='word_1_110' title='bbox 819 1209 883 1257; x_wconf 90' lang='lat' dir='ltr'><strong>tuuc</strong></span> <span class='ocrx_word' id='word_1_111' title='bbox 905 1201 969 1256; x_wconf 88' lang='lat' dir='ltr'><strong>dant</strong></span> <span class='ocrx_word' id='word_1_112' title='bbox 990 1200 1045 1256; x_wconf 83' lang='lat' dir='ltr'><strong>tteo</strong></span> <span class='ocrx_word' id='word_1_113' title='bbox 1064 1200 1205 1265; x_wconf 85' lang='lat' dir='ltr'><strong>honorem,</strong></span> <span class='ocrx_word' id='word_1_114' title='bbox 1222 1198 1357 1268; x_wconf 88' lang='lat' dir='ltr'><strong>dicentes,</strong></span> 
     </span>
     <span class='ocr_line' id='line_1_13' title="bbox 182 1281 1357 1357; baseline -0.004 -14"><span class='ocrx_word' id='word_1_115' title='bbox 182 1288 283 1344; x_wconf 91' lang='lat' dir='ltr'><strong>iustum</strong></span> <span class='ocrx_word' id='word_1_116' title='bbox 304 1287 420 1343; x_wconf 87' lang='lat' dir='ltr'><strong>iudicem</strong></span> <span class='ocrx_word' id='word_1_117' title='bbox 443 1301 504 1341; x_wconf 85' lang='lat' dir='ltr'><strong>cum</strong></span> <span class='ocrx_word' id='word_1_118' title='bbox 527 1302 597 1353; x_wconf 89' lang='lat' dir='ltr'><strong>esse,</strong></span> <span class='ocrx_word' id='word_1_119' title='bbox 618 1285 772 1357; x_wconf 90' lang='lat' dir='ltr'><strong>meritoque</strong></span> <span class='ocrx_word' id='word_1_120' title='bbox 794 1299 824 1339; x_wconf 91' lang='lat' dir='ltr'><strong>se</strong></span> <span class='ocrx_word' id='word_1_121' title='bbox 847 1283 935 1339; x_wconf 88' lang='lat' dir='ltr'><strong>omnia</strong></span> <span class='ocrx_word' id='word_1_122' title='bbox 957 1299 1019 1339; x_wconf 89' lang='lat' dir='ltr'><strong>esse</strong></span> <span class='ocrx_word' id='word_1_123' title='bbox 1037 1298 1185 1357; x_wconf 89' lang='lat' dir='ltr'><strong>perpessos</strong></span> <span class='ocrx_word' id='word_1_124' title='bbox 1202 1281 1357 1338; x_wconf 88' lang='lat' dir='ltr'><strong>secundum</strong></span> 
     </span>
     <span class='ocr_line' id='line_1_14' title="bbox 183 1359 1357 1442; baseline -0.004 -15"><span class='ocrx_word' id='word_1_125' title='bbox 183 1369 254 1427; x_wconf 88' lang='lat' dir='ltr'><strong>lacta</strong></span> <span class='ocrx_word' id='word_1_126' title='bbox 276 1359 356 1425; x_wconf 76' lang='lat' dir='ltr'><strong>sun¹¹</strong></span> <span class='ocrx_word' id='word_1_127' title='bbox 399 1368 428 1424; x_wconf 93' lang='lat' dir='ltr'><strong>ln</strong></span> <span class='ocrx_word' id='word_1_128' title='bbox 451 1368 587 1442; x_wconf 89' lang='lat' dir='ltr'><strong>reliquum</strong></span> <span class='ocrx_word' id='word_1_129' title='bbox 609 1384 674 1424; x_wconf 90' lang='lat' dir='ltr'><strong>vero</strong></span> <span class='ocrx_word' id='word_1_130' title='bbox 696 1367 817 1423; x_wconf 84' lang='lat' dir='ltr'><strong>serviunt</strong></span> <span class='ocrx_word' id='word_1_131' title='bbox 839 1365 893 1422; x_wconf 81' lang='lat' dir='ltr'><strong>lieo</strong></span> <span class='ocrx_word' id='word_1_132' title='bbox 924 1373 1012 1422; x_wconf 90' lang='lat' dir='ltr'><strong>mente</strong></span> <span class='ocrx_word' id='word_1_133' title='bbox 1034 1382 1116 1439; x_wconf 90' lang='lat' dir='ltr'><strong>pura,</strong></span> <span class='ocrx_word' id='word_1_134' title='bbox 1137 1372 1166 1421; x_wconf 91' lang='lat' dir='ltr'><strong>et</strong></span> <span class='ocrx_word' id='word_1_135' title='bbox 1193 1380 1357 1422; x_wconf 89' lang='lat' dir='ltr'><strong>successum</strong></span> 
     </span>
     <span class='ocr_line' id='line_1_15' title="bbox 183 1447 1355 1526; baseline -0.004 -16"><span class='ocrx_word' id='word_1_136' title='bbox 183 1451 284 1510; x_wconf 84' lang='lat' dir='ltr'><strong>habent</strong></span> <span class='ocrx_word' id='word_1_137' title='bbox 322 1453 349 1507; x_wconf 92' lang='lat' dir='ltr'><strong>in</strong></span> <span class='ocrx_word' id='word_1_138' title='bbox 378 1451 494 1526; x_wconf 88' lang='lat' dir='ltr'><strong>negotiis</strong></span> <span class='ocrx_word' id='word_1_139' title='bbox 524 1451 581 1507; x_wconf 88' lang='lat' dir='ltr'><strong>suis</strong></span> <span class='ocrx_word' id='word_1_140' title='bbox 606 1449 747 1518; x_wconf 87' lang='lat' dir='ltr'><strong>omuibus,</strong></span> <span class='ocrx_word' id='word_1_141' title='bbox 784 1450 948 1523; x_wconf 85' lang='lat' dir='ltr'><strong>accipientes</strong></span> <span class='ocrx_word' id='word_1_142' title='bbox 976 1465 991 1504; x_wconf 85' lang='lat' dir='ltr'><strong>a</strong></span> <span class='ocrx_word' id='word_1_143' title='bbox 1022 1447 1135 1504; x_wconf 82' lang='lat' dir='ltr'><strong>Domino</strong></span> <span class='ocrx_word' id='word_1_144' title='bbox 1171 1463 1355 1520; x_wconf 87' lang='lat' dir='ltr'><strong>quaecuuque</strong></span> 
     </span>
     <span class='ocr_line' id='line_1_16' title="bbox 184 1529 1359 1610; baseline -0.004 -19"><span class='ocrx_word' id='word_1_145' title='bbox 184 1543 310 1610; x_wconf 89' lang='lat' dir='ltr'><strong>poscunt.</strong></span> <span class='ocrx_word' id='word_1_146' title='bbox 354 1535 387 1590; x_wconf 86' lang='lat' dir='ltr'><strong>Et</strong></span> <span class='ocrx_word' id='word_1_147' title='bbox 406 1541 470 1590; x_wconf 90' lang='lat' dir='ltr'><strong>tunc</strong></span> <span class='ocrx_word' id='word_1_148' title='bbox 499 1533 599 1606; x_wconf 79' lang='lat' dir='ltr'><strong>gratias</strong></span> <span class='ocrx_word' id='word_1_149' title='bbox 622 1540 705 1607; x_wconf 88' lang='lat' dir='ltr'><strong>agunt</strong></span> <span class='ocrx_word' id='word_1_150' title='bbox 731 1531 859 1600; x_wconf 83' lang='lat' dir='ltr'><strong>Itomiuo,</strong></span> <span class='ocrx_word' id='word_1_151' title='bbox 888 1530 963 1606; x_wconf 86' lang='lat' dir='ltr'><strong>quod</strong></span> <span class='ocrx_word' id='word_1_152' title='bbox 994 1532 1049 1587; x_wconf 88' lang='lat' dir='ltr'><strong>sint</strong></span> <span class='ocrx_word' id='word_1_153' title='bbox 1075 1530 1140 1586; x_wconf 86' lang='lat' dir='ltr'><strong>milri</strong></span> <span class='ocrx_word' id='word_1_154' title='bbox 1168 1529 1273 1598; x_wconf 88' lang='lat' dir='ltr'><strong>traditi;</strong></span> <span class='ocrx_word' id='word_1_155' title='bbox 1303 1546 1359 1587; x_wconf 90' lang='lat' dir='ltr'><strong>nec</strong></span> 
     </span>
     <span class='ocr_line' id='line_1_17' title="bbox 186 1612 774 1691; baseline -0.003 -18"><span class='ocrx_word' id='word_1_156' title='bbox 186 1617 238 1673; x_wconf 86' lang='lat' dir='ltr'><strong>iam</strong></span> <span class='ocrx_word' id='word_1_157' title='bbox 261 1619 405 1691; x_wconf 85' lang='lat' dir='ltr'><strong>quicquam</strong></span> <span class='ocrx_word' id='word_1_158' title='bbox 428 1616 596 1674; x_wconf 84' lang='lat' dir='ltr'><strong>crudelitatis</strong></span> <span class='ocrx_word' id='word_1_159' title='bbox 618 1612 774 1690; x_wconf 90' lang='lat' dir='ltr'><strong>patiuntur.‘</strong></span> 
     </span>
    </p>
   </div>
   <div class='ocr_carea' id='block_1_3' title="bbox 185 1707 1361 2935">
    <p class='ocr_par' dir='ltr' id='par_1_3' title="bbox 185 1707 1361 2935">
     <span class='ocr_line' id='line_1_18' title="bbox 268 1707 1358 1783; baseline -0.003 -14"><span class='ocrx_word' id='word_1_160' title='bbox 268 1711 308 1783; x_wconf 80' lang='lat' dir='ltr'><strong>(a)</strong></span> <span class='ocrx_word' id='word_1_161' title='bbox 331 1714 374 1773; x_wconf 89' lang='lat' dir='ltr'><strong>lV.</strong></span> <span class='ocrx_word' id='word_1_162' title='bbox 418 1715 483 1771; x_wconf 82' lang='lat' dir='ltr'><strong>ilico</strong></span> <span class='ocrx_word' id='word_1_163' title='bbox 506 1707 570 1771; x_wconf 92' lang='lat' dir='ltr'><strong>illi:¹</strong></span> <span class='ocrx_word' id='word_1_164' title='bbox 593 1716 681 1779; x_wconf 87' lang='lat' dir='ltr'><strong>,etiam</strong></span> <span class='ocrx_word' id='word_1_165' title='bbox 704 1730 791 1776; x_wconf 84' lang='lat' dir='ltr'><strong>nunc,</strong></span> <span class='ocrx_word' id='word_1_166' title='bbox 815 1711 941 1778; x_wconf 89' lang='lat' dir='ltr'><strong>domine,</strong></span> <span class='ocrx_word' id='word_1_167' title='bbox 964 1712 1119 1767; x_wconf 88' lang='lat' dir='ltr'><strong>demonstra</strong></span> <span class='ocrx_word' id='word_1_168' title='bbox 1150 1707 1235 1767; x_wconf 71' lang='lat' dir='ltr'><strong>mihi!</strong></span> <span class='ocrx_word' id='word_1_169' title='bbox 1277 1711 1358 1778; x_wconf 84' lang='lat' dir='ltr'><strong>‚Quid</strong></span> 
     </span>
     <span class='ocr_line' id='line_1_19' title="bbox 185 1787 1357 1869; baseline -0.003 -17"><span class='ocrx_word' id='word_1_170' title='bbox 185 1793 329 1869; x_wconf 81' lang='lat' dir='ltr'><strong>inquirisi‘</strong></span> <span class='ocrx_word' id='word_1_171' title='bbox 352 1787 461 1868; x_wconf 78' lang='lat' dir='ltr'><strong>inquit-¹</strong></span> <span class='ocrx_word' id='word_1_172' title='bbox 483 1797 538 1851; x_wconf 84' lang='lat' dir='ltr'><strong>Diri</strong></span> <span class='ocrx_word' id='word_1_173' title='bbox 561 1798 599 1852; x_wconf 88' lang='lat' dir='ltr'><strong>ei:</strong></span> <span class='ocrx_word' id='word_1_174' title='bbox 623 1813 665 1868; x_wconf 91' lang='lat' dir='ltr'><strong>,au</strong></span> <span class='ocrx_word' id='word_1_175' title='bbox 687 1813 737 1869; x_wconf 92' lang='lat' dir='ltr'><strong>per</strong></span> <span class='ocrx_word' id='word_1_176' title='bbox 753 1796 824 1852; x_wconf 93' lang='lat' dir='ltr'><strong>idem</strong></span> <span class='ocrx_word' id='word_1_177' title='bbox 840 1802 947 1866; x_wconf 91' lang='lat' dir='ltr'><strong>tempus</strong></span> <span class='ocrx_word' id='word_1_178' title='bbox 961 1796 1126 1861; x_wconf 89' lang='lat' dir='ltr'><strong>crucientur,</strong></span> <span class='ocrx_word' id='word_1_179' title='bbox 1149 1794 1194 1867; x_wconf 89' lang='lat' dir='ltr'><strong>qui</strong></span> <span class='ocrx_word' id='word_1_180' title='bbox 1210 1793 1357 1849; x_wconf 90' lang='lat' dir='ltr'><strong>discedunt</strong></span> 
     </span>
     <span class='ocr_line' id='line_1_20' title="bbox 185 1867 1361 1950; baseline -0.003 -16"><span class='ocrx_word' id='word_1_181' title='bbox 185 1895 200 1934; x_wconf 88' lang='lat' dir='ltr'><strong>a</strong></span> <span class='ocrx_word' id='word_1_182' title='bbox 223 1879 320 1933; x_wconf 90' lang='lat' dir='ltr'><strong>timore</strong></span> <span class='ocrx_word' id='word_1_183' title='bbox 343 1877 398 1945; x_wconf 83' lang='lat' dir='ltr'><strong>ttei,</strong></span> <span class='ocrx_word' id='word_1_184' title='bbox 419 1885 547 1949; x_wconf 86' lang='lat' dir='ltr'><strong>quantum</strong></span> <span class='ocrx_word' id='word_1_185' title='bbox 569 1879 611 1933; x_wconf 91' lang='lat' dir='ltr'><strong>usi</strong></span> <span class='ocrx_word' id='word_1_186' title='bbox 633 1878 735 1933; x_wconf 89' lang='lat' dir='ltr'><strong>luerint</strong></span> <span class='ocrx_word' id='word_1_187' title='bbox 756 1877 823 1932; x_wconf 90' lang='lat' dir='ltr'><strong>laisa</strong></span> <span class='ocrx_word' id='word_1_188' title='bbox 845 1875 987 1932; x_wconf 87' lang='lat' dir='ltr'><strong>dulcedine</strong></span> <span class='ocrx_word' id='word_1_189' title='bbox 1010 1894 1041 1932; x_wconf 88' lang='lat' dir='ltr'><strong>ac</strong></span> <span class='ocrx_word' id='word_1_190' title='bbox 1061 1867 1284 1950; x_wconf 80' lang='lat' dir='ltr'><strong>voluptatibusl‘⁸</strong></span> <span class='ocrx_word' id='word_1_191' title='bbox 1313 1876 1361 1930; x_wconf 79' lang='lat' dir='ltr'><strong>itit</strong></span> 
     </span>
     <span class='ocr_line' id='line_1_21' title="bbox 186 1948 1361 2032; baseline -0.002 -18"><span class='ocrx_word' id='word_1_192' title='bbox 186 1959 267 2014; x_wconf 89' lang='lat' dir='ltr'><strong>mihi:</strong></span> <span class='ocrx_word' id='word_1_193' title='bbox 289 1975 349 2031; x_wconf 90' lang='lat' dir='ltr'><strong>,per</strong></span> <span class='ocrx_word' id='word_1_194' title='bbox 370 1958 441 2014; x_wconf 93' lang='lat' dir='ltr'><strong>idem</strong></span> <span class='ocrx_word' id='word_1_195' title='bbox 463 1967 569 2031; x_wconf 88' lang='lat' dir='ltr'><strong>tempus</strong></span> <span class='ocrx_word' id='word_1_196' title='bbox 591 1960 671 2015; x_wconf 89' lang='lat' dir='ltr'><strong>etiam</strong></span> <span class='ocrx_word' id='word_1_197' title='bbox 700 1955 874 2016; x_wconf 85' lang='lat' dir='ltr'><strong>cruciantur.‘</strong></span> <span class='ocrx_word' id='word_1_198' title='bbox 916 1958 948 2013; x_wconf 85' lang='lat' dir='ltr'><strong>lit</strong></span> <span class='ocrx_word' id='word_1_199' title='bbox 968 1959 1021 2014; x_wconf 80' lang='lat' dir='ltr'><strong>dixi</strong></span> <span class='ocrx_word' id='word_1_200' title='bbox 1044 1960 1083 2014; x_wconf 90' lang='lat' dir='ltr'><strong>ei:</strong></span> <span class='ocrx_word' id='word_1_201' title='bbox 1105 1959 1239 2032; x_wconf 83' lang='lat' dir='ltr'><strong>,exiguum</strong></span> <span class='ocrx_word' id='word_1_202' title='bbox 1262 1948 1361 2030; x_wconf 82' lang='lat' dir='ltr'><strong>igitur⁴</strong></span> 
     </span>
     <span class='ocr_line' id='line_1_22' title="bbox 187 2033 1359 2115; baseline -0.004 -17"><span class='ocrx_word' id='word_1_203' title='bbox 187 2040 359 2107; x_wconf 82' lang='lat' dir='ltr'><strong>cruciantur;</strong></span> <span class='ocrx_word' id='word_1_204' title='bbox 381 2040 525 2113; x_wconf 88' lang='lat' dir='ltr'><strong>oportebat</strong></span> <span class='ocrx_word' id='word_1_205' title='bbox 545 2033 647 2096; x_wconf 83' lang='lat' dir='ltr'><strong>autem⁶</strong></span> <span class='ocrx_word' id='word_1_206' title='bbox 667 2057 724 2108; x_wconf 88' lang='lat' dir='ltr'><strong>eos,</strong></span> <span class='ocrx_word' id='word_1_207' title='bbox 748 2041 793 2113; x_wconf 91' lang='lat' dir='ltr'><strong>qni</strong></span> <span class='ocrx_word' id='word_1_208' title='bbox 824 2041 863 2095; x_wconf 92' lang='lat' dir='ltr'><strong>sic</strong></span> <span class='ocrx_word' id='word_1_209' title='bbox 883 2041 1039 2114; x_wconf 87' lang='lat' dir='ltr'><strong>percipiunt</strong></span> <span class='ocrx_word' id='word_1_210' title='bbox 1060 2041 1226 2115; x_wconf 84' lang='lat' dir='ltr'><strong>voluptates,</strong></span> <span class='ocrx_word' id='word_1_211' title='bbox 1254 2047 1284 2095; x_wconf 95' lang='lat' dir='ltr'><strong>ut</strong></span> <span class='ocrx_word' id='word_1_212' title='bbox 1305 2038 1359 2094; x_wconf 79' lang='lat' dir='ltr'><strong>llo·</strong></span> 
     </span>
     <span class='ocr_line' id='line_1_23' title="bbox 187 2120 1359 2196; baseline -0.003 -16"><span class='ocrx_word' id='word_1_213' title='bbox 187 2123 289 2180; x_wconf 88' lang='lat' dir='ltr'><strong>minum</strong></span> <span class='ocrx_word' id='word_1_214' title='bbox 312 2123 520 2190; x_wconf 85' lang='lat' dir='ltr'><strong>obliviscantur,</strong></span> <span class='ocrx_word' id='word_1_215' title='bbox 543 2124 645 2196; x_wconf 89' lang='lat' dir='ltr'><strong>septies</strong></span> <span class='ocrx_word' id='word_1_216' title='bbox 667 2131 770 2178; x_wconf 69' lang='lat' dir='ltr'><strong>mutum</strong></span> <span class='ocrx_word' id='word_1_217' title='bbox 791 2122 845 2195; x_wconf 87' lang='lat' dir='ltr'><strong>pati</strong></span> <span class='ocrx_word' id='word_1_218' title='bbox 866 2120 1033 2195; x_wconf 86' lang='lat' dir='ltr'><strong>poenarum‘</strong></span> <span class='ocrx_word' id='word_1_219' title='bbox 1074 2124 1117 2178; x_wconf 77' lang='lat' dir='ltr'><strong>nit</strong></span> <span class='ocrx_word' id='word_1_220' title='bbox 1144 2123 1224 2178; x_wconf 87' lang='lat' dir='ltr'><strong>mihi:</strong></span> <span class='ocrx_word' id='word_1_221' title='bbox 1254 2122 1359 2189; x_wconf 82' lang='lat' dir='ltr'><strong>,taraus</strong></span> 
     </span>
     <span class='ocr_line' id='line_1_24' title="bbox 186 2202 1358 2278; baseline -0.003 -16"><span class='ocrx_word' id='word_1_222' title='bbox 186 2221 226 2272; x_wconf 87' lang='lat' dir='ltr'><strong>es,</strong></span> <span class='ocrx_word' id='word_1_223' title='bbox 249 2220 300 2260; x_wconf 91' lang='lat' dir='ltr'><strong>nee</strong></span> <span class='ocrx_word' id='word_1_224' title='bbox 322 2204 449 2278; x_wconf 88' lang='lat' dir='ltr'><strong>intelligis</strong></span> <span class='ocrx_word' id='word_1_225' title='bbox 471 2205 552 2261; x_wconf 88' lang='lat' dir='ltr'><strong>hrrius</strong></span> <span class='ocrx_word' id='word_1_226' title='bbox 574 2222 678 2278; x_wconf 88' lang='lat' dir='ltr'><strong>poenae</strong></span> <span class='ocrx_word' id='word_1_227' title='bbox 694 2202 839 2263; x_wconf 85' lang='lat' dir='ltr'><strong>virtutem.‘</strong></span> <span class='ocrx_word' id='word_1_228' title='bbox 883 2204 914 2259; x_wconf 83' lang='lat' dir='ltr'><strong>Et</strong></span> <span class='ocrx_word' id='word_1_229' title='bbox 936 2204 1003 2261; x_wconf 82' lang='lat' dir='ltr'><strong>dini:</strong></span> <span class='ocrx_word' id='word_1_230' title='bbox 1025 2207 1057 2273; x_wconf 90' lang='lat' dir='ltr'><strong>,si</strong></span> <span class='ocrx_word' id='word_1_231' title='bbox 1079 2205 1150 2261; x_wconf 90' lang='lat' dir='ltr'><strong>enim</strong></span> <span class='ocrx_word' id='word_1_232' title='bbox 1171 2204 1358 2274; x_wconf 80' lang='lat' dir='ltr'><strong>intelligerem,</strong></span> 
     </span>
     <span class='ocr_line' id='line_1_25' title="bbox 188 2283 1360 2361; baseline -0.003 -18"><span class='ocrx_word' id='word_1_233' title='bbox 188 2286 304 2351; x_wconf 91' lang='lat' dir='ltr'><strong>domiue,</strong></span> <span class='ocrx_word' id='word_1_234' title='bbox 316 2304 370 2343; x_wconf 90' lang='lat' dir='ltr'><strong>non</strong></span> <span class='ocrx_word' id='word_1_235' title='bbox 389 2289 593 2361; x_wconf 88' lang='lat' dir='ltr'><strong>interrogarem,</strong></span> <span class='ocrx_word' id='word_1_236' title='bbox 613 2297 643 2343; x_wconf 93' lang='lat' dir='ltr'><strong>ut</strong></span> <span class='ocrx_word' id='word_1_237' title='bbox 657 2287 860 2344; x_wconf 79' lang='lat' dir='ltr'><strong>demonstrares</strong></span> <span class='ocrx_word' id='word_1_238' title='bbox 872 2286 954 2342; x_wconf 82' lang='lat' dir='ltr'><strong>miht‘</strong></span> <span class='ocrx_word' id='word_1_239' title='bbox 996 2283 1117 2353; x_wconf 79' lang='lat' dir='ltr'><strong>*‚tudi,‘</strong></span> <span class='ocrx_word' id='word_1_240' title='bbox 1131 2288 1226 2359; x_wconf 90' lang='lat' dir='ltr'><strong>inquit,</strong></span> <span class='ocrx_word' id='word_1_241' title='bbox 1248 2293 1360 2358; x_wconf 82' lang='lat' dir='ltr'><strong>,quatita</strong></span> 
     </span>
     <span class='ocr_line' id='line_1_26' title="bbox 187 2362 1358 2444; baseline -0.003 -18"><span class='ocrx_word' id='word_1_242' title='bbox 187 2370 223 2426; x_wconf 87' lang='lat' dir='ltr'><strong>sit</strong></span> <span class='ocrx_word' id='word_1_243' title='bbox 244 2370 283 2425; x_wconf 86' lang='lat' dir='ltr'><strong>vis</strong></span> <span class='ocrx_word' id='word_1_244' title='bbox 298 2370 448 2443; x_wconf 91' lang='lat' dir='ltr'><strong>utriusque,</strong></span> <span class='ocrx_word' id='word_1_245' title='bbox 471 2369 622 2426; x_wconf 86' lang='lat' dir='ltr'><strong>dulcedinis</strong></span> <span class='ocrx_word' id='word_1_246' title='bbox 637 2387 668 2426; x_wconf 87' lang='lat' dir='ltr'><strong>ac</strong></span> <span class='ocrx_word' id='word_1_247' title='bbox 687 2362 814 2444; x_wconf 66' lang='lat' dir='ltr'><strong>poenae.o</strong></span> <span class='ocrx_word' id='word_1_248' title='bbox 856 2362 1022 2424; x_wconf 77' lang='lat' dir='ltr'><strong>lirrlcedinis&#39;</strong></span> <span class='ocrx_word' id='word_1_249' title='bbox 1045 2385 1098 2425; x_wconf 89' lang='lat' dir='ltr'><strong>una</strong></span> <span class='ocrx_word' id='word_1_250' title='bbox 1116 2370 1184 2425; x_wconf 89' lang='lat' dir='ltr'><strong>hora</strong></span> <span class='ocrx_word' id='word_1_251' title='bbox 1196 2384 1246 2425; x_wconf 90' lang='lat' dir='ltr'><strong>suo</strong></span> <span class='ocrx_word' id='word_1_252' title='bbox 1269 2367 1358 2441; x_wconf 83' lang='lat' dir='ltr'><strong>spatio</strong></span> 
     </span>
     <span class='ocr_line' id='line_1_27' title="bbox 188 2445 1357 2525; baseline -0.003 -17"><span class='ocrx_word' id='word_1_253' title='bbox 188 2452 361 2524; x_wconf 64' lang='lat' dir='ltr'><strong>terminatum</strong></span> <span class='ocrx_word' id='word_1_254' title='bbox 384 2445 501 2525; x_wconf 82' lang='lat' dir='ltr'><strong>poenae⁸</strong></span> <span class='ocrx_word' id='word_1_255' title='bbox 532 2469 596 2508; x_wconf 86' lang='lat' dir='ltr'><strong>vero</strong></span> <span class='ocrx_word' id='word_1_256' title='bbox 618 2469 672 2509; x_wconf 93' lang='lat' dir='ltr'><strong>una</strong></span> <span class='ocrx_word' id='word_1_257' title='bbox 693 2452 761 2507; x_wconf 90' lang='lat' dir='ltr'><strong>hora</strong></span> <span class='ocrx_word' id='word_1_258' title='bbox 784 2450 891 2524; x_wconf 89' lang='lat' dir='ltr'><strong>triginta</strong></span> <span class='ocrx_word' id='word_1_259' title='bbox 921 2451 1026 2507; x_wconf 88' lang='lat' dir='ltr'><strong>dierum</strong></span> <span class='ocrx_word' id='word_1_260' title='bbox 1048 2452 1101 2507; x_wconf 83' lang='lat' dir='ltr'><strong>vim</strong></span> <span class='ocrx_word' id='word_1_261' title='bbox 1122 2450 1254 2525; x_wconf 81' lang='lat' dir='ltr'><strong>possidet</strong></span> <span class='ocrx_word' id='word_1_262' title='bbox 1296 2449 1357 2517; x_wconf 87' lang='lat' dir='ltr'><strong>Qui·</strong></span> 
     </span>
     <span class='ocr_line' id='line_1_28' title="bbox 189 2525 1357 2609; baseline -0.003 -19"><span class='ocrx_word' id='word_1_263' title='bbox 189 2549 296 2609; x_wconf 88' lang='lat' dir='ltr'><strong>cunque</strong></span> <span class='ocrx_word' id='word_1_264' title='bbox 319 2535 400 2606; x_wconf 88' lang='lat' dir='ltr'><strong>igitur·</strong></span> <span class='ocrx_word' id='word_1_265' title='bbox 427 2549 481 2589; x_wconf 91' lang='lat' dir='ltr'><strong>uno</strong></span> <span class='ocrx_word' id='word_1_266' title='bbox 509 2534 552 2590; x_wconf 91' lang='lat' dir='ltr'><strong>die</strong></span> <span class='ocrx_word' id='word_1_267' title='bbox 579 2535 735 2608; x_wconf 88' lang='lat' dir='ltr'><strong>perceperit</strong></span> <span class='ocrx_word' id='word_1_268' title='bbox 763 2525 896 2589; x_wconf 80' lang='lat' dir='ltr'><strong>fallacem⁹</strong></span> <span class='ocrx_word' id='word_1_269' title='bbox 927 2532 1096 2590; x_wconf 90' lang='lat' dir='ltr'><strong>dulcedinem</strong></span> <span class='ocrx_word' id='word_1_270' title='bbox 1124 2550 1156 2589; x_wconf 91' lang='lat' dir='ltr'><strong>ac</strong></span> <span class='ocrx_word' id='word_1_271' title='bbox 1184 2532 1357 2606; x_wconf 84' lang='lat' dir='ltr'><strong>voluptatem,</strong></span> 
     </span>
     <span class='ocr_line' id='line_1_29' title="bbox 188 2612 1358 2689; baseline -0.003 -19"><span class='ocrx_word' id='word_1_272' title='bbox 188 2631 300 2688; x_wconf 91' lang='lat' dir='ltr'><strong>unoque</strong></span> <span class='ocrx_word' id='word_1_273' title='bbox 326 2616 369 2672; x_wconf 91' lang='lat' dir='ltr'><strong>die</strong></span> <span class='ocrx_word' id='word_1_274' title='bbox 391 2617 527 2672; x_wconf 87' lang='lat' dir='ltr'><strong>cruciatus</strong></span> <span class='ocrx_word' id='word_1_275' title='bbox 549 2617 599 2684; x_wconf 92' lang='lat' dir='ltr'><strong>sit,</strong></span> <span class='ocrx_word' id='word_1_276' title='bbox 622 2617 683 2672; x_wconf 92' lang='lat' dir='ltr'><strong>anni</strong></span> <span class='ocrx_word' id='word_1_277' title='bbox 705 2616 821 2689; x_wconf 88' lang='lat' dir='ltr'><strong>spatium</strong></span> <span class='ocrx_word' id='word_1_278' title='bbox 845 2615 902 2671; x_wconf 92' lang='lat' dir='ltr'><strong>dies</strong></span> <span class='ocrx_word' id='word_1_279' title='bbox 932 2616 976 2671; x_wconf 93' lang='lat' dir='ltr'><strong>ille</strong></span> <span class='ocrx_word' id='word_1_280' title='bbox 999 2617 1134 2673; x_wconf 86' lang='lat' dir='ltr'><strong>cruciatus</strong></span> <span class='ocrx_word' id='word_1_281' title='bbox 1164 2617 1222 2672; x_wconf 92' lang='lat' dir='ltr'><strong>eius</strong></span> <span class='ocrx_word' id='word_1_282' title='bbox 1250 2612 1358 2669; x_wconf 84' lang='lat' dir='ltr'><strong>valebit.</strong></span> 
     </span>
     <span class='ocr_line' id='line_1_30' title="bbox 188 2697 1359 2771; baseline -0.003 -18"><span class='ocrx_word' id='word_1_283' title='bbox 188 2698 240 2765; x_wconf 89' lang='lat' dir='ltr'><strong>lta,</strong></span> <span class='ocrx_word' id='word_1_284' title='bbox 263 2707 329 2771; x_wconf 90' lang='lat' dir='ltr'><strong>quot</strong></span> <span class='ocrx_word' id='word_1_285' title='bbox 351 2699 409 2754; x_wconf 90' lang='lat' dir='ltr'><strong>dics</strong></span> <span class='ocrx_word' id='word_1_286' title='bbox 431 2700 586 2771; x_wconf 86' lang='lat' dir='ltr'><strong>perceperit</strong></span> <span class='ocrx_word' id='word_1_287' title='bbox 616 2699 732 2771; x_wconf 89' lang='lat' dir='ltr'><strong>quisque</strong></span> <span class='ocrx_word' id='word_1_288' title='bbox 762 2697 940 2771; x_wconf 87' lang='lat' dir='ltr'><strong>voluptatem,</strong></span> <span class='ocrx_word' id='word_1_289' title='bbox 963 2698 1075 2754; x_wconf 90' lang='lat' dir='ltr'><strong>totidem</strong></span> <span class='ocrx_word' id='word_1_290' title='bbox 1105 2699 1181 2755; x_wconf 86' lang='lat' dir='ltr'><strong>annis</strong></span> <span class='ocrx_word' id='word_1_291' title='bbox 1210 2698 1359 2754; x_wconf 86' lang='lat' dir='ltr'><strong>cruciatur.</strong></span> 
     </span>
     <span class='ocr_line' id='line_1_31' title="bbox 188 2773 1357 2854; baseline -0.003 -19"><span class='ocrx_word' id='word_1_292' title='bbox 188 2778 270 2835; x_wconf 88' lang='lat' dir='ltr'><strong>Vides</strong></span> <span class='ocrx_word' id='word_1_293' title='bbox 291 2781 380 2853; x_wconf 90' lang='lat' dir='ltr'><strong>igitur,</strong></span> <span class='ocrx_word' id='word_1_294' title='bbox 403 2780 498 2852; x_wconf 89' lang='lat' dir='ltr'><strong>iuquit,</strong></span> <span class='ocrx_word' id='word_1_295' title='bbox 522 2781 647 2853; x_wconf 79' lang='lat' dir='ltr'><strong>exiguum</strong></span> <span class='ocrx_word' id='word_1_296' title='bbox 667 2796 729 2836; x_wconf 91' lang='lat' dir='ltr'><strong>csse</strong></span> <span class='ocrx_word' id='word_1_297' title='bbox 751 2789 858 2854; x_wconf 90' lang='lat' dir='ltr'><strong>tempus</strong></span> <span class='ocrx_word' id='word_1_298' title='bbox 878 2773 1053 2838; x_wconf 85' lang='lat' dir='ltr'><strong>mundanae¹⁰</strong></span> <span class='ocrx_word' id='word_1_299' title='bbox 1075 2778 1225 2837; x_wconf 89' lang='lat' dir='ltr'><strong>dulcedinis</strong></span> <span class='ocrx_word' id='word_1_300' title='bbox 1252 2795 1283 2832; x_wconf 88' lang='lat' dir='ltr'><strong>ac</strong></span> <span class='ocrx_word' id='word_1_301' title='bbox 1311 2795 1357 2831; x_wconf 85' lang='lat' dir='ltr'><strong>vo·</strong></span> 
     </span>
     <span class='ocr_line' id='line_1_32' title="bbox 188 2860 955 2935; baseline 0 -19"><span class='ocrx_word' id='word_1_302' title='bbox 188 2861 308 2934; x_wconf 87' lang='lat' dir='ltr'><strong>luptatis,</strong></span> <span class='ocrx_word' id='word_1_303' title='bbox 333 2877 437 2934; x_wconf 91' lang='lat' dir='ltr'><strong>poenae</strong></span> <span class='ocrx_word' id='word_1_304' title='bbox 462 2878 527 2917; x_wconf 88' lang='lat' dir='ltr'><strong>vero</strong></span> <span class='ocrx_word' id='word_1_305' title='bbox 551 2869 801 2935; x_wconf 89' lang='lat' dir='ltr'><strong>tormentorumque</strong></span> <span class='ocrx_word' id='word_1_306' title='bbox 824 2860 955 2935; x_wconf 62' lang='lat' dir='ltr'><strong>amplius!</strong></span> 
     </span>
    </p>
   </div>
   <div class='ocr_carea' id='block_1_4' title="bbox 188 2943 1364 3798">
    <p class='ocr_par' dir='ltr' id='par_1_4' title="bbox 188 2943 1364 3798">
     <span class='ocr_line' id='line_1_33' title="bbox 192 2943 1359 3033; baseline -0.001 -22"><span class='ocrx_word' id='word_1_307' title='bbox 192 2946 280 3012; x_wconf 78' lang='grc' dir='ltr'><strong>Επᾶν</strong></span> <span class='ocrx_word' id='word_1_308' title='bbox 300 2947 355 3033; x_wconf 78' lang='grc' dir='ltr'><strong><em>γὰρ</em></strong></span> <span class='ocrx_word' id='word_1_309' title='bbox 377 2947 522 3013; x_wconf 77' lang='grc' dir='ltr'><strong><em>ἀποστῶσι</em></strong></span> <span class='ocrx_word' id='word_1_310' title='bbox 552 2957 606 3014; x_wconf 82' lang='grc' dir='ltr'><strong><em>τοῦ</em></strong></span> <span class='ocrx_word' id='word_1_311' title='bbox 639 2953 730 3032; x_wconf 85' lang='grc' dir='ltr'><strong><em>Θεοῦ,</em></strong></span> <span class='ocrx_word' id='word_1_312' title='bbox 762 2954 924 3032; x_wconf 82' lang='grc' dir='ltr'><strong><em>νομίζοντες</em></strong></span> <span class='ocrx_word' id='word_1_313' title='bbox 954 2953 986 3016; x_wconf 71' lang='grc' dir='ltr'><strong>ἓν</strong></span> <span class='ocrx_word' id='word_1_314' title='bbox 1018 2949 1179 3016; x_wconf 73' lang='grc' dir='ltr'><strong><em>ἆναπαύσει</em></strong></span> <span class='ocrx_word' id='word_1_315' title='bbox 1205 2943 1278 3012; x_wconf 77' lang='grc' dir='ltr'><strong><em>εἶναι</em></strong></span> <span class='ocrx_word' id='word_1_316' title='bbox 1306 2951 1359 3011; x_wconf 78' lang='grc' dir='ltr'><strong><em>καί</em></strong></span> 
     </span>
     <span class='ocr_line' id='line_1_34' title="bbox 188 3029 1363 3117; baseline -0.001 -22"><span class='ocrx_word' id='word_1_317' title='bbox 188 3029 309 3117; x_wconf 77' lang='grc' dir='ltr'><strong><em>πλούτῳ,</em></strong></span> <span class='ocrx_word' id='word_1_318' title='bbox 331 3029 396 3096; x_wconf 87' lang='grc' dir='ltr'><strong><em>τότε</em></strong></span> <span class='ocrx_word' id='word_1_319' title='bbox 415 3039 605 3116; x_wconf 79' lang='grc' dir='ltr'><strong><em>τιμωροῦνται</em></strong></span> <span class='ocrx_word' id='word_1_320' title='bbox 626 3033 728 3115; x_wconf 76' lang='grc' dir='ltr'><strong><em>οἱμὲν</em></strong></span> <span class='ocrx_word' id='word_1_321' title='bbox 748 3032 946 3115; x_wconf 82' lang='grc' dir='ltr'><strong><em>ζημιούμενοι,</em></strong></span> <span class='ocrx_word' id='word_1_322' title='bbox 970 3035 1002 3097; x_wconf 84' lang='lat' dir='ltr'><strong>oi</strong></span> <span class='ocrx_word' id='word_1_323' title='bbox 1027 3035 1058 3097; x_wconf 76' lang='lat' dir='ltr'><strong>di</strong></span> <span class='ocrx_word' id='word_1_324' title='bbox 1086 3030 1307 3117; x_wconf 73' lang='grc' dir='ltr'><strong><em>ὑστερούμενοι,</em></strong></span> <span class='ocrx_word' id='word_1_325' title='bbox 1330 3034 1363 3095; x_wconf 81' lang='lat' dir='ltr'><strong>oi</strong></span> 
     </span>
     <span class='ocr_line' id='line_1_35' title="bbox 188 3113 1359 3197; baseline 0.001 -20"><span class='ocrx_word' id='word_1_326' title='bbox 188 3113 220 3178; x_wconf 78' lang='lat' dir='ltr'><strong>di</strong></span> <span class='ocrx_word' id='word_1_327' title='bbox 241 3113 409 3189; x_wconf 75' lang='grc' dir='ltr'><strong><em>ἀσθενείαις</em></strong></span> <span class='ocrx_word' id='word_1_328' title='bbox 429 3118 574 3189; x_wconf 79' lang='grc' dir='ltr'><strong><em>ποιιιίίαις</em></strong></span> <span class='ocrx_word' id='word_1_329' title='bbox 604 3119 839 3196; x_wconf 77' lang='grc' dir='ltr'><strong><em>περιπίπτοντες,</em></strong></span> <span class='ocrx_word' id='word_1_330' title='bbox 861 3114 943 3180; x_wconf 70' lang='grc' dir='ltr'><strong><em>ἄλλοι</em></strong></span> <span class='ocrx_word' id='word_1_331' title='bbox 961 3117 993 3180; x_wconf 77' lang='grc' dir='ltr'><strong>ἕν</strong></span> <span class='ocrx_word' id='word_1_332' title='bbox 1014 3114 1246 3192; x_wconf 83' lang='grc' dir='ltr'><strong><em>ἆκαταστασίαις,</em></strong></span> <span class='ocrx_word' id='word_1_333' title='bbox 1268 3115 1359 3197; x_wconf 78' lang='grc' dir='ltr'><strong><em>ἕτεροι</em></strong></span> 
     </span>
     <span class='ocr_line' id='line_1_36' title="bbox 189 3193 1361 3279; baseline 0.002 -21"><span class='ocrx_word' id='word_1_334' title='bbox 189 3193 371 3277; x_wconf 70' lang='grc' dir='ltr'><strong><em>ὑβριζόμενοι</em></strong></span> <span class='ocrx_word' id='word_1_335' title='bbox 391 3194 450 3260; x_wconf 74' lang='grc' dir='ltr'><strong>ὑπὸ</strong></span> <span class='ocrx_word' id='word_1_336' title='bbox 470 3204 529 3260; x_wconf 85' lang='grc' dir='ltr'><strong><em>τῶν</em></strong></span> <span class='ocrx_word' id='word_1_337' title='bbox 541 3197 706 3274; x_wconf 74' lang='grc' dir='ltr'><strong><em>ἐλαττόνων,</em></strong></span> <span class='ocrx_word' id='word_1_338' title='bbox 729 3199 778 3262; x_wconf 80' lang='grc' dir='ltr'><strong><em>καί</em></strong></span> <span class='ocrx_word' id='word_1_339' title='bbox 794 3199 903 3279; x_wconf 81' lang='grc' dir='ltr'><strong><em>ἕτίραις</em></strong></span> <span class='ocrx_word' id='word_1_340' title='bbox 920 3202 1065 3275; x_wconf 70' lang='grc' dir='ltr'><strong><em>ποικίλαις</em></strong></span> <span class='ocrx_word' id='word_1_341' title='bbox 1076 3199 1204 3278; x_wconf 79' lang='grc' dir='ltr'><strong><em>πράξεσι.</em></strong></span> <span class='ocrx_word' id='word_1_342' title='bbox 1249 3199 1361 3261; x_wconf 73' lang='grc' dir='ltr'><strong><em>Πολλοί</em></strong></span> 
     </span>
     <span class='ocr_line' id='line_1_37' title="bbox 188 3275 1362 3364; baseline 0.006 -25"><span class='ocrx_word' id='word_1_343' title='bbox 188 3275 243 3361; x_wconf 75' lang='grc' dir='ltr'><strong><em>γὰρ</em></strong></span> <span class='ocrx_word' id='word_1_344' title='bbox 265 3275 474 3354; x_wconf 73' lang='grc' dir='ltr'><strong><em>ἀπαναστάντες</em></strong></span> <span class='ocrx_word' id='word_1_345' title='bbox 495 3280 527 3342; x_wconf 75' lang='grc' dir='ltr'><strong>ἐν</strong></span> <span class='ocrx_word' id='word_1_346' title='bbox 547 3288 610 3354; x_wconf 84' lang='grc' dir='ltr'><strong><em>ταῖς</em></strong></span> <span class='ocrx_word' id='word_1_347' title='bbox 630 3284 750 3361; x_wconf 71' lang='grc' dir='ltr'><strong><em>βουλαῖς</em></strong></span> <span class='ocrx_word' id='word_1_348' title='bbox 770 3278 867 3346; x_wconf 79' lang='grc' dir='ltr'><strong><em>αὐτῶν</em></strong></span> <span class='ocrx_word' id='word_1_349' title='bbox 882 3283 1145 3364; x_wconf 78' lang='grc' dir='ltr'><strong><em>ίπιβάλίονται,είς</em></strong></span> <span class='ocrx_word' id='word_1_350' title='bbox 1158 3281 1250 3347; x_wconf 72' lang='grc' dir='ltr'><strong><em>πολλὰ</em></strong></span> <span class='ocrx_word' id='word_1_351' title='bbox 1270 3281 1362 3364; x_wconf 80' lang='grc' dir='ltr'><strong><em>πρᾶγ·</em></strong></span> 
     </span>
     <span class='ocr_line' id='line_1_38' title="bbox 189 3359 1361 3448; baseline 0.004 -27"><span class='ocrx_word' id='word_1_352' title='bbox 189 3385 279 3437; x_wconf 87' lang='grc' dir='ltr'><strong><em>ματα,</em></strong></span> <span class='ocrx_word' id='word_1_353' title='bbox 301 3360 351 3422; x_wconf 78' lang='grc' dir='ltr'><strong><em>καί</em></strong></span> <span class='ocrx_word' id='word_1_354' title='bbox 371 3359 459 3424; x_wconf 77' lang='grc' dir='ltr'><strong><em>οὐδὲν</em></strong></span> <span class='ocrx_word' id='word_1_355' title='bbox 480 3360 580 3437; x_wconf 84' lang='grc' dir='ltr'><strong><em>αὐτοῖς</em></strong></span> <span class='ocrx_word' id='word_1_356' title='bbox 600 3361 676 3439; x_wconf 77' lang='grc' dir='ltr'><strong><em>ὅλαις</em></strong></span> <span class='ocrx_word' id='word_1_357' title='bbox 695 3361 864 3446; x_wconf 83' lang='grc' dir='ltr'><strong><em>ὖποβαίνει,</em></strong></span> <span class='ocrx_word' id='word_1_358' title='bbox 892 3368 941 3430; x_wconf 80' lang='grc' dir='ltr'><strong><em>καί</em></strong></span> <span class='ocrx_word' id='word_1_359' title='bbox 968 3366 1218 3448; x_wconf 77' lang='grc' dir='ltr'><strong><em>δυσχεραίνουσιν,</em></strong></span> <span class='ocrx_word' id='word_1_360' title='bbox 1246 3365 1296 3428; x_wconf 75' lang='grc' dir='ltr'><strong><em>καί</em></strong></span> <span class='ocrx_word' id='word_1_361' title='bbox 1323 3361 1361 3426; x_wconf 79' lang='grc' dir='ltr'><strong>οὗ</strong></span> 
     </span>
     <span class='ocr_line' id='line_1_39' title="bbox 189 3439 1362 3530; baseline 0.003 -24"><span class='ocrx_word' id='word_1_362' title='bbox 189 3439 388 3527; x_wconf 71' lang='grc' dir='ltr'><strong><em>γινώσκουσιν,</em></strong></span> <span class='ocrx_word' id='word_1_363' title='bbox 410 3442 455 3508; x_wconf 75' lang='grc' dir='ltr'><strong>ὅτι</strong></span> <span class='ocrx_word' id='word_1_364' title='bbox 476 3443 524 3507; x_wconf 80' lang='lat' dir='ltr'><strong>dui</strong></span> <span class='ocrx_word' id='word_1_365' title='bbox 545 3443 711 3528; x_wconf 74' lang='grc' dir='ltr'><strong><em>τὰπονηρᾶ,</em></strong></span> <span class='ocrx_word' id='word_1_366' title='bbox 734 3446 899 3530; x_wconf 72' lang='grc' dir='ltr'><strong><em>ἃίπραξαν,</em></strong></span> <span class='ocrx_word' id='word_1_367' title='bbox 923 3447 977 3513; x_wconf 78' lang='grc' dir='ltr'><strong>οὐκ</strong></span> <span class='ocrx_word' id='word_1_368' title='bbox 990 3447 1174 3512; x_wconf 78' lang='grc' dir='ltr'><strong><em>εὖοδοῦνται·</em></strong></span> <span class='ocrx_word' id='word_1_369' title='bbox 1196 3448 1245 3510; x_wconf 80' lang='grc' dir='ltr'><strong><em>καί</em></strong></span> <span class='ocrx_word' id='word_1_370' title='bbox 1257 3445 1362 3510; x_wconf 74' lang='grc' dir='ltr'><strong><em>λοιπὸν</em></strong></span> 
     </span>
     <span class='ocr_line' id='line_1_40' title="bbox 189 3525 1363 3613; baseline 0.003 -24"><span class='ocrx_word' id='word_1_371' title='bbox 189 3529 364 3605; x_wconf 60' lang='lat' dir='ltr'><strong>adstrictas]</strong></span> <span class='ocrx_word' id='word_1_372' title='bbox 393 3525 445 3592; x_wconf 87' lang='grc' dir='ltr'><strong><em>τὸν</em></strong></span> <span class='ocrx_word' id='word_1_373' title='bbox 474 3526 591 3613; x_wconf 82' lang='grc' dir='ltr'><strong><em>κύριον,</em></strong></span> <span class='ocrx_word' id='word_1_374' title='bbox 620 3532 670 3594; x_wconf 81' lang='grc' dir='ltr'><strong><em>καὶ</em></strong></span> <span class='ocrx_word' id='word_1_375' title='bbox 690 3527 744 3594; x_wconf 79' lang='grc' dir='ltr'><strong>οὖν</strong></span> <span class='ocrx_word' id='word_1_376' title='bbox 765 3529 915 3613; x_wconf 76' lang='grc' dir='ltr'><strong><em>ἀνέχονται</em></strong></span> <span class='ocrx_word' id='word_1_377' title='bbox 935 3530 986 3607; x_wconf 80' lang='grc' dir='ltr'><strong><em>τὰς</em></strong></span> <span class='ocrx_word' id='word_1_378' title='bbox 1012 3528 1116 3605; x_wconf 79' lang='grc' dir='ltr'><strong><em>λοιπὰς</em></strong></span> <span class='ocrx_word' id='word_1_379' title='bbox 1135 3527 1245 3612; x_wconf 74' lang='grc' dir='ltr'><strong><em>ἡμέρας</em></strong></span> <span class='ocrx_word' id='word_1_380' title='bbox 1264 3526 1363 3592; x_wconf 78' lang='grc' dir='ltr'><strong><em>αὐτῶν</em></strong></span> 
     </span>
     <span class='ocr_line' id='line_1_41' title="bbox 190 3609 1362 3721; baseline 0.003 -50"><span class='ocrx_word' id='word_1_381' title='bbox 190 3609 414 3689; x_wconf 77' lang='grc' dir='ltr'><strong><em>ἐπιστρέψαντες</em></strong></span> <span class='ocrx_word' id='word_1_382' title='bbox 435 3613 589 3676; x_wconf 80' lang='grc' dir='ltr'><strong><em>δουλεῦσαι</em></strong></span> <span class='ocrx_word' id='word_1_383' title='bbox 610 3620 651 3699; x_wconf 79' lang='grc' dir='ltr'><strong><em>τῷ</em></strong></span> <span class='ocrx_word' id='word_1_384' title='bbox 668 3616 732 3700; x_wconf 80' lang='grc' dir='ltr'><strong><em>Θεῷ</em></strong></span> <span class='ocrx_word' id='word_1_385' title='bbox 755 3615 786 3678; x_wconf 82' lang='grc' dir='ltr'><strong>ἕν</strong></span> <span class='ocrx_word' id='word_1_386' title='bbox 805 3622 926 3721; x_wconf 77' lang='grc' dir='ltr'><strong><em>καθαρᾷ</em></strong></span> <span class='ocrx_word' id='word_1_387' title='bbox 946 3615 1060 3700; x_wconf 76' lang='grc' dir='ltr'><strong><em>ιιαρδίμ.</em></strong></span> <span class='ocrx_word' id='word_1_388' title='bbox 1094 3611 1151 3675; x_wconf 69' lang='lat' dir='ltr'><strong>”Au</strong></span> <span class='ocrx_word' id='word_1_389' title='bbox 1172 3613 1204 3676; x_wconf 76' lang='lat' dir='ltr'><strong>di</strong></span> <span class='ocrx_word' id='word_1_390' title='bbox 1224 3609 1362 3693; x_wconf 75' lang='grc' dir='ltr'><strong><em>μετανοή-</em></strong></span> 
     </span>
     <span class='ocr_line' id='line_1_42' title="bbox 190 3689 1364 3798; baseline 0.003 -43"><span class='ocrx_word' id='word_1_391' title='bbox 190 3711 262 3756; x_wconf 84' lang='grc' dir='ltr'><strong><em>σωσι</em></strong></span> <span class='ocrx_word' id='word_1_392' title='bbox 282 3692 332 3754; x_wconf 80' lang='grc' dir='ltr'><strong><em>καί</em></strong></span> <span class='ocrx_word' id='word_1_393' title='bbox 352 3689 535 3774; x_wconf 78' lang='grc' dir='ltr'><strong><em>ἇνανήιμασι,</em></strong></span> <span class='ocrx_word' id='word_1_394' title='bbox 557 3692 621 3760; x_wconf 86' lang='grc' dir='ltr'><strong><em>τότε</em></strong></span> <span class='ocrx_word' id='word_1_395' title='bbox 642 3704 770 3773; x_wconf 85' lang='grc' dir='ltr'><strong><em>συνιῶσι,</em></strong></span> <span class='ocrx_word' id='word_1_396' title='bbox 792 3696 837 3761; x_wconf 78' lang='grc' dir='ltr'><strong>ὅτι</strong></span> <span class='ocrx_word' id='word_1_397' title='bbox 858 3700 907 3760; x_wconf 79' lang='grc' dir='ltr'><strong>δια</strong></span> <span class='ocrx_word' id='word_1_398' title='bbox 927 3697 962 3761; x_wconf 77' lang='grc' dir='ltr'><strong><em>τὰ</em></strong></span> <span class='ocrx_word' id='word_1_399' title='bbox 981 3697 1049 3781; x_wconf 74' lang='grc' dir='ltr'><strong><em>ἔργα</em></strong></span> <span class='ocrx_word' id='word_1_400' title='bbox 1066 3693 1164 3759; x_wconf 75' lang='grc' dir='ltr'><strong><em>αὐτῶν</em></strong></span> <span class='ocrx_word' id='word_1_401' title='bbox 1184 3694 1220 3759; x_wconf 81' lang='grc' dir='ltr'><strong><em>τὰ</em></strong></span> <span class='ocrx_word' id='word_1_402' title='bbox 1246 3692 1364 3798; x_wconf 79' lang='grc' dir='ltr'><strong><em>πονηρὰ</em></strong></span> 
     </span>
    </p>
   </div>
   <div class='ocr_carea' id='block_1_5' title="bbox 190 3771 1364 3945">
    <p class='ocr_par' dir='ltr' id='par_1_5' title="bbox 190 3771 1364 3945">
     <span class='ocr_line' id='line_1_43' title="bbox 190 3771 1364 3862; baseline 0.002 -25"><span class='ocrx_word' id='word_1_403' title='bbox 190 3771 246 3837; x_wconf 81' lang='grc' dir='ltr'><strong>οὖν</strong></span> <span class='ocrx_word' id='word_1_404' title='bbox 267 3771 439 3838; x_wconf 77' lang='grc' dir='ltr'><strong><em>εὐοδοῦντο·</em></strong></span> <span class='ocrx_word' id='word_1_405' title='bbox 467 3779 517 3841; x_wconf 79' lang='grc' dir='ltr'><strong><em>καί</em></strong></span> <span class='ocrx_word' id='word_1_406' title='bbox 545 3778 637 3853; x_wconf 77' lang='grc' dir='ltr'><strong><em>οὕτως</em></strong></span> <span class='ocrx_word' id='word_1_407' title='bbox 657 3776 808 3855; x_wconf 77' lang='grc' dir='ltr'><strong><em>δοξάζουσι</em></strong></span> <span class='ocrx_word' id='word_1_408' title='bbox 834 3777 885 3842; x_wconf 78' lang='grc' dir='ltr'><strong><em>τὸν</em></strong></span> <span class='ocrx_word' id='word_1_409' title='bbox 907 3776 1023 3862; x_wconf 75' lang='grc' dir='ltr'><strong><em>κύριον,</em></strong></span> <span class='ocrx_word' id='word_1_410' title='bbox 1055 3778 1100 3842; x_wconf 75' lang='grc' dir='ltr'><strong>ὅτι</strong></span> <span class='ocrx_word' id='word_1_411' title='bbox 1128 3781 1241 3853; x_wconf 81' lang='grc' dir='ltr'><strong><em>δίκαιος</em></strong></span> <span class='ocrx_word' id='word_1_412' title='bbox 1262 3802 1364 3857; x_wconf 81' lang='grc' dir='ltr'><strong><em>ιιριτης</em></strong></span> 
     </span>
     <span class='ocr_line' id='line_1_44' title="bbox 190 3857 1361 3945; baseline 0.002 -24"><span class='ocrx_word' id='word_1_413' title='bbox 190 3857 274 3935; x_wconf 67' lang='grc' dir='ltr'><strong><em>ἔστιν,</em></strong></span> <span class='ocrx_word' id='word_1_414' title='bbox 295 3858 345 3919; x_wconf 81' lang='grc' dir='ltr'><strong><em>καί</em></strong></span> <span class='ocrx_word' id='word_1_415' title='bbox 364 3859 483 3934; x_wconf 77' lang='grc' dir='ltr'><strong><em>δικαίας</em></strong></span> <span class='ocrx_word' id='word_1_416' title='bbox 504 3861 626 3939; x_wconf 66' lang='grc' dir='ltr'><strong><em>ἔπαθον,</em></strong></span> <span class='ocrx_word' id='word_1_417' title='bbox 650 3863 700 3925; x_wconf 78' lang='grc' dir='ltr'><strong><em>καί</em></strong></span> <span class='ocrx_word' id='word_1_418' title='bbox 721 3860 938 3943; x_wconf 78' lang='grc' dir='ltr'><strong><em>ἒπαιδεύθησαν</em></strong></span> <span class='ocrx_word' id='word_1_419' title='bbox 959 3859 1033 3924; x_wconf 78' lang='grc' dir='ltr'><strong><em>κατὰ</em></strong></span> <span class='ocrx_word' id='word_1_420' title='bbox 1051 3859 1104 3937; x_wconf 77' lang='grc' dir='ltr'><strong><em>τὰς</em></strong></span> <span class='ocrx_word' id='word_1_421' title='bbox 1122 3859 1240 3945; x_wconf 74' lang='grc' dir='ltr'><strong><em>πράξεις</em></strong></span> <span class='ocrx_word' id='word_1_422' title='bbox 1255 3858 1361 3923; x_wconf 77' lang='grc' dir='ltr'><strong><em>αὐτῶν.</em></strong></span> 
     </span>
    </p>
   </div>
   <div class='ocr_carea' id='block_1_6' title="bbox 191 4006 1363 4420">
    <p class='ocr_par' dir='ltr' id='par_1_6' title="bbox 241 4006 1363 4082">
     <span class='ocr_line' id='line_1_45' title="bbox 241 4006 1363 4082; baseline 0.001 -14"><span class='ocrx_word' id='word_1_423' title='bbox 241 4017 268 4080; x_wconf 87' lang='grc'><strong>6)</strong></span> <span class='ocrx_word' id='word_1_424' title='bbox 288 4019 313 4066; x_wconf 84' lang='lat' dir='ltr'><strong>in</strong></span> <span class='ocrx_word' id='word_1_425' title='bbox 331 4019 378 4066; x_wconf 81' lang='lat' dir='ltr'><strong>cito</strong></span> <span class='ocrx_word' id='word_1_426' title='bbox 397 4033 441 4066; x_wconf 86' lang='grc' dir='ltr'><strong>ταα</strong></span> <span class='ocrx_word' id='word_1_427' title='bbox 459 4018 543 4068; x_wconf 78' lang='lat' dir='ltr'><strong>cotidie</strong></span> <span class='ocrx_word' id='word_1_428' title='bbox 561 4006 695 4082; x_wconf 84' lang='lat' dir='ltr'><strong>uanspo&#39;nit</strong></span> <span class='ocrx_word' id='word_1_429' title='bbox 708 4020 758 4069; x_wconf 80' lang='lat' dir='ltr'><strong>Vnt.</strong></span> <span class='ocrx_word' id='word_1_430' title='bbox 843 4017 886 4082; x_wconf 84' lang='lat' dir='ltr'><strong>to)</strong></span> <span class='ocrx_word' id='word_1_431' title='bbox 904 4035 969 4069; x_wconf 82' lang='lat' dir='ltr'><strong>omne</strong></span> <span class='ocrx_word' id='word_1_432' title='bbox 986 4035 1035 4069; x_wconf 81' lang='grc' dir='ltr'><strong>σου</strong></span> <span class='ocrx_word' id='word_1_433' title='bbox 1052 4019 1098 4081; x_wconf 87' lang='lat' dir='ltr'><strong>leg.</strong></span> <span class='ocrx_word' id='word_1_434' title='bbox 1119 4019 1142 4068; x_wconf 89' lang='lat' dir='ltr'><strong>in</strong></span> <span class='ocrx_word' id='word_1_435' title='bbox 1161 4019 1224 4080; x_wconf 79' lang='lat' dir='ltr'><strong>Vnt,</strong></span> <span class='ocrx_word' id='word_1_436' title='bbox 1249 4019 1290 4068; x_wconf 87' lang='lat' dir='ltr'><strong>ubi</strong></span> <span class='ocrx_word' id='word_1_437' title='bbox 1308 4033 1363 4069; x_wconf 87' lang='lat' dir='ltr'><strong>mox</strong></span> 
     </span>
    </p>

    <p class='ocr_par' dir='ltr' id='par_1_7' title="bbox 191 4085 1363 4349">
     <span class='ocr_line' id='line_1_46' title="bbox 240 4085 1362 4150; baseline 0.001 -17"><span class='ocrx_word' id='word_1_438' title='bbox 240 4085 267 4148; x_wconf 81' lang='lat' dir='ltr'><strong>l)</strong></span> <span class='ocrx_word' id='word_1_439' title='bbox 286 4086 428 4133; x_wconf 83' lang='lat' dir='ltr'><strong>detrimentis</strong></span> <span class='ocrx_word' id='word_1_440' title='bbox 449 4085 584 4149; x_wconf 83' lang='lat' dir='ltr'><strong>—inopia</strong></span> <span class='ocrx_word' id='word_1_441' title='bbox 601 4111 636 4121; x_wconf 97' lang='lat'><em>-</em></span> <span class='ocrx_word' id='word_1_442' title='bbox 657 4088 757 4137; x_wconf 78' lang='lat' dir='ltr'><strong>dirersis</strong></span> <span class='ocrx_word' id='word_1_443' title='bbox 791 4090 818 4138; x_wconf 82' lang='grc' dir='ltr'><strong>ιἰι</strong></span> <span class='ocrx_word' id='word_1_444' title='bbox 833 4089 901 4150; x_wconf 69' lang='lat' dir='ltr'><strong>fidem</strong></span> <span class='ocrx_word' id='word_1_445' title='bbox 920 4087 1015 4136; x_wconf 73' lang='lat' dir='ltr'><strong>donnini.</strong></span> <span class='ocrx_word' id='word_1_446' title='bbox 1033 4091 1054 4134; x_wconf 88' lang='lat' dir='ltr'><strong>et</strong></span> <span class='ocrx_word' id='word_1_447' title='bbox 1071 4088 1172 4149; x_wconf 81' lang='lat' dir='ltr'><strong>reliquos</strong></span> <span class='ocrx_word' id='word_1_448' title='bbox 1185 4089 1236 4136; x_wconf 83' lang='lat' dir='ltr'><strong>dies</strong></span> <span class='ocrx_word' id='word_1_449' title='bbox 1248 4088 1362 4136; x_wconf 76' lang='grc' dir='ltr'><strong><em>ιεινιαιιι.</em></strong></span> 
     </span>
     <span class='ocr_line' id='line_1_47' title="bbox 191 4151 1360 4218; baseline 0.003 -20"><span class='ocrx_word' id='word_1_450' title='bbox 191 4154 324 4212; x_wconf 73' lang='lat' dir='ltr'><strong>egrimoniis</strong></span> <span class='ocrx_word' id='word_1_451' title='bbox 343 4152 406 4211; x_wconf 82' lang='lat' dir='ltr'><strong>vat,</strong></span> <span class='ocrx_word' id='word_1_452' title='bbox 429 4158 453 4199; x_wconf 90' lang='lat' dir='ltr'><strong>et</strong></span> <span class='ocrx_word' id='word_1_453' title='bbox 475 4151 520 4199; x_wconf 89' lang='lat' dir='ltr'><strong>sub</strong></span> <span class='ocrx_word' id='word_1_454' title='bbox 543 4153 614 4200; x_wconf 87' lang='lat' dir='ltr'><strong>linem</strong></span> <span class='ocrx_word' id='word_1_455' title='bbox 634 4154 758 4218; x_wconf 76' lang='lat' dir='ltr'><strong>multisque</strong></span> <span class='ocrx_word' id='word_1_456' title='bbox 845 4154 887 4215; x_wconf 73' lang='lat' dir='ltr'><strong>ll)</strong></span> <span class='ocrx_word' id='word_1_457' title='bbox 905 4160 957 4203; x_wconf 84' lang='lat' dir='ltr'><strong>tunc</strong></span> <span class='ocrx_word' id='word_1_458' title='bbox 974 4154 1100 4203; x_wconf 75' lang='lat' dir='ltr'><strong>ascendent</strong></span> <span class='ocrx_word' id='word_1_459' title='bbox 1113 4155 1139 4200; x_wconf 83' lang='lat' dir='ltr'><strong>io</strong></span> <span class='ocrx_word' id='word_1_460' title='bbox 1149 4155 1293 4217; x_wconf 81' lang='lat' dir='ltr'><strong>praecordiis</strong></span> <span class='ocrx_word' id='word_1_461' title='bbox 1301 4152 1360 4212; x_wconf 78' lang='lat' dir='ltr'><strong>Vct,</strong></span> 
     </span>
     <span class='ocr_line' id='line_1_48' title="bbox 191 4218 1363 4285; baseline 0.002 -20"><span class='ocrx_word' id='word_1_462' title='bbox 191 4218 245 4266; x_wconf 80' lang='lat' dir='ltr'><strong>aliis</strong></span> <span class='ocrx_word' id='word_1_463' title='bbox 264 4220 384 4280; x_wconf 74' lang='lat' dir='ltr'><strong>exercitiis</strong></span> <span class='ocrx_word' id='word_1_464' title='bbox 402 4218 563 4267; x_wconf 81' lang='lat' dir='ltr'><strong>incommodis.</strong></span> <span class='ocrx_word' id='word_1_465' title='bbox 791 4221 846 4271; x_wconf 88' lang='lat' dir='ltr'><strong>dein</strong></span> <span class='ocrx_word' id='word_1_466' title='bbox 863 4227 985 4285; x_wconf 76' lang='lat' dir='ltr'><strong>gesserant</strong></span> <span class='ocrx_word' id='word_1_467' title='bbox 1005 4236 1030 4282; x_wconf 86' lang='lat' dir='ltr'><strong>p.</strong></span> <span class='ocrx_word' id='word_1_468' title='bbox 1044 4228 1203 4280; x_wconf 74' lang='lat' dir='ltr'><strong>coercuerunt,</strong></span> <span class='ocrx_word' id='word_1_469' title='bbox 1222 4220 1287 4284; x_wconf 88' lang='lat' dir='ltr'><strong>quod</strong></span> <span class='ocrx_word' id='word_1_470' title='bbox 1299 4233 1363 4268; x_wconf 84' lang='lat' dir='ltr'><strong>man.</strong></span> 
     </span>
     <span class='ocr_line' id='line_1_49' title="bbox 191 4283 1151 4349; baseline 0.004 -18"><span class='ocrx_word' id='word_1_471' title='bbox 191 4298 196 4308; x_wconf 89' lang='lat'><strong>·</strong></span> <span class='ocrx_word' id='word_1_472' title='bbox 242 4283 269 4344; x_wconf 81' lang='lat'><strong>8)</strong></span> <span class='ocrx_word' id='word_1_473' title='bbox 287 4299 315 4331; x_wconf 82' lang='lat' dir='ltr'><strong>ne</strong></span> <span class='ocrx_word' id='word_1_474' title='bbox 332 4288 457 4349; x_wconf 79' lang='lat' dir='ltr'><strong>quicquum</strong></span> <span class='ocrx_word' id='word_1_475' title='bbox 472 4287 576 4348; x_wconf 79' lang='lat' dir='ltr'><strong>peruenit</strong></span> <span class='ocrx_word' id='word_1_476' title='bbox 594 4287 635 4332; x_wconf 86' lang='grc' dir='ltr'><strong><em>ιιέ,</em></strong></span> <span class='ocrx_word' id='word_1_477' title='bbox 790 4302 876 4338; x_wconf 90' lang='lat' dir='ltr'><strong>recens</strong></span> <span class='ocrx_word' id='word_1_478' title='bbox 894 4287 995 4349; x_wconf 81' lang='lat' dir='ltr'><strong>margini</strong></span> <span class='ocrx_word' id='word_1_479' title='bbox 1015 4285 1151 4348; x_wconf 86' lang='lat' dir='ltr'><strong>adscripsit</strong></span> 
     </span>
    </p>

    <p class='ocr_par' dir='ltr' id='par_1_8' title="bbox 241 4348 1362 4420">
     <span class='ocr_line' id='line_1_50' title="bbox 241 4348 1362 4420; baseline 0.004 -22"><span class='ocrx_word' id='word_1_480' title='bbox 241 4348 267 4412; x_wconf 84' lang='grc'><strong>9)</strong></span> <span class='ocrx_word' id='word_1_481' title='bbox 287 4354 388 4400; x_wconf 76' lang='lat' dir='ltr'><strong>cucurrit</strong></span> <span class='ocrx_word' id='word_1_482' title='bbox 405 4353 443 4400; x_wconf 81' lang='lat' dir='ltr'><strong>dir</strong></span> <span class='ocrx_word' id='word_1_483' title='bbox 462 4367 506 4416; x_wconf 81' lang='grc' dir='ltr'><strong>ραι</strong></span> <span class='ocrx_word' id='word_1_484' title='bbox 525 4351 586 4416; x_wconf 88' lang='lat' dir='ltr'><strong>(erat</strong></span> <span class='ocrx_word' id='word_1_485' title='bbox 604 4349 655 4417; x_wconf 80' lang='lat' dir='ltr'><strong>gui)</strong></span> <span class='ocrx_word' id='word_1_486' title='bbox 672 4352 722 4402; x_wconf 84' lang='lat' dir='ltr'><strong>Vat.</strong></span> <span class='ocrx_word' id='word_1_487' title='bbox 847 4354 889 4420; x_wconf 83' lang='lat'><strong>12)</strong></span> <span class='ocrx_word' id='word_1_488' title='bbox 906 4356 1035 4419; x_wconf 77' lang='lat' dir='ltr'><strong>meritoque</strong></span> <span class='ocrx_word' id='word_1_489' title='bbox 1060 4367 1085 4401; x_wconf 84' lang='lat' dir='ltr'><strong>se</strong></span> <span class='ocrx_word' id='word_1_490' title='bbox 1109 4355 1188 4402; x_wconf 82' lang='lat' dir='ltr'><strong>omnia</strong></span> <span class='ocrx_word' id='word_1_491' title='bbox 1205 4369 1256 4402; x_wconf 83' lang='lat' dir='ltr'><strong>esse</strong></span> <span class='ocrx_word' id='word_1_492' title='bbox 1272 4368 1362 4416; x_wconf 81' lang='lat' dir='ltr'><strong>possea</strong></span> 
     </span>
    </p>
   </div>
   <div class='ocr_carea' id='block_1_7' title="bbox 83 4520 235 4568">
    <p class='ocr_par' dir='ltr' id='par_1_9' title="bbox 83 4520 235 4568">
     <span class='ocr_line' id='line_1_51' title="bbox 83 4520 235 4568; baseline 0 0"><span class='ocrx_word' id='word_1_493' title='bbox 83 4520 235 4568; x_wconf 56' lang='lat' dir='ltr'>A</span> 
     </span>
    </p>
   </div>
   <div class='ocr_carea' id='block_1_8' title="bbox 0 0 1459 4882">
    <p class='ocr_par' dir='ltr' id='par_1_10' title="bbox 0 0 1459 4882">
     <span class='ocr_line' id='line_1_52' title="bbox 0 0 1459 4882; baseline 0 0"><span class='ocrx_word' id='word_1_494' title='bbox 0 0 1459 4882; x_wconf 95' lang='lat' dir='ltr'><strong> </strong></span> 
     </span>
    </p>
   </div>
  </div>
 </body>
</html>
