2886 4882
317 241 442 303 russru
463 244 691 303 scissorum
714 247 953 307 munusuvos
979 225 1118 309 tutu
1243 247 1305 310 sss

230 500 362 552 mususrt
380 504 527 557 svtsvutt
547 508 585 558 ΑΙ)
604 507 824 559 MAGNESIANOS.
861 508 985 559 SCRIPTA
1002 510 1042 560 EX
1063 511 1203 564 ὃὶίΥΙίΝΑ.1

213 624 340 698 ignatius,
363 629 409 701 qui
431 637 460 684 et
479 628 671 704 Theophorus,
694 629 853 690 benedictae
866 624 1019 690 Ecclesiae*
1041 636 1126 708 gratia
1148 636 1194 692 [tei
1216 636 1303 694 Patris

253 709 279 764 in
302 709 411 766 Christo
435 711 496 768 lesu
518 712 649 770 salvatore
671 722 785 784 uostro;
816 717 842 771 in
865 733 920 791 quo
942 715 1028 774 saluto
1052 716 1209 787 Ecclesiam,
1232 736 1302 792 quae

258 801 299 848 est
315 794 341 849 in
357 791 494 868 Magnesia
509 795 580 853 iusta
598 790 795 864 Maeandrum,³
817 806 845 855 et
860 816 910 855 oro
932 799 958 854 in
970 791 1037 855 [teo⁴
1052 799 1131 855 Patre
1154 808 1180 855 et
1193 799 1301 859 Christo

256 867 329 933 {esu⁵
351 874 466 934 Domino
489 889 601 938 nostro:
623 881 650 936 in
673 897 728 954 quc
751 880 895 956 plurimum
917 899 967 938 vos
990 881 1109 956 gaudere
1130 891 1206 957 opto.

211 1059 232 1115 1.
275 1061 452 1136 cognoscens
467 1072 584 1120 vestram
598 1064 748 1121 secuudum
763 1064 846 1121 Deum
861 1065 928 1123 bene
945 1067 1106 1142 dispositam
1120 1065 1303 1137 dilectionem,

130 1142 266 1200 exsultans
288 1148 424 1219 assumpsi
447 1146 474 1202 in
488 1145 542 1203 fide
558 1147 619 1205 iesu
633 1147 732 1203 Christi
748 1147 848 1221 alloqui
869 1166 925 1205 vos.
966 1150 1069 1225 Dignus
1085 1149 1198 1207 effectus
1216 1151 1302 1207 sancti

129 1233 209 1300 atque
232 1226 458 1285 desideratissimi
479 1230 610 1299 nominis,
634 1232 660 1286 in
682 1230 725 1286 his
752 1247 822 1305 quae
845 1239 923 1306 gesto
944 1233 1074 1299 vinculis,
1107 1225 1190 1290 cano⁰
1210 1231 1301 1290 Eccle-

126 1311 192 1379 sias,
214 1311 242 1366 iu
265 1311 364 1385 quihus
386 1311 497 1369 laudare
521 1320 586 1387 opto
608 1329 690 1370 carne
712 1321 740 1369 et
760 1315 858 1388 spiritu
880 1314 942 1372 lesu
965 1309 1086 1385 Christi,'
1107 1307 1168 1390 qui⁸
1189 1323 1232 1373 est
1252 1314 1303 1372 sd·

130 1402 205 1451 vator
227 1395 347 1453 omnium
361 1393 510 1464 homiuum,
532 1397 644 1453 maxime
660 1396 793 1454 fidelium:
816 1397 893 1454 cuius
915 1400 1048 1472 sanguine
1070 1398 1203 1472 redempti
1225 1399 1302 1467 estis,
1386 1404 1389 1409 '

129 1493 281 1553 perquem
304 1479 470 1552 cognovistis
485 1478 576 1547 Deum,
599 1480 680 1536 immo
698 1479 799 1554 cogniti
821 1471 901 1537 estis⁰
923 1481 956 1537 ab
979 1498 1029 1550 eo;
1052 1482 1078 1538 io
1100 1498 1155 1555 quo
1167 1483 1302 1538 sustinen-

128 1568 179 1631 tes,
201 1561 287 1619 seculi
308 1562 389 1617 huius
399 1562 602 1635 temptationem
625 1561 745 1636 effugite.
766 1562 866 1619 Fidelis
888 1571 979 1620 autem
1002 1556 1077 1632 est‚¹⁰
1101 1564 1216 1637 quinon
1237 1580 1299 1639 per·
1368 1596 1370 1602 Α

129 1636 237 1702 mittet¹¹
258 1645 385 1720 temptari
406 1661 455 1702 vos
477 1662 561 1719 super
585 1645 621 1715 id,
644 1645 719 1719 qued
741 1646 855 1719 potestis
877 1637 1027 1703 sufferre.¹’

213 1827 247 1884 11.
289 1827 420 1896 Quoniam
442 1845 508 1903 ergo
529 1830 616 1886 merui
647 1829 739 1885 videre
771 1844 819 1884 vos
850 1844 900 1903 per
920 1828 976 1886 Deo
998 1829 1109 1903 dignum
1132 1828 1300 1904 Episcopum

129 1918 247 1967 vestnrm
269 1904 387 1968 Damam¹
410 1921 438 1969 et
459 1913 513 1969 Deo
537 1912 634 1986 dignos
654 1911 848 1986 Presbyteros,
878 1911 990 1969 Bassum
1019 1912 1125 1969 scilicet
1146 1919 1174 1968 et
1193 1914 1302 1988 Apollo·

129 1993 212 2062 aium,
235 2002 264 2051 et
286 1995 425 2051 convivam
447 2012 537 2052 meum
551 1996 701 2063 Zotionem,
723 2012 803 2069 quern
825 2011 876 2068 ego
899 1996 1006 2063 nutrivi,
1026 1995 1153 2069 quoniam
1175 1997 1301 2056 subditus

130 2085 172 2133 est
191 2076 328 2152 Episcopo
351 2087 380 2135 et
400 2077 572 2153 Presbyteris
593 2079 620 2135 in
642 2080 727 2153 gratia
743 2078 789 2135 Dei
812 2085 841 2136 et
859 2077 920 2153 lege
943 2078 1005 2136 lesu
1027 2078 1135 2136 Christi.

217 2259 260 2316 ΙΙΙ.
301 2260 334 2316 Et
351 2278 399 2317 vos
421 2270 530 2337 oportet
551 2279 606 2318 nou
628 2265 821 2336 contemptore
843 2270 958 2318 aetatem
980 2261 1116 2336 Episcopi,
1138 2261 1187 2319 sed
1206 2279 1302 2320 secuu-

132 2336 205 2399 dum¹
225 2343 424 2401 ordinationem
446 2346 493 2401 Ilei
515 2345 602 2401 Patris
625 2361 732 2402 ornnem
761 2345 962 2401 venerationem
985 2345 1009 2400 ei
1032 2344 1174 2416 exhibere,
1205 2362 1302 2403 secun·

130 2425 194 2482 dum
216 2426 290 2499 quod
313 2429 428 2501 cognovi
458 2429 538 2485 etiam
567 2435 675 2484 sanctos
697 2427 879 2502 Presbyteros
902 2427 928 2483 ei
949 2426 1073 2495 deferre,
1104 2444 1158 2483 non
1188 2437 1303 2503 propter

132 2509 305 2577 iuventutem,
327 2526 396 2583 quae
419 2512 445 2566 in
466 2528 498 2567 eo
521 2511 641 2579 videtur,
663 2510 825 2567 arbitrantes
847 2527 909 2566 eum
930 2509 1168 2589 coptemnsndum,
1192 2511 1241 2568 sed
1263 2501 1303 2568 iu'

129 2592 261 2665 sapientia
273 2592 321 2648 liei
334 2592 358 2648 ei
375 2592 496 2652 obedire.
540 2585 683 2662 Quoniam⁸
705 2593 814 2668 quidem
836 2610 890 2649 non
910 2592 984 2666 iougi
997 2593 1128 2667 temporis
1149 2601 1214 2650 sunt
1233 2593 1302 2668 sapi·

130 2683 222 2744 entes,
250 2691 341 2749 neque
368 2693 458 2745 senes,
481 2669 539 2751 qui⁴
572 2677 661 2733 sciunt
681 2677 870 2752 prudentiam:
892 2675 941 2733 sed
963 2675 1075 2750 spiritus
1097 2685 1141 2734 est
1169 2677 1195 2732 in
1218 2676 1302 2732 homi·

129 2756 218 2814 nibus.
260 2757 381 2831 Denique
403 2752 508 2816 Daniei⁶
524 2760 747 2833 sapientissimus,
771 2749 928 2817 duodecim⁸
945 2774 1077 2815 annorum
1097 2757 1221 2832 euectus,
1243 2757 1301 2833 Spi-

129 2841 182 2897 ritu
204 2840 304 2897 Sancto
327 2842 448 2916 repletus
469 2850 519 2912 est,
541 2850 568 2898 ct
589 2841 650 2899 ilios
672 2844 813 2911 seniores,
836 2842 960 2899 canitiem
981 2858 1073 2898 vanam
1095 2841 1236 2911 habentes,
1259 2859 1300 2898 ca·

129 2923 306 2980 iumniatores
329 2932 356 2980 et
370 2925 470 2981 alienae
485 2926 675 3000 pulcritudinis
691 2927 858 3001 appetitores
871 2942 933 2982 esse
948 2923 1137 2984 manifestavit.
1181 2915 1301 2982 Samuel¹

130 3007 225 3076 etiam,
248 3016 403 3065 comesset
425 3025 494 3082 puer
515 3007 643 3083 pusitius,
665 3009 879 3084 nonagenarium
901 3000 974 3064 Heii⁸
996 3007 1168 3065 sacerdotem
1191 3024 1240 3081 per
1262 3008 1300 3064 in·

131 3089 314 3164 crepationem
338 3090 485 3164 redarguit,
510 3091 583 3165 quod
612 3089 683 3148 filios
706 3109 772 3150 suos
799 3091 996 3149 honorificaret
1020 3106 1105 3165 super
1124 3088 1218 3146 iteum.
1261 3086 1300 3146 Si·

130 3171 229 3230 militer
250 3181 278 3229 et
299 3166 462 3231 Hieremias⁰
483 3167 580 3231 audit¹⁰
603 3193 617 3230 a
638 3175 765 3231 Domino:
795 3174 856 3231 Noli
879 3173 986 3244 dicere,
1014 3175 1077 3248 quia
1105 3172 1210 3229 iuvenis
1240 3188 1301 3230 sum

184 3398 211 3462 3)
230 3394 385 3484 dnp'teyfsv
402 3401 449 3448 (tv
470 3401 544 3460 utcu,
562 3393 699 3465 ἀπήὶεγξε
784 3399 811 3463 9)
829 3402 889 3449 estis
898 3415 944 3449 om.
952 3400 1007 3462 fleg.
1026 3400 1136 3451 Ceterum
1149 3402 1179 3450 ct.
1190 3399 1301 3461 cuttu.

136 3466 153 3514 F
174 3465 249 3529 vuig.;
269 3465 416 3523 απέδειξεν
434 3469 459 3517 Β.
693 3491 702 3508 ·
788 3466 829 3529 to)
846 3468 880 3517 itu
899 3467 962 3528 fleg,
981 3476 1016 3518 est
1033 3476 1111 3517 cutem
1128 3468 1179 3518 Pri.
1196 3468 1259 3529 vulg.

184 3533 213 3597 4)
236 3531 284 3595 ὃν,
312 3534 415 3605 μικρὸν
452 3533 502 3586 τὸν
534 3527 700 3598 ἐνενήκοντα
788 3535 830 3597 ll)
845 3537 957 3596 permittit
976 3535 1025 3583 vat.
1044 3534 1101 3596 Reg.

135 3597 246 3666 lrpscr.
264 3601 318 3653 OV.
351 3603 424 3653 iidem
445 3600 489 3666 stt
506 3618 529 3666 p.
546 3600 631 3652 Ἠλεί.
787 3599 1043 3662 terruncium.

785 3667 843 3732 Cap.
860 3667 888 3716 ΙΙ.
925 3666 951 3730 1)
970 3669 1056 3717 domest
1075 3667 1125 3718 Pul.

186 3732 212 3796 1)
231 3734 317 3799 incipit
335 3737 546 3815 udlidcpoesicoos
563 3739 651 3801 scripto
669 3753 700 3787 ee
785 3734 890 3799 eaput.
918 3732 945 3799 l)
962 3736 1004 3784 red
1015 3733 1050 3800 (et
1062 3737 1087 3785 id
1098 3750 1160 3786 men.
1170 3749 1207 3800 pr.
1215 3734 1302 3802 suprs)

136 3803 413 3934 ’wssarffle'irm
424 3812 496 3934 ιιῗῗῖα,
511 3806 593 3937 {iiio
610 3886 634 3937 p.
656 3873 701 3924 sc-
734 3804 859 3932 mum
874 3801 990 3919 ffers.

135 3938 219 3987 clerice
238 3939 316 4002 protis
332 3939 377 3989 Dei
395 3941 450 4002 fleg.
784 3936 812 4000 3)
830 3937 880 3987 lob.
898 3936 939 3997 32,
958 3936 1025 4001 8sq.

184 4005 200 4055 3
228 4007 372 4055 meuodirum
389 4008 446 4070 ilcg.
785 4005 815 4071 4)
835 4007 875 4071 gui
893 4005 1016 4070 adsumpsi
1035 4019 1063 4056 ex
1081 4006 1138 4067 Reg.

184 4072 199 4122 4
230 4075 324 4123 domiso
344 4073 399 4135 Reg.
784 4071 811 4136 5)
829 4073 889 4122 Deo.
909 4073 948 4123 13.

184 4139 199 4189 5
232 4140 272 4190 Sic
290 4141 447 4206 exeatueg.
466 4141 699 4193 consentientetextu
784 4140 800 4191 6
830 4140 876 4190 Xii
894 4140 952 4203 Reg.

134 4219 179 4268 gr.,
197 4206 252 4257 iesu
274 4206 364 4258 Cisirtc
384 4211 446 4274 vulg.
784 4208 798 4256 t
829 4208 914 4257 lssru.
932 4206 956 4256 3.

186 4273 213 4337 6)
231 4291 303 4325 cucur
320 4274 369 4325 vu.
784 4274 813 4336 8)
830 4274 865 4323 lta
882 4289 929 4323 scr.
948 4273 998 4321 vat
1016 4271 1073 4333 Eeg.

186 4342 214 4407 t)
232 4343 315 4392 eltrirti
332 4345 383 4398 iesu
400 4343 497 4396 ordinat
513 4343 570 4405 Eeg.
787 4338 816 4405 9)
836 4337 1067 4390 Geremicsscr.i’sl.
1084 4329 1309 4394 decommum.

185 4408 215 4476 s)
231 4409 314 4460 irtus
331 4411 356 4473 s,
376 4412 415 4464 so.
787 4406 829 4471 1⁰)
847 4408 927 4456 toan
944 4404 1001 4467 Res·
1043 4485 1093 4538 w
1159 4436 1386 4614 Α
