2886 4882
288 231 418 291 tottam!
439 231 600 292 nulsione
620 234 663 289 Ab
685 229 918 290 rettulerunt.
946 231 1000 289 Vll.
1021 231 1088 290 Vlll.
1211 227 1273 292 207

100 401 212 470 honum,
235 400 270 456 ad
291 399 375 456 Deum
397 400 546 473 pertinens.
583 396 648 453 Cum
670 399 759 472 itaque
781 399 880 454 scirem
900 397 1047 454 vehemens
1068 407 1188 456 vestrum
1210 415 1274 473 erga

101 486 242 543 veritatem
264 483 394 550 studium,
415 482 490 539 brevi
512 480 628 555 epistola
652 497 699 537 vos
721 481 880 538 adhortatus
903 497 972 538 sum.

101 635 146 689 tia.
190 632 257 689 Cum
281 633 364 706 igitur
382 632 502 688 noverim
526 633 662 688 intensum
682 641 801 689 vestrum
823 629 952 698 veritatis,
971 628 1099 687 brevibus
1122 631 1208 689 literis
1225 649 1273 692 vos

100 716 259 772 cohortatus
281 733 349 772 sum.

150 863 217 920 Vlll.
259 864 395 923 Elatiae
417 864 548 921 ecelesias
569 864 674 936 tepotos
695 863 739 920 set
760 863 889 937 epistolas
910 859 1083 921 Antiochiam
1103 865 1219 923 minent.

593 960 788 1020 Solutodonee.

184 1080 252 1137 Cum
280 1077 406 1136 omuibus
436 1077 560 1135 ecelesiis
587 1077 710 1134 scribere
743 1094 796 1133 non
826 1079 976 1150 potuerim,
1008 1079 1082 1152 quod
1117 1088 1230 1153 repente
1258 1096 1274 1137 a

101 1164 207 1222 Troade
228 1161 386 1236 Neapolim,
415 1163 493 1218 iussu
514 1163 552 1217 ita
573 1161 741 1234 postulante,
764 1162 956 1233 navigaverim3
986 1169 1030 1230 tu,
1057 1162 1104 1235 qui
1126 1163 1299 1220 sententiae.

100 1247 149 1304 bet
169 1248 209 1303 sis
232 1261 362 1318 compos,
384 1244 489 1300 scribes
511 1245 606 1300 vicinis
627 1243 767 1309 ecelesiis,
796 1253 826 1300 ut
855 1252 882 1300 et
909 1245 961 1318 ipsi
990 1245 1062 1300 idem
1083 1244 1196 1314 iaciant,
1226 1246 1273 1319 qui

102 1330 219 1404 possint,
241 1328 348 1402 pedites
371 1327 484 1395 mittant,
507 1326 550 1382 alii
571 1343 636 1383 vero
658 1326 787 1400 epistolas
809 1343 859 1401 per
880 1344 945 1393 eos,
968 1328 1013 1400 qui
1034 1344 1049 1383 a
1071 1337 1096 1384 te
1117 1328 1274 1398 mittentur3

102 1421 132 1469 ut
153 1410 318 1486 glonficeris
339 1419 450 1466 aeterno
473 1426 572 1483 opere,
602 1409 827 1483 quemadmodum
858 1408 954 1481 dignus
976 1426 1015 1465 es.
1057 1407 1149 1467 Saluto
1178 1428 1273 1469 omues

101 1495 277 1561 nominatim,
306 1499 333 1548 et
353 1492 475 1566 Epitropi
499 1509 611 1549 uxorem
634 1508 694 1548 cum
717 1499 771 1547 tota
795 1491 876 1548 domo
902 1509 951 1548 sua
984 1501 1011 1549 et
1033 1491 1137 1550 liberis.
1179 1493 1273 1552 Saluto

103 1578 217 1635 Attalum
236 1575 302 1632 mihi
325 1576 442 1632 charum
485 1573 578 1632 Saluto
601 1591 678 1643 eum,
708 1575 754 1647 qui
783 1574 955 1647 protectione
988 1575 1015 1630 in
1038 1574 1144 1649 Syriam
1175 1577 1273 1649 dignus

104 1660 257 1718 habebitur.
299 1657 389 1715 Gratia
407 1659 435 1713 in
465 1666 626 1732 perpetuum
656 1673 717 1713 oum
748 1655 793 1712 illo
823 1658 876 1713 erit
903 1666 932 1712 et
961 1674 1023 1714 oum
1049 1659 1172 1717 mittente
1199 1659 1272 1717 illum

103 1741 265 1819 Polycarpo.
308 1741 377 1815 Opto
398 1757 447 1796 vos
468 1756 577 1814 semper
604 1739 694 1797 valere
723 1740 750 1795 in
778 1739 833 1795 lteo
862 1746 958 1797 nostro
991 1740 1052 1797 lesu
1078 1743 1195 1812 Christo,
1223 1759 1275 1817 per

102 1843 183 1900 quem
205 1827 233 1882 in
255 1825 355 1881 unione
379 1841 439 1881 cum
456 1822 512 1880 Deo
530 1833 557 1880 et
568 1825 726 1898 episcopatu
740 1823 930 1896 permaneatis.
972 1823 1066 1882 Saluto
1087 1825 1181 1892 Alcen,
1204 1826 1274 1885 desi·

103 1908 223 1967 derabile
243 1906 309 1965 mihi
330 1923 439 1964 nomen.
482 1906 573 1964 Valete
595 1908 622 1963 in
649 1905 771 1962 homino.

185 2051 279 2111 *vltt
320 2056 451 2124 Quoniam
474 2055 721 2112 cunctisEoolesiis
744 2052 865 2111 seribere
887 2071 941 2111 non
964 2057 1049 2131 potui,
1073 2057 1147 2129 quod
1160 2066 1273 2132 repente

105 2139 246 2197 aliosde
268 2138 406 2212 Neapolim
429 2141 553 2212 navigare
577 2155 674 2212 cogar,
696 2137 811 2194 aliorum
834 2137 969 2196 voluntate
992 2141 1028 2195 ita
1059 2140 1176 2209 iubente,
1207 2142 1273 2198 sori·

103 2222 151 2278 bes
174 2221 275 2278 ceteris
298 2238 381 2294 porro
403 2221 549 2289 Ecelesiis,
571 2222 668 2295 utqui
690 2221 736 2276 bei
758 2220 921 2276 voluntatem
944 2229 1053 2289 teneas,
1082 2239 1136 2295 quo
1165 2232 1193 2279 et
1221 2223 1274 2297 ipsi

104 2305 174 2361 idem
195 2303 304 2361 iaciant
343 2303 376 2359 Et
397 2305 443 2378 qui
465 2314 581 2378 possunt
602 2304 705 2379 pedites
727 2304 847 2369 mittant3
878 2301 921 2357 alii
943 2319 1008 2359 vero
1030 2303 1123 2359 literas
1145 2321 1195 2378 per
1213 2320 1273 2372 eos,

104 2390 184 2461 quia
216 2394 242 2443 te
268 2386 426 2455 mittuntur,
457 2395 486 2442 ut
514 2404 597 2461 opere
621 2387 673 2442 hoc
696 2392 807 2441 aeterno
828 2381 1034 2456 glorificemini,
1056 2386 1127 2440 sicut
1148 2387 1273 2442 mereris.

97 2469 197 2530 *Saluto
219 2485 314 2526 omnes
335 2469 500 2537 nominatim,
522 2477 550 2526 et
569 2484 680 2525 uxorem
698 2466 825 2539 Episcopi
846 2481 907 2521 cum
931 2473 985 2522 tota
1008 2464 1106 2521 familia
1127 2483 1176 2521 sua
1197 2474 1225 2522 et
1243 2465 1273 2522 li·

104 2552 185 2610 beris.
227 2549 320 2608 Saluto
352 2552 477 2609 dilectum
504 2553 570 2608 mihi
597 2551 728 2607 Attalum:
762 2548 849 2604 saluto
879 2546 1075 2620 designandum
1104 2546 1138 2602 ad
1166 2547 1218 2604 iter
1247 2549 1274 2605 in

106 2634 217 2711 Syriam.
260 2633 318 2691 Erit
340 2651 401 2692 cum
422 2634 467 2691 illo
490 2636 576 2709 gratia
597 2649 719 2707 semper,
742 2639 851 2688 etcum
873 2646 920 2697 eo,
941 2631 987 2702 qni
1009 2629 1090 2685 mittit
1120 2628 1202 2699 illum,
1224 2629 1274 2687 Po·

104 2718 224 2794 lyearpo.
268 2716 355 2791 Opto,
376 2735 424 2774 vos
446 2735 555 2791 semper
574 2717 663 2773 valere
685 2716 711 2771 in
734 2714 789 2771 beo
818 2722 913 2770 nostro
935 2712 996 2770 lesu
1018 2712 1140 2780 Christo,
1169 2713 1196 2769 in
1219 2728 1273 2787 quo

103 2808 258 2875 permanete
288 2800 315 2855 in
343 2802 445 2858 unitate
475 2810 503 2856 et
536 2799 618 2858 tutela
645 2800 701 2858 Dei.
742 2797 834 2856 Saluto
863 2795 967 2865 dicem,
997 2794 1177 2853 desiderabile
1208 2796 1274 2853 mihi

103 2901 210 2942 nomen.
252 2882 343 2941 Vatete
364 2886 391 2940 in
413 2883 536 2940 Domino.

103 3107 268 3163 inconditos.
286 3111 312 3158 ln
333 3108 392 3158 Cod.
408 3109 529 3158 Brecens.
549 3107 665 3169 longioris
751 3107 777 3170 9)
791 3101 878 3170 ἄλκην
892 3106 937 3155 CL.
954 3106 1002 3155 Cir.
1012 3104 1092 3169 Epad
1104 3105 1274 3167 smyrnei&

103 3179 196 3230 inienio
214 3172 385 3237 ἐπισκόπου,
411 3191 473 3225 man.
492 3191 540 3224 sec.
558 3177 574 3238 ip
592 3176 673 3223 sines
757 3174 782 3223 ln
800 3174 818 3223 C
836 3174 903 3223 deest
928 3173 1058 3236 epigraphe
1079 3171 1184 3223 ΠΡΟΣ
1204 3172 1272 3224 110·

103 3247 240 3364 ⁸:32th
263 3260 344 3309 supra.
379 3245 455 3294 Etiam
471 3245 533 3292 drm.
556 3236 672 3293 ἐπισκό-
707 3241 945 3360 θιέΥιιΙίάΡΠΟΝ,
970 3255 1040 3303 quem
1058 3238 1157 3289 Vossius
1174 3239 1277 3290 subiecit
