2886 4882
472 248 562 308 vlslo
572 249 593 322 1,
615 253 647 310 Β.
665 246 756 322 4¹¹1,
778 252 805 309 1.
821 248 849 309 2.
1183 243 1245 312 575

74 415 192 492 πνεῦμα
212 408 262 473 καλ
283 403 423 489 ἀποφέρει
444 407 486 480 είς
504 403 557 470 τόν
578 403 668 470 αάτδν
687 403 777 471 τόκον
797 405 874 470 ὅπου
896 407 944 470 καί
965 406 1093 489 πέρυσιν.
1126 408 1246 475 Ἐλθόν

74 484 129 558 οὖν
159 495 202 568 τίς
227 489 281 555 τόν
305 487 395 552 τόπον
432 495 509 552 τιθεῖ
536 485 573 552 τά
595 489 710 572 ,γόνατα
735 492 788 554 καλ
806 488 938 572 ἠρξάμην
958 493 1171 573 προσεύχεσθαι
1201 500 1245 582 τρλ

74 579 167 659 καρίον
187 577 236 638 καλ
257 571 385 648 δοξάζειν
408 570 552 637 αὐτοῦτὸ
575 569 681 654 ὄνομα,
713 572 759 637 ότι
778 597 813 654 με
834 571 915 648 ἀξιον
947 571 1063 656 ’γῆσατο
1085 577 1135 638 καί
1156 579 1246 660 lym
1278 628 1281 633 .

75 641 213 741 ρισέ’μοι
241 653 293 730 τάς
313 653 454 737 ἀμαρτίας
475 680 532 736 μου
553 653 606 731 τάς
625 657 773 739 προτέρας.
818 653 906 719 Μετά
926 600 958 719 δά
978 655 1011 719 τό
1033 658 1191 740 ἐγερθῆναί
1209 677 1247 743 με

75 741 135 806 ἇιτδ
165 749 217 823 τῆς
248 746 410 822 προσευχῆς
435 740 531 820 βλέπω
557 740 708 803 κατέναντί
738 764 795 822 μου
822 737 877 821 τήν
894 741 1107 822 πρεσβυτέραν,
1136 739 1176 822 ῆν
1193 743 1245 805 καί

75 827 196 908 πέρυσιν
217 822 368 907 ἑωράκειν,
390 829 606 902 περιποιοῦσαν
624 825 674 887 καλ
695 821 951 908 ἀναγινόσκουσαν
970 823 1174 906 βιβλιδάριονδ,
1196 822 1246 886 καί

122 933 148 972 ει
175 933 224 989 μοι
251 905 336 993 Δόνη
366 913 456 970 ταῦτα
485 914 545 981 τοῖς
574 908 716 981 ἐκλεκτοῖς
742 914 796 971 τοῦ
830 914 907 970 θεοῦ
935 905 1120 992 ἀπαγγεῖλαις
1159 909 1246 990 Λέγω

74 910 148 1072 άάτῆ
176 994 291 1073 Καρία,
320 995 446 1053 τοσαῦτα
475 997 672 1070 μνημονεῦσαι
699 987 736 1053 οὐ
764 989 909 1071 δόναμαι·
937 988 990 1066 δός
1017 987 1054 1072 δή
1076 1014 1126 1065 μοι
1146 988 1179 1053 τό
1200 993 1244 1072 βτ-

73 1056 241 1157 βλιδάριον,
260 1075 311 1138 ἵνα
331 1070 507 1156 μεταγράφω
529 1072 610 1137 αὐτό,
653 1070 753 1154 Λάβε,
775 1077 880 1154 φησίν,
905 1071 994 1152 αότό,
1015 1076 1065 1138 καί
1084 1071 1247 1148 ἀποδόσεις

76 1185 133 1241 μοι.
168 1157 300 1240 ’Ἑλαβον
329 1154 401 1239 έγιό,
431 1157 481 1218 καλ
508 1159 549 1231 εἴς
580 1182 644 1219 τινα
664 1154 756 1220 τόπον
774 1165 826 1222 τοῦ
848 1155 940 1265 ἀγροῦ
960 1156 1147 1241 ἀναχωρήσεις
1168 1178 1244 1239 μετε-

76 1239 233 1327 γραφάμην
253 1239 349 1304 πάντα
369 1236 442 1320 πρὸς
462 1237 593 1323 γράμμα·
615 1237 667 1320 οὐχ
689 1239 825 1318 εὕρισκον
845 1267 900 1324 γαρ
921 1239 975 1316 τάς
993 1242 1144 1324 συλλαβάς.
1196 1247 1244 1305 T!-

75 1328 210 1399 λέσαντος
231 1316 285 1388 οάν
307 1349 363 1403 μου
384 1320 420 1385 τά
441 1321 591 1405 γράμματα
612 1329 663 1386 τοῦ
685 1327 870 1408 βιβλιδαρίου
891 1327 1030 1406 ἐξαίφνης
1050 1323 1167 1410 ήρπάγη
1187 1349 1245 1406 μου

77 1407 135 1473 ἀπὸ
157 1416 210 1490 τῆς
228 1407 337 1490 χειρός·
359 1403 418 1470 όπδ
439 1408 518 1482 τίνος
539 1406 571 1469 δέ
591 1403 647 1468 οὐκ
667 1403 742 1471 οἶδα.

159 1517 190 1572 ll.
222 1507 309 1571 Μετά
335 1506 366 1568 δέ
386 1503 495 1587 ῆμέρας
517 1505 542 1567 τί
562 1502 770 1584 ιηστεόσαντός
790 1529 846 1585 μου
867 1507 916 1569 καλ
936 1504 1028 1569 πολλά
1051 1505 1246 1589 ἐρωτήσαντος

77 1588 127 1655 τόν
155 1590 258 1672 κόριον
286 1587 484 1668 ἀπεκαλύφθη
512 1612 561 1669 μοι
589 1584 610 1667 ή
637 1594 744 1694 γνῶσις
762 1595 814 1668 τῆς
834 1595 958 1672 γραφῆς.
995 1581 1053 1651 Ἠν
1073 1589 1105 1653 δέ
1123 1613 1244 1674 γεγραμ·

76 1675 149 1757 μένοι
176 1681 280 1737 ταῦτα·
324 1669 375 1748 ,Τὸ
406 1671 517 1751 σπέρμα
547 1691 601 1734 σου
627 1671 772 1751 ηθέτησεν
800 1674 841 1748 είς
867 1669 1011 1736 τὸνθεόν
1032 1672 1081 1737 καλ
1101 1671 1243 1754 ἐβλασφή-

76 1775 166 1860 μησεν
195 1758 235 1830 είς
255 1753 307 1817 τόν
328 1752 430 1836 κόριον
449 1752 498 1816 καλ
518 1753 664 1836 προέδωκε
685 1751 753 1828 τοὺς
772 1763 866 1836 γονεῖς
887 1752 978 1819 αὐτοῦ
997 1755 1028 1819 ἐν
1049 1753 1174 1844 άμαρτίγ
1194 1781 1243 1839 με-

76 1848 165 1950 γαλη,
188 1839 237 1902 καὶ
257 1835 388 1918 ήκοασαν
407 1834 548 1919 προδόται
564 1837 690 1942 γονέων,
712 1837 761 1901 καλ
782 1835 940 1920 προδόντες
960 1835 1015 1903 οόκ
1037 1837 1244 1922 ὠφελήθησαν,

78 1922 130 1987 ἀλλ
178 1923 218 1985 ἐτι
246 1922 436 2005 προσέθηκαν
464 1928 527 1995 ταῖς
555 1923 706 2002 αμαρτίαις
737 1918 833 1986 αὐτῶν
858 1923 907 1986 καλ
934 1931 997 1998 ταῖς
1017 1920 1176 2008 ἀσελγείαις
1195 1924 1246 1989 καί

78 2013 241 2087 συμφοραῖς
267 2002 364 2069 αὐτῶν
392 2004 441 2067 καλ
468 2006 630 2087 ποτηρίοις.
666 2000 755 2067 Ἀλλά
782 2003 924 2090 γνιόρισον
951 2013 1040 2070 ταῦτα
1072 2005 1106 2071 τά
1127 2004 1244 2091 ῥήματα

75 2099 137 2165 τοῖς
163 2090 276 2164 τέκνοις
303 2111 356 2152 σον
382 2094 454 2152 πᾶσι
476 2089 526 2151 καλ
546 2094 582 2175 τῆ
604 2090 716 2174 συμβίφ
736 2094 772 2176 τῆ
795 2088 937 2177 μελλοόση
960 2110 1012 2153 σου
1034 2089 1162 2180 ἀδελφῇ·
1195 2090 1245 2155 καί

76 2172 131 2259 γάρ
153 2172 227 2254 αὕτη
249 2169 303 2237 οὐκ
324 2170 457 2278 ἀπέχεται
477 2177 513 2258 τῆ
535 2167 629 2255 γλόσσ
654 2172 712 2248 ,ἐν
731 2165 751 2257 ᾗ
772 2173 976 2256 πονηρεόεται·
1007 2169 1070 2235 ἀλλ’
1094 2171 1245 2238 άκοόσαστ

76 2264 167 2321 ταῦτα
187 2255 222 2319 τά
244 2253 358 2338 ῥήματα
380 2255 531 2334 αφέξεται,
554 2254 603 2318 καὶ
625 2196 680 2330 ἕξει
701 2254 786 2329 ἔλεος.
830 2256 890 2317 Καὶ
909 2252 979 2337 μετά
998 2253 1031 2318 τό
1053 2259 1191 2340 γνωρίσαι
1213 2276 1246 2318 σε

77 2346 168 2404 ταῦτα
196 2335 232 2402 τά
260 2336 373 2421 ῥήματα
399 2335 515 2416 αὐτοῖς,
547 2335 742 2402 δένετείλατό
764 2362 814 2420 μοι
830 2335 1086 2426 όδε-σπόχτηςηῗνα
1108 2360 1154 2403 σοι
1174 2336 1245 2401 ἀπο·
1274 2330 1435 2419 fimf]

77 2428 231 2508 καλοφθῆ,
252 2418 317 2486 τότε
338 2419 471 2500 ἀφίενται
493 2416 593 2496 αάτοῑς
614 2421 647 2483 αἱ
665 2417 801 2503 ἀμαρτίαι
820 2427 911 2484 πᾶσαι
932 2416 967 2496 ἀς
987 2415 1127 2505 πρότερον
1153 2421 1245 2505 ῆμαρ·

77 2529 136 2571 τον.
180 2510 261 2569 Πᾶσι
281 2504 313 2567 δέ
335 2512 396 2578 τοῖς
416 2501 509 2589 ἀγίοις
530 2500 636 2584 άφεσιν
656 2501 764 2587 ἐπάγειι
786 2512 846 2580 τοῖς
867 2500 1060 2609 άγαρτήσασι’
1079 2505 1160 2588 μέχρι
1179 2502 1245 2569 ταό·

77 2612 129 2670 της
155 2595 208 2671 τῆς
234 2585 360 2671 ἡμέρας,
391 2584 443 2650 ἐάν
469 2588 498 2664 ἐξ
527 2586 596 2669 ’όλης
620 2590 742 2671 καρδίας
770 2606 965 2669 μετανοησωσι
986 2587 1034 2651 καί
1056 2583 1164 2672 άρωσιν
1184 2582 1243 2655 ἀπό

76 2678 134 2737 τῶν
163 2673 290 2754 καρδιῶν
318 2666 416 2735 αάτῶν
436 2669 488 2746 τάς
509 2673 656 2751 διφνχίας.
689 2667 803 2753 Ὦμοσε
822 2669 878 2778 γάρ
900 2668 918 2735 ό
939 2670 1044 2737 δεσπότ
1065 2697 1080 2746 ς
1100 2668 1174 2736 κατά
1193 2676 1247 2754 τῆς
1338 2675 1396 2749 do.

77 2754 164 2837 δόξης
191 2755 282 2820 αὐτοῦ
313 2754 360 2820 ἐπλ
390 2751 458 2829 τοὺς
486 2751 637 2828 έκλεκτοδς
663 2752 755 2819 αὐτοῦ
779 2752 853 2818 Ἔαν
874 2775 946 2839 ωρισ
980 2781 1032 2838 νης
1058 2782 1109 2837 της
1130 2753 1240 2840 ἡμέρας

76 2837 182 2922 ταύτης
202 2841 242 2903 ἔτι
264 2845 333 2918 [τις]
357 2834 534 2920 ἀμαρτήσας’
555 2838 679 2921 γίνηται,
701 2836 740 2919 μή
763 2839 837 2919 ἔχειν
858 2836 947 2903 αὐτόν
968 2843 1126 2945 σωτηρίαν·
1148 2834 1170 2923 ή
1188 2836 1244 2924 γάρ

76 2921 212 3005 μετάνοια
239 2930 300 2997 τοῖς
327 2924 451 2997 δικαίοις
482 2922 537 3002 έχει
567 2921 661 2995 τέλος·
691 2921 891 3004 πεπλήρωνται
913 2920 967 3006 γάρ
989 2922 1021 2984 αλ
1039 2922 1144 3006 ημέραι
1164 2948 1246 3004 μετα-

77 3010 160 3081 νοίας
179 3014 251 3071 πᾶσι
272 3014 332 3081 τοῖς
354 3002 460 3089 άγίοις·
482 3012 542 3079 τοῖς
562 3004 593 3067 δέ
613 3005 712 3068 ἔθνεσι
732 3004 868 3086 μετάνοιά
889 3007 965 3069 έστιν
986 3006 1040 3080 ἕως
1060 3013 1112 3086 τῆς
1126 3006 1245 3088 ἐσχάτης

75 3087 204 3172 ἡμέρας.
243 3086 339 3193 Ἐρεῖς
367 3080 422 3152 οὖν
452 3096 513 3163 τοῖς
543 3089 772 3172 προηγουμένοις
798 3096 850 3170 τῆς
878 3089 1029 3169 ἐκκλησίας
1063 3089 1113 3152 ἳνα
1145 3113 1245 3170 κατορ-

78 3168 233 3236 θιόσωνται
261 3188 313 3244 τἀς
341 3168 431 3245 όδοδς
458 3169 555 3235 αὐτῶν
576 3172 608 3236 ἐν
628 3170 817 3260 δικαιοσύνη,
844 3173 894 3235 ίνα
916 3170 1101 3252 ἀπολάβωσιν
1123 3172 1154 3237 ἐκ
1175 3171 1245 3255 πλῆ-

1192 3364 1247 3405 M.

79 3279 148 3339 ρους
176 3251 228 3326 τάς
258 3253 426 3335 ἐπαγγελίας
453 3252 525 3333 μετά
549 3261 659 3337 πολλῆς
685 3252 780 3337 δόξης.
820 3253 989 3337 Ἐμμείνατε
1011 3247 1065 3320 οὖν
1086 3257 1116 3322 οί
1135 3254 1248 3420 έργαζή·

78 3361 159 3420 μενοι
179 3333 233 3418 τῆν
254 3337 444 3415 δικαιοσύνην
465 3337 514 3398 καλ
533 3334 573 3417 μή
596 3336 790 3420 διψυχῆσητε,
823 3340 873 3402 ἵνα
901 3340 1016 3443 γένηται
1042 3336 1126 3421 όμῶν

79 3423 166 3506 ροδος
187 3415 257 3501 μετά
277 3425 336 3483 τῶν
356 3415 483 3501 ἀγγέλων
502 3424 560 3481 τῶν
582 3416 681 3501 ἀγίων,
717 3420 871 3503 Μακάριοι
892 3432 974 3502 υμεῖς
994 3420 1061 3484 ὅσοι
1082 3420 1248 3502 όκομτνεῖτε

76 3503 130 3586 τήν
151 3506 259 3582 θλίψιν
279 3499 333 3582 τήν
352 3501 507 3605 έρχομίνην
527 3498 580 3580 τήν
598 3500 738 3585 μεγάλην,
767 3504 817 3567 καί
838 3503 902 3566 ὅσοι
923 3501 979 3565 οόκ
999 3500 1173 3584 ἀρνήσονται
1194 3502 1247 3585 τήν

78 3584 153 3668 ζαῆν
174 3584 280 3650 αὐτῶν.
312 3583 425 3687 Ὦγιοσε
453 3608 507 3667 γαρ
535 3582 553 3648 ό
582 3582 681 3667 κύριος
694 3584 845 3666 Qvo&
862 3585 931 3648 οίοῦ
951 3583 1050 3663 αὐτοῦ,
1072 3581 1140 3660 τοὺς
1161 3583 1247 3670 ἀρνη-

78 3668 220 3749 σαμένους
246 3665 298 3732 τόν
324 3693 426 3750 κυριον
446 3663 543 3730 αάτῶν
563 3664 781 3752 ἀπεγνωρίσθαι
804 3663 862 3731 ἀπὸ
884 3673 936 3747 τῆς
955 3672 1030 3749 ζωῆς
1050 3664 1156 3746 αότῶν,
1177 3664 1246 3745 τοός

77 3754 230 3835 μέλλοντας
251 3749 406 3833 ἀρνεῖσθαι
426 3757 489 3824 ταῖς
511 3750 674 3835 ἐρχομένοις
695 3749 830 3833 ήμέραις·
857 3749 926 3824 τοὺς
947 3750 979 3814 δὲ
998 3753 1138 3835 πρότερον
1159 3749 1243 3835 ἀρνη-

77 3835 232 3917 σαμένους,
265 3830 315 3897 διδ
335 3830 388 3915 τῆν
408 3831 519 3916 πολλήν
539 3832 630 3899 αάιοῦ
651 3831 861 3916 εόστιλαγχνέαν
882 3833 976 3909 aaa&
998 3833 1108 3918 ἐγένετο
1129 3832 1246 3908 αάτοῑςέ

76 3956 283 3968 ι--ΩΔ--α

132 4006 162 4070 2)
178 3997 364 4074 βιβλιδάριονε
383 4000 475 4057 δὶαιοι
487 4025 495 4055 ι
506 4011 646 4072 οιαωιρτα·
702 4030 705 4035 ·
731 4002 758 4066 3)
776 3995 953 4072 δμαρτῆσαςε
973 4000 996 4055 ln
1009 4015 1093 4069 apogr.
1109 3995 1246 4075 οειάμαρ·

76 4075 191 4140 scriptum
209 4079 246 4125 est
262 4072 286 4123 in
304 4084 387 4137 apogr.
704 4063 712 4083 '
971 4132 978 4153 χ
1134 4144 1161 4165 Ι.
1187 4131 1203 4186 h

126 4206 183 4272 Cap.
211 4207 238 4258 ΙΙ.
276 4205 301 4271 1)
323 4199 424 4271 ἐπάγει
447 4204 470 4281 λιι
494 4216 577 4267 apogr.
602 4216 646 4267 ρετ
679 4131 1089 4269 Ιαοροςεποπόγῐαόεέόήόαιόότ
1117 4146 1248 4263 osium

77 4272 526 4338 notissimumcompendiumscnptum
540 4278 583 4332 εει,
601 4269 645 4322 sed
678 4265 1128 4338 (εομτοεετίριοτίωςλτῆςέννότης
1175 4272 1247 4343 έρας.

78 4346 130 4409 ipse
150 4342 206 4391 Sim.
225 4357 271 4404 pro
289 4342 406 4407 παρέχει
423 4338 513 4388 habuit
729 4341 757 4402 ὁ)
776 4341 800 4388 in
825 4353 909 4403 αροςτ,
932 4344 984 4391 em
1006 4336 1090 4403 ίλεος,
1115 4355 1127 4390 ε
1184 4350 1246 4391 uo

127 4410 153 4476 2)
171 4410 194 4458 in
213 4424 295 4474 apogr.
313 4416 350 4459 ωε
367 4400 558 4477 ἁμαρτήμασι.
679 4407 767 4458 factum
786 4414 822 4456 εει
841 4423 870 4456 ω.
