2886 4882
358 209 554 268 llddll'dlUM
577 212 605 271 S.
631 211 766 269 lGNdTll.
795 211 837 269 Vl.
859 212 913 270 Vll.
934 214 1000 271 vttt.
1202 212 1262 275 355

91 383 182 433 rators
203 374 309 432 Videris
332 375 406 443 milri,
430 376 524 448 inquit,
550 377 673 449 olgnati,
696 384 772 434 recto
787 380 897 435 omnino
919 379 1126 436 carenciudieie
1149 389 1176 437 et
1198 398 1262 440 sana

91 467 189 517 mente.
233 458 291 514 Non
314 459 385 514 eninr
409 466 461 513 tam
483 467 574 532 aperte
603 459 702 516 luisses
725 460 855 535 deceptus
877 461 1021 533 scripturis
1041 460 1263 535 Claristianorum,

92 542 141 599 sed
163 541 342 616 cognovisses
365 542 482 609 omnino,
507 549 634 614 spirantum
655 544 689 597 sit
712 542 820 611 lienum,
843 543 943 601 Edictis
959 560 1055 616 parere
1069 545 1262 619 lrnpcratoriis,

91 634 118 681 et
140 624 197 681 lliis
218 622 353 681 sacrificia
376 623 476 680 ollerre
499 641 559 679 cum
582 623 717 680 omnibus.
758 625 798 680 lld
823 626 889 685 lraee
911 626 1044 694 Sanctus,
1067 635 1145 684 utens
1167 647 1262 687 rursus

90 709 192 765 maiore
213 705 323 764 dicendi
345 706 483 762 libertate:
512 706 622 763 lltiarusi
645 707 755 775 bestiis,
783 709 885 781 inquit,
914 712 1135 783 consumpseris,
1158 713 1262 769 etiamsi

93 806 135 848 mc
158 806 240 847 cruce
263 789 496 858 condemnaveris,
520 789 583 846 licet
605 790 657 862 ipsi
679 789 767 861 gladie
790 800 816 847 et
839 792 894 864 igni
918 792 1078 860 tradideris,
1108 810 1177 865 quae
1200 805 1264 852 sunt

95 875 121 929 in
143 881 188 928 tua
209 880 360 946 potestate,
390 889 526 944 rrunqrrnm
554 888 604 945 ego
637 873 724 945 patiar
757 873 934 930 daemonibus
967 874 1067 931 ollerre
1091 877 1265 936 sacrificium.

91 955 184 1029 Neque
207 956 278 1011 enim
301 963 392 1010 metuo
414 963 544 1022 mortem,
566 970 656 1027 ireque
678 956 804 1012 desidero
828 956 989 1030 praescotia,
1011 974 1080 1030 quae
1103 967 1145 1014 est
1166 961 1192 1015 in
1217 977 1264 1033 po·

93 1045 189 1094 testate
211 1046 299 1094 restra
323 1036 453 1110 praehere
476 1037 606 1106 fruenda,
627 1039 676 1094 sed
698 1038 755 1094 sola
777 1038 905 1095 desidero
927 1039 1025 1107 lutura,
1047 1049 1072 1095 et
1091 1057 1106 1096 a
1127 1057 1169 1097 me
1186 1059 1265 1100 omne

81 1120 237 1181 ,adhibetur
257 1120 385 1188 studium,
408 1129 436 1176 ut
459 1128 592 1177 transeam
615 1120 648 1175 ad
671 1121 815 1190 Christum,
838 1120 883 1195 qui
905 1138 956 1195 pro
978 1139 1020 1179 me
1043 1129 1086 1179 est
1106 1133 1238 1180 mortuus.

179 1269 234 1325 vlt.
276 1269 392 1343 Propter
415 1286 485 1343 quae
508 1269 602 1326 volens
624 1268 739 1326 Senatus
760 1279 906 1345 martyrem
928 1287 1058 1344 arguere,
1081 1271 1207 1329 sollerter
1227 1274 1266 1329 ni·

94 1354 208 1410 mirum:
236 1351 306 1420 Quid
334 1359 423 1408 autem
451 1361 479 1408 tu
502 1368 624 1425 quinque,
654 1352 793 1421 dixerunt,
823 1352 963 1409 confiteris
985 1353 1068 1410 lleum
1101 1362 1173 1410 tirum
1204 1372 1267 1414 esse

95 1436 248 1493 mortuuml
269 1434 327 1502 Quo
350 1434 431 1491 niodo
455 1450 529 1501 rere,
551 1435 596 1508 qui
620 1435 702 1492 subiit
723 1443 847 1501 mortem,
870 1452 983 1509 eamque
997 1438 1199 1506 exsecrandam,
1219 1455 1266 1513 po·

95 1520 158 1576 terit
180 1517 226 1574 ille
252 1518 385 1591 prodesse
415 1517 493 1574 aliist
521 1517 560 1572 llii
581 1524 669 1573 autern
698 1526 725 1573 et
746 1525 810 1573 sunt
832 1517 1011 1585 immortales,
1039 1527 1067 1574 et
1095 1519 1222 1576 dicuntur
1251 1539 1267 1577 a

93 1600 184 1657 nobis.
227 1596 264 1654 llx
293 1600 347 1656 linc
378 1600 524 1656 occasione
555 1607 666 1672 accepta
690 1600 770 1655 simul
792 1608 818 1655 et
840 1600 971 1656 irridendi
995 1600 1103 1656 illorum
1125 1602 1210 1671 lleos,
1240 1612 1268 1660 et

94 1683 134 1740 eis
156 1683 296 1757 aperiendi
319 1683 425 1738 ianuam
447 1680 568 1756 mysterii
599 1681 782 1756 desuscepta
809 1683 899 1739 carnis
920 1682 1140 1759 dispensatione,
1170 1686 1267 1758 sicque

94 1765 249 1822 deducendi
268 1764 301 1822 ad
323 1764 403 1821 tidem
427 1764 527 1820 Christi
551 1765 727 1838 cognitionis,
757 1765 862 1822 divinus
886 1765 1005 1837 lgnatius
1028 1767 1063 1821 ita
1085 1766 1166 1823 verba
1187 1766 1265 1824 lecits

94 1849 169 1905 lleus
191 1838 319 1904 dominds
342 1856 369 1903 et
390 1848 460 1903 Deus
482 1847 556 1903 lesus
569 1846 693 1903 Christus
714 1849 831 1922 primurn
853 1847 963 1922 quidem
979 1855 1092 1922 propter
1113 1865 1163 1905 nos
1185 1850 1268 1908 lromo

95 1931 183 1987 lactus
203 1938 247 1987 est
268 1939 295 1987 et
322 1938 435 2003 propter
460 1938 581 1986 nostram
609 1930 737 2000 salutern,
770 1940 922 2005 sponteque
951 1947 1061 1988 cruceni
1089 1934 1212 2007 suscepit
1241 1940 1269 1991 et

96 2022 211 2070 mortem
233 2022 261 2069 et
291 2013 466 2086 sepulturam.
510 2013 634 2069 Ceterum
665 2030 761 2070 rursus
789 2011 871 2070 tertid
900 2014 943 2070 die
973 2016 1136 2082 resurrexit,
1165 2016 1267 2072 inimici

97 2096 203 2153 deiecta
232 2103 260 2151 et
281 2103 415 2168 prostrata
438 2096 574 2167 potentia,
605 2103 685 2168 atque
714 2097 838 2153 ascendit
867 2097 893 2151 in
916 2097 1019 2163 caelos,
1049 2097 1120 2152 unde
1148 2105 1268 2167 venerat,

94 2186 146 2233 no's
167 2178 282 2234 simula
311 2177 387 2250 lapsu
418 2179 521 2250 peccati
547 2177 656 2235 deciens
684 2194 828 2251 resurgere
855 2187 883 2234 et
910 2194 1005 2235 rursus
1034 2179 1211 2234 introducens
1240 2181 1268 2237 in

96 2260 260 2334 paradisum,
283 2277 314 2316 ex
334 2276 389 2332 qrro
411 2259 480 2314 ruale
503 2260 640 2315 fueramus
661 2261 749 2327 eiecti,
773 2276 879 2331 neroque
892 2261 996 2315 donans
1019 2259 1099 2316 benis
1111 2262 1267 2328 maioribus,

95 2358 175 2417 qrranr
197 2351 275 2399 erant
295 2359 327 2398 ea
355 2359 423 2414 quiae
445 2349 661 2414 praecesserant.
703 2340 780 2408 erod
803 2350 937 2397 autenrex
958 2342 1000 2410 iis,
1022 2343 1068 2413 qui
1084 2358 1099 2396 s
1114 2341 1191 2397 vobis
1206 2358 1268 2397 een·

97 2433 191 2481 rentur
215 2425 263 2492 llii,
286 2424 356 2480 ullus
375 2425 426 2480 tale
449 2424 514 2496 quid
538 2422 643 2489 lecerit,
664 2421 752 2477 nullus
768 2423 908 2477 lrominum
924 2425 1081 2478 asseruerit.
1125 2423 1190 2478 Nam
1205 2440 1267 2479 curn

96 2508 140 2562 isti
162 2508 282 2563 luissent
303 2506 428 2562 homines
451 2504 565 2561 malefici
586 2513 612 2559 ct
633 2505 747 2572 exitiosi,
770 2513 796 2559 et
816 2503 898 2560 multa
920 2503 1052 2559 fecissent
1079 2504 1111 2559 nd
1140 2503 1267 2560 damnum

96 2588 334 2662 corruptelamque
355 2598 464 2645 nostrae
486 2589 555 2642 vitae
579 2595 604 2642 ct
627 2594 727 2653 status,
755 2587 831 2643 valde
855 2585 933 2643 rilem
963 2594 1051 2642 autem
1074 2586 1190 2641 lleoruur
1212 2588 1269 2659 epi·

95 2672 204 2728 nionem
226 2688 258 2727 ac
278 2671 399 2745 speciem
420 2669 591 2737 hominibus,
612 2670 658 2743 qui
680 2676 744 2724 sunt
764 2686 780 2724 a
801 2669 907 2725 ratione
925 2668 1005 2742 paulo
1025 2668 1179 2738 alieniores,
1201 2669 1269 2725 citra

95 2752 175 2809 ullam
198 2755 328 2809 rationem
354 2753 553 2826 praebuissent,
577 2752 723 2807 cointractis
745 2761 840 2825 postca
861 2752 925 2808 velis
947 2750 1117 2825 deceptionis
1140 2759 1168 2807 et
1187 2767 1268 2807 scena

95 2835 190 2903 ablata,
213 2836 378 2910 deprehensi
402 2844 466 2890 smu
485 2836 503 2891 ii
534 2836 688 2908 quierant,
711 2835 812 2908 quippe
835 2836 880 2907 qui
903 2835 1018 2907 turpiter
1041 2851 1056 2890 e
1076 2835 1128 2889 vita
1143 2850 1268 2891 excesse-

96 2920 166 2986 rint,
196 2926 224 2973 et
245 2919 325 2974 morti
354 2916 496 2973 immortali
519 2918 608 2973 traditi
631 2918 685 2972 sint
707 2926 820 2991 propter
840 2917 985 2973 multorum
1008 2917 1154 2972 interitum.
1198 2916 1269 2990 lupi·

98 3009 139 3055 ter
161 3001 270 3073 quidem
292 3007 379 3067 certe,
407 3000 453 3073 epu
476 3009 518 3055 est
539 2999 615 3056 robis
645 3000 749 3073 primus
777 3009 805 3055 et
827 3001 955 3056 maximus
979 2999 1111 3065 Deorum,
1140 3001 1167 3055 in
1191 2998 1271 3055 Creta

98 3090 140 3139 est
161 3083 301 3157 sepultus3
322 3082 500 3156 Aesculapius
529 3099 594 3138 vero
623 3082 734 3139 fulmine
763 3082 813 3137 luit
836 3098 992 3156 percussus.
1035 3080 1195 3153 Sepulcrum
1219 3081 1270 3137 Ve-

97 3165 172 3220 neris
201 3166 354 3222 ostenditur
376 3165 470 3238 l‘aplii,
493 3172 520 3220 et
540 3165 671 3222 llercules
694 3164 743 3220 luit
770 3165 804 3220 ali
826 3166 888 3238 igne
908 3172 1095 3237 consumptus.
1138 3163 1202 3220 llam
1223 3178 1268 3220 en·

99 3264 158 3303 rum
182 3264 226 3304 res
249 3265 281 3303 ae
301 3248 354 3303 vita
376 3246 438 3302 talia
461 3263 532 3314 vere,
554 3248 635 3303 immo
658 3255 685 3303 et
706 3246 789 3303 multe
813 3246 951 3305 deteriora
971 3246 1154 3303 merebantur.

180 3394 246 3451 t'lll.
289 3396 354 3452 Com
376 3396 442 3451 lmec
463 3396 503 3451 sie
525 3394 596 3451 dicta
619 3394 734 3450 luissent
754 3392 787 3450 ab
803 3394 914 3468 ignatio,
937 3395 1085 3469 lmperator
1107 3395 1186 3452 sinml
1209 3413 1269 3454 eum

99 3478 199 3536 Senatu
222 3479 335 3548 timens,
367 3495 400 3534 ne
423 3478 445 3532 si
468 3485 541 3533 esset
563 3477 621 3531 eius
640 3494 731 3533 sermo
751 3476 900 3551 prolixior,
931 3494 976 3532 res
998 3477 1108 3550 quidem
1131 3479 1270 3551 gentilium

100 3560 341 3629 labefactarentur,
374 3570 402 3617 et
422 3560 463 3616 rel
482 3576 537 3614 non
569 3559 756 3627 crederentur,
778 3558 820 3614 vel
849 3558 1016 3615 haberentur
1044 3558 1177 3629 ludibrio,
1210 3578 1273 3617 cera

100 3650 188 3699 autem
210 3644 322 3700 doceret
343 3643 447 3717 religio,
469 3650 496 3698 et
518 3641 660 3698 tolleretur
681 3641 767 3697 nubes
790 3641 902 3708 erroris,
925 3656 994 3712 qrrae
1016 3641 1040 3696 ei
1061 3640 1178 3699 odundit
1199 3651 1272 3701 tene·

100 3725 179 3796 liras,
208 3725 282 3783 illurn
305 3727 415 3801 quidem
438 3724 548 3782 coniicit
570 3725 595 3780 in
617 3722 731 3792 vincula,
753 3732 781 3779 et
802 3724 827 3778 in
851 3723 983 3779 tutissima
1005 3722 1120 3780 collocat
1140 3724 1273 3782 custodia.

150 3952 178 4014 l)
195 3948 312 4017 ἐλήλυθε
333 3952 361 4002 li.
401 3951 471 4001 Teste
494 3951 615 4001 Cotelerio
633 3950 668 3999 ΑΙ.
752 3947 780 4009 s)
798 3947 833 3996 lt.
852 3940 946 4014 Heium
964 3948 1013 4012 τῆς
1029 3942 1144 4011 κύπρου.
1163 3944 1218 3992 Cot.

102 4028 157 4069 ante
176 4020 284 4070 inserunt
302 4018 357 4069 arel.
755 4012 798 4077 10)
820 4013 931 4066 πολλῶν
948 4016 973 4063 Α.

153 4088 168 4136 5
196 4088 312 4154 μείζονα
333 4101 406 4149 marg.
423 4086 476 4135 Cot.
755 4080 812 4142 Cap.
831 4080 889 4131 tut.
925 4082 951 4144 1]
971 4080 1011 4137 elo
1029 4094 1074 4129 om.
1094 4076 1120 4123 ll.

152 4152 321 4221 napaeos
340 4168 415 4215 marg.
434 4152 486 4202 Cot.
755 4148 782 4210 2)
800 4145 952 4199 anacreon
969 4149 997 4197 ll.
1110 4203 1115 4215 Ι
1162 4202 1170 4221 ,
1222 4201 1228 4218 ,

153 4218 167 4267 l
199 4221 224 4270 ln
243 4222 270 4270 Ν.
291 4210 330 4276 εἷς
353 4219 489 4280 adiungitur
511 4215 585 4265 terlio
608 4208 671 4266 lna·
755 4213 783 4276 3)
802 4209 912 4278 ἀνθὴση
930 4216 959 4274 Α,
978 4217 1092 4262 mutatum
1110 4218 1134 4251 ιο
1156 4209 1276 4271 arduom

104 4280 224 4342 δείξατο.
247 4287 337 4336 ΙΙιίοοιο
356 4279 545 4353 legendorum.
707 4288 746 4331 aut
763 4275 893 4344 ἀνθήσει.

155 4352 182 4414 8)
200 4352 235 4401 dl.
252 4349 340 4421 ὑμῶν.
358 4350 411 4401 Cot.
756 4346 784 4411 t)
804 4344 944 4416 ἱξερεθείη
960 4344 988 4395 E.
1011 4416 1068 4474 w
