2886 4882
289 245 415 305 tertull
438 246 602 305 bristout
621 248 920 308 inpetraturum
952 247 1111 308 11111.
1228 246 1288 310 203

112 430 207 472 omnes
231 429 342 488 quaere.
374 413 473 471 Servos
495 420 523 470 et
541 414 652 472 ancillas
675 432 709 472 no
725 423 899 484 contemnas;
921 417 970 473 sed
986 431 1036 471 nec
1051 416 1103 490 ipsi
1119 418 1288 493 superbiunt,

112 514 207 555 verum
231 498 266 553 ad
289 497 403 570 gloriam
425 498 472 553 bei
491 497 553 571 plus
575 499 702 566 serviant,
724 507 753 555 ut
775 500 909 573 potiorem
933 497 1121 557 libertatemr
1143 503 1197 558 beo
1221 516 1285 559 con·

111 589 271 655 sequantur.
313 580 372 637 Non
403 581 560 637 desiderent
590 582 778 640 communibus
810 581 962 656 sumptibus
984 598 999 637 c
1022 583 1150 640 servitute
1179 584 1285 651 redimi.

111 681 145 721 ne
168 665 240 720 servi
262 664 433 720 inveniantur
455 664 617 737 cupiditatis.

111 822 157 870 tur
177 821 336 872 conventus.
377 814 537 870 Nominatim
560 830 654 871 omnes
677 815 794 888 inquire.
837 813 935 871 Samos
958 823 984 870 et
1005 813 1116 870 ancillas
1139 830 1172 870 ne
1195 814 1286 889 despi-

111 897 182 965 cias3
214 898 337 953 seduco
358 896 410 971 ipsi
432 896 577 964 indentur,
598 897 647 953 sed
668 898 702 953 ad
724 897 836 971 gloriam
858 898 904 954 ltei
926 897 1078 954 officiosius
1099 897 1234 965 serviam,
1255 904 1287 954 ut

111 979 253 1036 meliorem
274 979 425 1035 libertatem
447 997 463 1035 a
481 979 536 1035 beo
560 989 770 1053 cousequantur.
814 981 907 1054 Neque
930 980 1065 1037 communi
1088 981 1208 1054 impensa
1229 996 1285 1037 ma·

111 1062 218 1119 nurnitti
240 1061 334 1130 velint,
356 1079 390 1118 ne
413 1062 483 1118 servi
506 1062 676 1119 inveniantur
697 1063 944 1137 concupiscentiae.

249 1224 279 1281 V.
323 1227 399 1298 Quid
421 1229 559 1301 coniuges,
582 1229 711 1294 coelibes,
733 1246 846 1302 sponsos
867 1235 977 1286 monent
998 1230 1147 1303 episeopus.

195 1358 276 1415 llalas
299 1367 372 1417 artes
396 1360 471 1434 luge,
495 1361 579 1434 magis
602 1368 690 1418 autem
713 1362 746 1418 dc
768 1362 821 1418 illis
843 1379 933 1418 eoram
956 1360 1057 1435 populo
1079 1361 1200 1434 loquere.
1235 1359 1284 1418 So·

114 1441 222 1499 roribus
244 1443 313 1499 mois
335 1443 427 1509 dicito,
449 1451 478 1499 ut
499 1443 641 1500 [lominum
664 1452 761 1513 ament,
784 1453 811 1501 et
831 1445 935 1501 maritis
958 1451 1099 1501 contentae
1122 1445 1178 1500 sint
1199 1460 1282 1501 carno

112 1542 143 1582 ac
163 1525 270 1598 spiritu.
314 1523 443 1582 Similiter
472 1536 498 1584 et
527 1527 657 1583 iratribus
686 1529 754 1583 meis
776 1528 875 1583 manda
903 1528 931 1582 in
961 1527 1070 1583 nomine
1092 1526 1152 1583 lesu
1174 1526 1284 1594 Christi,

113 1616 142 1664 ut
169 1607 282 1681 diligant
309 1609 439 1683 coniuges
469 1627 532 1666 suas
563 1611 633 1666 sieut
654 1609 782 1667 [lominus
811 1609 962 1666 ecelesiam.
1006 1609 1033 1665 Si
1057 1611 1119 1683 quis
1143 1617 1234 1683 potest
1255 1609 1283 1666 in

113 1692 233 1747 castitate
254 1708 372 1757 manere,
393 1693 427 1747 ad
448 1692 581 1750 honorem
603 1693 670 1761 cius,
692 1694 739 1766 qui
754 1693 882 1749 Dominus
903 1700 945 1748 est
966 1693 1063 1759 carnis,
1087 1693 1113 1748 in
1133 1692 1283 1750 humilitate

113 1779 224 1830 maneat
247 1773 275 1830 Si
297 1774 437 1848 glorietur,
460 1777 557 1850 periit3
578 1785 605 1832 et
626 1778 649 1831 si
673 1792 703 1832 se
725 1777 853 1832 maiorem
877 1775 1008 1850 episcopo
1030 1784 1149 1844 censeat,
1172 1774 1283 1832 interiit·

113 1857 195 1914 becct
216 1873 294 1923 vero,
322 1865 353 1913 ut
373 1860 467 1931 sponsi
490 1866 517 1916 et
538 1875 655 1932 sponsae
677 1859 710 1916 ‹lc
733 1860 867 1915 sententia
898 1858 1021 1932 episcopi
1043 1858 1198 1933 coniugium
1218 1856 1283 1915 iaci·
1351 1920 1354 1926 ,

112 1947 169 2008 aut,
200 1945 231 1996 nt
251 1941 360 2014 nuptiae
391 1942 543 1998 secundum
565 1941 707 1999 [lominum
735 1942 804 2011 siut,
838 1958 892 1998 nou
922 1941 1073 1998 secundum
1100 1941 1283 2016 cupiditatem.

111 2019 204 2080 Omnia
225 2021 260 2078 ad
280 2022 413 2080 honorem
435 2024 482 2080 bei
507 2024 579 2081 liant

191 2165 246 2227 *t
289 2171 370 2228 llalas
398 2180 471 2229 artes
498 2174 577 2247 iuga;
609 2176 662 2231 imo
692 2176 725 2231 de
752 2176 795 2231 his
825 2192 877 2232 uec
897 2174 979 2232 verba
998 2129 1089 2230 heito.
1132 2173 1281 2230 Sororibus

111 2255 190 2333 rucis
206 2253 306 2323 dicito,
339 2264 369 2311 ut
389 2256 530 2312 bominum
558 2268 664 2325 ament,
694 2265 721 2313 et
751 2257 916 2331 coniugibus
938 2258 994 2313 suis
1018 2263 1159 2312 contentae
1180 2257 1235 2311 siut
1255 2263 1283 2312 et

111 2353 191 2394 carne
221 2343 249 2393 et
276 2338 381 2412 spiritu.
424 2338 552 2396 Similiter
580 2348 608 2395 et
635 2339 764 2395 iratribus
792 2341 860 2395 meis
890 2340 1018 2413 praecipe
1040 2340 1067 2393 in
1089 2339 1198 2393 nomine
1220 2335 1282 2394 lesu

111 2420 225 2488 Christi,
247 2427 278 2477 ut
298 2421 429 2494 coniuges
452 2439 515 2478 suas
538 2431 641 2490 ament,
672 2423 742 2477 sieut
762 2421 890 2476 {lominus
910 2420 1067 2476 Ecclesiam.
1111 2418 1139 2473 Si
1170 2418 1231 2491 quis
1254 2418 1281 2473 iu

112 2505 234 2560 castitate
265 2519 425 2578 permanere
453 2512 545 2579 potest
573 2505 607 2560 ad
636 2505 768 2559 honorem
795 2503 900 2559 Domini
931 2503 1037 2569 carnis,
1068 2501 1126 2556 sine
1156 2499 1281 2556 iactantia

110 2595 281 2659 permanent:
315 2586 344 2643 Si
366 2587 497 2659 gloriatus
521 2587 618 2655 luerit,
642 2586 736 2660 periit,
758 2594 785 2641 et
810 2586 834 2640 si
856 2586 979 2658 cuiquam
1010 2590 1090 2639 notus
1117 2582 1152 2637 sit
1173 2587 1282 2655 practer
1381 2603 1389 2616 ·

109 2668 282 2743 Episcopum,
305 2669 386 2743 periit
407 2670 431 2726 ei
454 2670 571 2727 castitas.
614 2670 737 2744 Sponsus
760 2677 849 2726 autem
872 2683 1042 2742 sponsasque
1073 2680 1133 2720 cum
1165 2679 1280 2719 assensu

111 2750 239 2826 Episcopi
260 2752 399 2826 coniugari
422 2753 513 2821 decet,
536 2762 565 2810 ut
586 2753 695 2827 nuptiae
718 2751 773 2807 sint
803 2750 952 2808 secuudum
974 2750 1074 2818 Deum,
1099 2763 1153 2804 non
1184 2760 1280 2804 secun·

110 2833 173 2891 dum
196 2834 455 2909 concupiscentiam.
499 2837 593 2893 Omnia
615 2837 648 2893 ad
671 2835 803 2892 honorem
825 2834 872 2891 bei
895 2832 968 2889 fiant
1300 2840 1302 2845 ’

457 2999 499 3056 Vl.
541 3002 645 3076 Officio
665 3003 758 3076 gregia
779 3000 932 3058 christim.

191 3131 327 3206 Episcopo
349 3133 486 3204 attendite,
509 3142 587 3192 utet
609 3135 679 3191 bens
699 3133 777 3190 vobis
797 3133 924 3189 attendat
967 3131 1070 3187 Utinam
1092 3145 1143 3204 ego
1162 3128 1280 3185 vicissim

109 3229 235 3272 recreare
255 3217 359 3290 possim
382 3233 443 3285 cos,
474 3219 520 3292 qui
543 3218 643 3274 subditi
666 3224 730 3272 sunt
752 3216 898 3290 episcopo,
930 3214 1111 3290 presbyteris,
1142 3210 1279 3279 diaconis3

109 3302 136 3352 et
156 3297 257 3354 utinam
279 3299 344 3356 mihi
369 3301 521 3376 contingat,
545 3317 605 3356 cunr
629 3299 679 3356 illis
701 3307 806 3374 partem
828 3298 929 3355 habere
952 3299 978 3354 iu
999 3297 1064 3355 [teo.
1108 3294 1280 3353 Collaboratc

191 3440 263 3503 'Vh
305 3447 441 3524 Episcopo
473 3448 620 3518 attendite,
651 3457 680 3505 ut
710 3457 738 3506 et
767 3448 838 3505 Deus
866 3447 952 3505 vobis.
995 3446 1048 3503 Eos
1080 3455 1111 3502 ut
1139 3445 1279 3521 propriam

109 3529 223 3586 animam
251 3530 350 3604 diligo,
379 3534 424 3605 qui
455 3540 552 3605 parent
571 3532 724 3606 Episcopo,
747 3531 917 3605 Presbyteris
948 3538 976 3586 et
997 3529 1137 3598 biacouis,
1168 3537 1196 3586 et
1218 3545 1279 3586 cunr

110 3612 176 3686 ipsis
204 3613 343 3687 contingat
370 3614 435 3670 milri
466 3624 570 3689 partem
601 3615 702 3671 habere
727 3615 753 3670 in
776 3614 839 3669 beo.
882 3612 1052 3669 Collaborate
1074 3613 1203 3682 invicem,
1226 3627 1278 3669 una

108 3874 185 3937 ganda
213 3874 284 3925 etiam
312 3880 364 3923 erat
393 3872 592 3936 Smpmensibus‚
622 3873 677 3923 idco
711 3871 829 3937 lippensis
861 3872 928 3922 fratri
958 3873 1029 3922 alieni
1060 3872 1144 3921 eximio
1176 3869 1278 3920 seorsim

108 3941 272 3992 sanctissimus
285 3943 374 4004 llartpr
389 3939 536 3990 intermiscet
549 3948 677 4005 praccepta
712 3941 802 3990 scribit.
821 3940 936 3990 Smithius
954 3940 1058 3991 conferri
1080 3939 1145 3988 iubet
1161 3950 1278 4002 persona·

108 4008 138 4057 ad
159 4009 290 4074 populum:
316 4006 425 4069 exemplo
442 4008 566 4070 Apostoli,
589 4007 629 4071 qui
653 4007 677 4055 in
711 4021 764 4057 rum
782 4007 939 4066 imitationes,
963 4022 1022 4071 quas
1043 4007 1142 4069 legimus
1159 4007 1233 4068 Apoc.
1252 4001 1276 4063 1,

107 4074 117 4124 1
134 4076 165 4125 ad
183 4076 243 4126 Tim.
261 4077 335 4125 multa
355 4075 473 4139 praecipit
496 4075 605 4125 omnibus
624 4074 678 4124 liei-
714 4075 752 4125 tt).
783 4075 871 4125 llistius
884 4082 966 4124 censet
979 4075 1040 4123 hane
1052 4071 1184 4136 Epistolam
1196 4070 1279 4133 potius

107 4141 218 4205 publices
245 4143 393 4192 Christianae
428 4141 567 4204 ordinibus;
598 4142 678 4205 aitque
712 4141 889 4192 inscribendam
907 4157 961 4190 esse
971 4141 1002 4191 ad
1013 4141 1163 4202 Polycarpum
1176 4144 1199 4186 et
1210 4136 1277 4187 Pror-

106 4208 169 4259 sient
185 4200 224 4260 hic
241 4210 289 4269 llll.
311 4208 374 4274 tan:
402 4208 472 4259 Nemo
489 4210 673 4258 adolescentiam
708 4211 828 4270 bptcriom.
848 4209 895 4258 loc.
912 4209 964 4258 l'id.
982 4208 1025 4272 Ep.
1043 4206 1073 4255 ad
1093 4206 1186 4268 Smym.
1205 4219 1225 4254 e.
1239 4203 1276 4256 11.

108 4284 171 4327 tuear
189 4283 333 4339 condomam
356 4285 380 4326 et
397 4276 442 4325 Tit.
462 4277 485 4337 2,
507 4278 543 4325 15.
562 4275 631 4325 Nemo
650 4282 671 4324 te
706 4277 761 4325 llot.
778 4277 802 4325 d.

107 4350 245 4395 conterreat.
266 4343 336 4393 Cotel.
360 4344 401 4393 Sic
419 4343 444 4392 11.
463 4342 550 4391 Paulus
568 4342 599 4391 ad
616 4341 673 4390 Phi·
757 4343 784 4403 1)
804 4342 853 4392 Cir.
870 4356 942 4406 snpra
963 4356 984 4392 c,
997 4340 1029 4400 1.,
1047 4339 1178 4403 adSmprn.
1195 4353 1216 4388 c.
1230 4339 1278 4400 id,

106 4408 167 4474 lipp.
185 4412 210 4472 1,
227 4411 253 4463 3.
278 4411 401 4476 Episcopo
419 4409 603 4461 sircEeelcsiae
615 4407 672 4459 l’bi-
706 4410 737 4459 ad
754 4410 845 4473 pros.
863 4424 885 4459 c.
905 4409 945 4459 11.
1166 4484 1355 4610 .
