2886 4882
217 218 279 279 512
387 216 523 276 utum
544 215 682 275 tasson.
724 215 819 273 ttttutt
844 214 885 272 lll.
928 213 1062 274 slllltt't.
1083 213 1149 275 tut
1171 211 1222 289 (t)

219 385 354 457 reliquum
386 398 451 441 vero
481 381 602 450 aridum3
631 390 659 438 et
686 382 713 437 hi
743 371 893 437 seorsum¹⁹
922 380 1117 438 statuebantur.
1166 380 1220 439 ttti
1251 381 1406 441 veniebant

218 466 364 523 afferentes
385 467 473 538 virgas
495 481 558 520 suas
587 465 658 520 siout
680 471 845 538 acceperant
866 464 982 532 virides,
1005 465 1173 537 maximaque
1204 481 1273 538 pars
1307 464 1403 540 populi

218 548 372 606 huiusmodi
394 547 482 621 virgas
503 547 669 621 porrigebat,
692 554 719 602 et
741 563 866 620 magnum
897 564 929 603 es
951 538 1021 602 bis’⁰
1044 547 1153 603 nuntius
1183 546 1231 604 ille
1266 547 1401 621 gaudium

218 633 305 705 cepit3
328 639 355 686 et
376 631 403 687 lri
425 646 551 686 seorsum
571 629 765 685 statuebantur.
807 629 857 685 dlii
886 627 1040 685 atterebant
1065 628 1155 703 virgas
1188 646 1253 685 suas
1286 630 1400 700 virides,

218 721 245 770 et
266 715 409 787 pampinos
438 711 582 779 liabentes3
615 721 642 768 et
663 702 714 767 lri⁹¹
742 727 868 767 seorsum
898 710 1093 768 statuebantur.
1137 711 1171 767 Et
1199 712 1251 769 bos
1283 729 1398 786 quoque

218 797 328 852 nuntius
351 796 394 851 ille
416 812 512 868 magna
533 811 594 850 oum
607 793 741 850 hilaritate
758 785 942 867 excipiebat²²
985 793 1036 849 ntii
1049 793 1201 850 afferebant
1217 793 1312 868 virgas
1331 812 1394 851 suas

218 879 334 943 virides,
362 896 394 934 er
421 876 520 950 quibus
550 885 726 933 excreverant
752 875 870 950 pampini
901 891 1010 943 earum,
1040 876 1087 949 qui
1109 877 1230 951 pampini
1259 878 1397 950 quosdam

217 960 322 1017 fructus
351 950 532 1017 allerebant²⁸
575 959 625 1027 Qui
653 958 808 1015 huiusmodi
837 958 926 1031 virgas
955 957 1150 1031 porrigebant,
1178 959 1255 1015 valde
1292 960 1396 1016 hilares

216 1052 295 1101 erant
312 1043 404 1112 vultu3
427 1042 477 1098 sed
499 1049 526 1098 et
547 1043 658 1098 nuntius
685 1043 743 1115 ipse
765 1042 874 1114 quidem
891 1058 924 1098 es
946 1042 986 1096 eis
1008 1057 1130 1114 magnam
1153 1041 1282 1098 laetitiam
1307 1043 1396 1116 perei-

216 1125 321 1200 piebat;
343 1141 394 1182 nec
415 1125 504 1181 miuus
524 1132 620 1197 pastor
641 1123 687 1180 illo
708 1141 767 1181 oum
780 1141 813 1180 eo
836 1140 866 1180 ex
879 1124 974 1180 eadem
988 1140 1069 1179 causa
1083 1123 1246 1181 hilaritatem
1260 1124 1396 1200 capiebat

186 1340 192 1354 ¹
300 1271 339 1346 (a)
362 1274 393 1332 ll.
437 1275 512 1331 Tune
540 1273 651 1330 nuntius
674 1273 778 1330 ltomini
801 1289 916 1330 coronas
940 1273 1020 1329 iussit
1048 1272 1150 1329 allerri.
1191 1273 1301 1330 llllatae
1332 1283 1395 1331 sunt

218 1351 319 1414 autem¹
341 1374 459 1414 coronae
481 1355 555 1412 velut
576 1373 608 1412 es
629 1356 726 1429 palmis
747 1356 850 1422 laetae,
873 1363 900 1412 et
921 1357 1059 1411 coronavit
1090 1371 1138 1411 eos
1166 1357 1240 1412 viros
1270 1358 1394 1426 nunnus,

217 1441 244 1496 in
267 1457 383 1513 quorum
405 1439 487 1513 virgis
508 1439 650 1512 pampinos
672 1440 811 1495 invenerat
832 1446 860 1493 et
888 1438 1024 1505 lrnctum;
1054 1446 1080 1493 et
1109 1438 1188 1495 iussit
1215 1454 1265 1494 eos
1296 1439 1340 1497 ire
1367 1440 1393 1495 in

218 1525 322 1578 turrim.
353 1522 407 1579 Sed
428 1530 456 1578 et
476 1521 536 1577 illos
559 1522 631 1577 viros
653 1523 727 1578 misit
748 1521 774 1577 iu
796 1522 901 1588 turrim,
924 1520 1083 1593 inquorum
1101 1511 1198 1594 virgis*
1218 1520 1279 1577 sine
1303 1522 1395 1578 lruotu

217 1604 357 1662 invenerat
377 1605 537 1679 pampinos,
558 1604 620 1660 dato
642 1605 682 1661 eis
705 1603 803 1677 sigillo.
846 1603 911 1659 Nam
933 1610 1035 1677 vestem
1058 1603 1171 1658 eandem
1193 1602 1344 1669 habebant,
1366 1605 1393 1660 id

217 1697 266 1757 est,
288 1687 428 1744 candidam
450 1688 522 1742 sieut
542 1687 646 1754 nivem;
668 1702 729 1743 cum
752 1678 817 1759 qua⁸
840 1682 951 1741 iubebat
979 1685 1055 1758 ipsos
1078 1685 1118 1740 ire
1138 1687 1165 1741 in
1187 1684 1294 1741 turrim.
1338 1685 1393 1743 lieo

216 1771 306 1826 minus
327 1777 355 1826 et
376 1785 432 1836 eos,
454 1769 500 1841 qui
522 1767 698 1825 reddiderant
711 1769 800 1842 virgas
822 1766 981 1824 suassiouti
1001 1759 1175 1841 acceperant⁴
1195 1767 1308 1838 virides,
1333 1769 1393 1825 data

217 1852 258 1907 eis
279 1858 353 1908 veste
376 1849 503 1917 eandida3
533 1851 622 1905 etsie
644 1867 692 1907 eos
714 1850 817 1907 dimisit
848 1851 886 1905 ire
915 1849 940 1903 in
972 1850 1079 1906 turrim.
1122 1849 1169 1905 llis
1196 1852 1393 1907 consummatis

218 1934 255 1988 ait
275 1933 308 1989 ad
332 1941 469 2005 pastorem
493 1932 583 1988 illum:
605 1949 666 2007 ,ego
688 1934 770 2001 vado;
804 1941 833 1989 tu
855 1948 918 1988 vero
943 1931 1047 1988 dimitte
1071 1932 1123 1988 bos
1145 1933 1215 1988 intra
1236 1948 1343 2002 muros
1366 1934 1393 1990 iu

217 2030 251 2070 eo
274 2014 351 2082 loeo,
375 2006 442 2087 quo⁶
465 2015 581 2088 quisque
603 2017 701 2072 meruit
723 2015 857 2083 babitare,
881 2013 1061 2070 consideratis
1089 2016 1166 2087 prius
1187 2014 1271 2088 virgis
1293 2032 1393 2073 eorum

217 2096 372 2170 diligenter3
395 2106 492 2165 umen,
512 2114 547 2154 ne
569 2098 630 2171 quis
655 2107 681 2155 te
703 2097 783 2166 lallat,
807 2096 958 2154 considera.
1001 2097 1056 2153 Sed
1086 2105 1114 2153 et
1135 2098 1157 2152 si
1180 2098 1241 2171 quis
1264 2105 1290 2154 ta
1312 2116 1393 2172 prae·

216 2181 329 2247 terierit,
351 2180 452 2252 inquit,
473 2197 525 2253 ego
546 2197 594 2237 eos
616 2198 700 2255 super
721 2172 807 2236 aram⁰
828 2175 970 2253 probabu‘
1013 2179 1060 2234 llis
1082 2180 1116 2236 ad
1137 2187 1278 2251 pastorem
1306 2181 1392 2238 dietis

217 2263 342 2320 recessit.
394 2261 540 2336 Postquam
570 2263 614 2319 ille
641 2264 814 2331 discesserat,
849 2263 886 2318 ait
913 2261 979 2317 milri
1008 2270 1117 2336 pastor:
1153 2262 1329 2336 ,accipiamus
1359 2263 1393 2320 ab

218 2345 344 2402 omnibus
370 2347 472 2418 virgas,
501 2354 528 2402 et
555 2346 708 2419 plantemus
736 2345 804 2418 illas,
835 2346 857 2400 si
889 2344 999 2416 possint
1019 2336 1218 2401 revirescere'.‘
1261 2344 1329 2401 Dico
1351 2348 1392 2403 ei:

217 2428 343 2498 ,domine
363 2429 440 2496 istae,
463 2445 532 2502 quae
554 2437 618 2484 sunt
638 2429 728 2485 aridae
746 2429 845 2500 virgae,
868 2443 922 2500 qno
942 2424 1025 2481 modo
1042 2433 1159 2500 possunt
1172 2420 1389 2484 revirescere⁸l‘

216 2511 260 2565 itit
287 2511 369 2566 mibi:
399 2511 491 2580 ,arbor
518 2512 569 2566 ista
598 2511 665 2567 salix
695 2519 745 2579 est,
776 2501 815 2566 et⁹
845 2524 954 2582 semper
980 2518 1052 2564 amat
1072 2510 1160 2566 vitam.
1203 2507 1231 2565 Si
1253 2510 1393 2582 plantatae

218 2609 283 2665 ergo
315 2593 415 2650 luerint
442 2594 493 2649 hae
523 2593 623 2666 virgae,
654 2595 836 2666 exiguumque
858 2591 982 2647 humoris
1005 2593 1170 2666 acceperint,
1201 2591 1335 2666 plurimae
1359 2610 1394 2651 ex

218 2676 258 2731 eis
281 2668 480 2733 revirescent¹⁰.
524 2674 672 2748 'temptabo
694 2677 775 2742 euim,
797 2682 825 2731 et
846 2673 1001 2731 suffundam
1025 2675 1065 2730 eis
1087 2690 1200 2747 aquam,
1223 2683 1250 2730 et
1270 2676 1294 2730 si
1315 2669 1393 2748 quau

217 2773 310 2813 earum
333 2759 452 2831 potuerit
470 2757 570 2824 vivere,
592 2756 750 2829 gratulabor
771 2756 811 2823 ei3
834 2755 932 2830 quodsi
954 2771 1018 2823 non,
1039 2766 1113 2813 serta
1129 2772 1183 2811 uon
1204 2755 1319 2813 videbor
1338 2776 1392 2832 ego

219 2840 359 2913 negligens
388 2837 492 2896 luisse.‘
534 2839 616 2895 lussit
644 2839 742 2895 deinde
770 2830 838 2895 me¹²
867 2855 965 2895 vocare
996 2854 1054 2894 eos.
1098 2838 1131 2895 Et
1157 2839 1228 2895 sicut
1254 2847 1394 2897 steterunt

218 2922 334 2995 quisque
351 2939 462 2998 ¹eorum,
485 2929 620 2979 venerunt
641 2921 736 2977 ordine
759 2938 820 2989 suo,
841 2923 984 2995 virgasque
1007 2938 1069 2977 suas
1092 2912 1298 2989 tradiderunt¹⁸3
1321 2939 1393 2995 quas

218 3013 343 3078 acceptas
374 3005 419 3060 ille
450 3004 568 3078 singulas
597 3003 725 3078 plantavit
746 3003 887 3060 ordinibus
909 3005 976 3059 suis.
1019 3002 1053 3058 Bt
1072 3013 1218 3077 postquam
1240 3003 1395 3077 plantasset

219 3103 323 3155 omues,
347 3103 443 3158 aquam
465 3088 576 3143 multam
598 3079 800 3158 superelludit¹⁴
821 3086 883 3153 illis,
908 3085 943 3141 ita
967 3093 996 3141 ut
1018 3095 1175 3158 tegerentur
1192 3086 1225 3141 ab
1242 3103 1321 3159 aqua,
1343 3105 1392 3144 us·

219 3184 272 3240 que
294 3169 327 3223 ab
350 3184 381 3222 ea
402 3176 547 3224 exstarent
588 3165 699 3236 lleiude,
721 3185 783 3225 cum
805 3169 946 3241 irrigasset
969 3167 1035 3235 illas,
1058 3170 1095 3224 ait
1115 3168 1196 3224 milii:
1225 3185 1338 3238 ,eamus
1363 3179 1392 3227 et

218 3241 304 3322 post¹⁸
325 3265 428 3322 paucos
451 3249 509 3306 dies
530 3257 706 3319 revertamur,
729 3259 756 3307 et
777 3252 915 3307 visitemus
938 3267 991 3307 eas.
1034 3250 1083 3318 Qui
1106 3252 1205 3307 creavit
1226 3252 1295 3306 euim
1318 3251 1394 3310 itane

220 3330 355 3399 arborem,
385 3333 474 3388 vivere
503 3332 560 3389 vult
587 3349 683 3389 omnes
712 3351 769 3403 eos,
799 3333 844 3407 qui
874 3350 906 3390 ex
929 3350 959 3390 ea
981 3325 1170 3407 aeceperunt¹⁶
1189 3334 1287 3407 virgas.
1331 3334 1392 3408 Ego

218 3448 426 3462 *uu-

272 3509 314 3571 19)
331 3510 364 3559 lta·
382 3524 405 3572 p.
423 3510 446 3557 lii
466 3523 571 3556 seorsum
589 3506 642 3556 Vnt·
660 3508 685 3556 ln
704 3524 723 3556 o.
747 3508 784 3558 to.
817 3512 918 3570 [malum
948 3523 972 3569 p.
997 3508 1110 3571 peruadunt
1134 3500 1223 3569 (socios
1250 3508 1391 3568 orlsoredont

217 3576 242 3636 ii,
261 3577 301 3638 qui
319 3576 475 3626 crediderunt
493 3573 588 3638 quidam
610 3575 669 3635 Deo,
688 3575 712 3623 in
730 3590 784 3625 soe·
819 3575 877 3635 liat,
895 3574 935 3638 qrri
952 3573 1030 3637 pergit
1047 3577 1149 3623 virorum
1167 3590 1251 3624 eorum.
1281 3574 1325 3628 Oui
1343 3577 1391 3624 bn·

218 3642 308 3691 laribus
326 3658 383 3692 vero
402 3642 535 3692 conversati
555 3649 617 3691 sunt.
818 3644 925 3701 iornrodi,
944 3655 997 3689 mox
1007 3641 1141 3704 transponit
1155 3644 1206 3705 ipse
1218 3643 1324 3702 attentius,
1338 3650 1390 3691 tum

267 3709 311 3770 20)
330 3708 463 3758 bariusmodi
480 3712 537 3771 virg.
550 3711 705 3774 porrigebant.
735 3710 783 3759 ldo·
818 3724 849 3757 aa
868 3711 929 3770 ipsis
947 3722 973 3770 p.
992 3723 1022 3755 es
1041 3711 1082 3757 uis.

218 3775 489 3840 perambularemus
499 3777 606 3839 liiplri.
621 3776 783 3838 liintelligun·
869 3774 925 3837 Cup.
940 3774 967 3823 ll.
995 3774 1019 3837 l)
1035 3778 1095 3824 raim
1113 3775 1203 3839 absque
1221 3791 1319 3825 coronae
1330 3776 1390 3833 var..

218 3851 264 3904 tur,
283 3843 323 3907 qui
340 3844 372 3902 (r.
385 3842 420 3906 3.)
438 3842 540 3892 modesti
558 3851 614 3892 sunt
631 3853 702 3908 atque
719 3844 783 3905 iusti,
818 3840 871 3890 dein
891 3844 954 3890 siros
978 3845 1114 3905 adommin
1132 3844 1205 3904 uirgis
1221 3846 1389 3906 paropinororrr

218 3920 242 3961 et
260 3910 300 3975 qui
316 3910 386 3959 raldo
403 3924 462 3972 pura
481 3918 559 3960 ruente
573 3911 687 3970 tinemut,
705 3920 728 3961 et
741 3929 782 3969 pu·
816 3910 1046 3970 invenerolJrootum.
1070 3910 1095 3958 lu
1106 3911 1188 3959 turrim
1198 3909 1306 3958 coronati
1319 3926 1392 3960 mnn-

218 3977 353 4027 stodieruut
369 3977 480 4026 mandata
497 3977 548 4026 llei.
818 3975 911 4034 dantur,
929 3975 969 4038 qui
988 3990 1041 4024 curn
1060 3976 1158 4025 diabolo
1177 3976 1258 4025 luctati
1278 3977 1325 4037 legi
1344 3993 1388 4026 sa-

270 4044 314 4106 tl)
333 4044 421 4093 titillat.
445 4045 462 4093 li
481 4045 602 4108 santoni
620 4045 694 4107 (od.)
713 4060 782 4094 vexa·
816 4042 966 4107 tisloeerunt,
985 4050 1010 4091 ut
1030 4051 1131 4106 apparet
1148 4058 1175 4091 ex
1193 4059 1214 4092 u.
1234 4044 1258 4093 3.

219 4110 307 4161 tionem
323 4112 485 4161 sustinuerunt
502 4117 602 4173 proptor
620 4110 711 4172 legem,
733 4127 782 4161 non
867 4104 895 4172 2)
913 4124 1011 4173 qnorum
1022 4111 1046 4157 in
1060 4112 1135 4171 uirgis
1144 4110 1235 4173 absque
1248 4111 1390 4171 sinesroate

219 4177 330 4227 obierunt
342 4188 419 4227 sutem
428 4185 543 4235 mortem3
561 4175 604 4225 sed
622 4192 666 4225 nes
678 4178 782 4239 abnega·
817 4177 874 4237 tat,
893 4176 933 4224 ubi
951 4175 1019 4225 deest
1036 4178 1081 4227 eis.

219 4252 301 4293 rerunt
317 4254 424 4295 sanctam
441 4244 525 4306 legem.
868 4244 895 4307 3)
913 4245 996 4308 quibos
1013 4243 1071 4304 vat,
1087 4243 1139 4291 sine
1155 4258 1207 4306 seq.
1225 4246 1301 4306 ipsos.

266 4309 299 4360 22
328 4327 413 4374 magno
429 4311 553 4373 lplaritote
568 4308 674 4371 capiebat
691 4308 741 4357 vat.
868 4307 895 4374 d)
914 4313 976 4361 sicot
1000 4317 1022 4361 et
1042 4315 1160 4374 acceperut
1179 4310 1244 4372 ilat,
1273 4309 1314 4359 nbi
1340 4312 1389 4363 sub

267 4376 299 4426 2³
330 4375 657 4441 offrretaotpaodammodom
669 4376 784 4440 quendam
816 4378 888 4428 mam
906 4391 952 4429 ont.
966 4379 1007 4426 ire.
