2886 4882
376 234 511 294 annm
533 236 674 295 PASTOR.
717 236 805 297 vlsm
828 237 846 306 1,
872 238 896 293 1.
917 238 944 294 2.
1179 232 1239 295 573

73 387 160 466 ὄντος
191 388 226 455 τά
254 387 326 454 ὄντα
359 390 409 455 καὶ
434 391 591 473 πληθύνας
621 395 671 457 καλ
701 389 829 474 αῦξήσας
859 392 977 455 &senff
1004 400 1057 474 τῆς
1089 394 1241 477 ἐκκλησίας

73 471 182 550 αῦτοῦ,
214 472 355 558 δργίζεταί
381 496 443 549 σοι,
476 475 520 540 ότι
543 475 673 582 ᾕμαρτης
694 479 736 552 είς
756 477 812 559 ἐμέ.
850 473 1038 556 Ἀποκριθεὶς
1066 475 1140 565 αὐτῇ
1169 480 1241 564 λέγω

75 560 132 632 Εἰς
157 556 187 620 σὲ
217 556 362 639 ήμαρτονς
395 561 470 645 ποίῳ
500 585 614 647 τροπῳ,·
643 588 662 642 η
691 558 762 625 πότε
783 580 829 624 σοι
850 556 969 641 αίσγρόυ
993 556 1081 642 λόγον
1101 558 1241 642 ἐλάλησα;

73 639 109 703 οῦ
123 638 245 704 πάντοτέ
268 645 326 720 [σε]
350 639 390 717 ῶς
412 644 578 727 θυγατέραν
598 641 747 726 ήγούμιγν,·
770 642 805 708 οῦ
823 640 945 706 πάντοτέ
960 666 994 721 με
1015 639 1241 724 ἐκατάκριναςςι*

74 721 173 786 διὰτί
194 750 250 803 μου
271 723 452 812 καταψεύδῃ,
472 725 568 811 γύναι,
590 725 624 789 τά
644 724 759 809 πονηρά
778 734 884 804 ταῦτα;
914 722 1064 788 Γελάσασά
1093 749 1143 805 μοι
1169 727 1243 809 λέγει

67 804 139 868 Ἐπὶ
166 806 218 887 τήν
244 809 367 890 καρδίαν
400 830 452 871 σου
481 808 571 891 άνέβη
599 811 742 892 ἐπιθυμία
769 818 821 892 τῆς
847 811 1002 892 πορνείας·
1034 808 1083 872 καλ
1105 804 1141 871 οῦ
1163 811 1246 872 δοκεῖ

72 912 117 953 σοι
139 886 224 972 άνδρλ
245 893 349 976 δικαίῳ
368 891 498 975 πονηρόν
521 900 639 977 πρᾶγμα
660 891 750 970 εἶναι,
782 892 833 958 ἐὰν
863 891 959 980 άναβή
978 892 1025 956 ἐπί
1046 888 1099 974 τὴν
1119 894 1244 998 καρδίαν

73 972 164 1037 αὐτοῦ
192 973 212 1057 ἡ
241 973 356 1056 πονηρά
380 976 540 1059 ἐπιθυμίας
570 976 707 1061 Ἁμαρτία
728 976 783 1061 γάρ
806 979 865 1042 ἐστι
886 977 1002 1061 μεγάλη,
1023 977 1128 1056 φησίν·
1150 1000 1166 1039 ο
1188 972 1243 1059 γάρ

72 1061 186 1133 δίκαιος
216 1055 289 1140 ἀνὴρ
322 1060 421 1122 δίκαια
451 1060 648 1141 βουλεύεταιῑδ.
697 1059 751 1125 Ἐν
778 1068 818 1148 τῷ
849 1055 902 1126 οὖν
932 1064 1031 1124 δίκαια
1050 1058 1243 1140 βουλεύεσθαι

73 1139 163 1205 αὐτόν
193 1149 390 1223 κατορθοῦται
417 1139 437 1223 ή
466 1143 535 1221 δόξα
565 1143 656 1209 αῦτοῦ
684 1150 716 1212 ἐν
746 1152 786 1229 τῷ
808 1142 924 1230 οῦρανῶ
946 1145 994 1208 καλ
1017 1141 1243 1207 εῦκατάλλακτον

73 1226 127 1307 ἔχει
148 1222 200 1289 τδν
219 1223 321 1310 κόριον
342 1227 373 1289 ἐν
392 1229 479 1292 παντὶ
498 1227 658 1312 πράγματι·
688 1231 719 1292 οί
737 1230 767 1292 δέ
789 1227 877 1292 πόλιν
899 1224 1039 1309 [πονηρά]
1069 1226 1243 1307 βουλευόμε-

73 1334 120 1373 νοι
148 1311 179 1373 ἐν
210 1318 273 1385 ταῖς
299 1312 433 1392 καρδίαις
454 1310 550 1375 αὐτῶν
573 1311 701 1376 θάνατον
722 1313 771 1375 καλ
792 1309 1021 1393 αἰχμαλωτισμόν
1043 1311 1156 1386 εἀυτοῐς
1183 1311 1244 1374 ἐπι·

73 1399 215 1457 σπῶνται·
237 1392 358 1473 μάλιστα
379 1394 410 1456 οί
430 1393 480 1458 τόν
503 1398 595 1459 αίῶνα
614 1403 718 1459 τοῦτον
739 1392 974 1476 περιποιούμενοι
1009 1393 1059 1456 καί
1079 1401 1135 1478 γῆν
1156 1395 1242 1477 ἐρῶν-

71 1479 138 1552 τεςω
168 1478 198 1541 ἐν
225 1485 264 1563 τῷ
293 1475 409 1562 πλούτῳ
438 1477 535 1542 αὐτῶν
566 1479 615 1542 καλ
643 1476 683 1560 μὴ
718 1475 899 1559 ἀπεχόμενοι
916 1485 974 1542 τῶν
994 1474 1155 1558 μελλόντων
1175 1475 1244 1561 αἰγα-

73 1567 157 1635 θῶν,
179 1559 270 1624 πολλά
293 1559 537 1640 μεταμελήσουσιν
558 1562 591 1624 αί
617 1561 711 1642 ψυχαί
738 1558 834 1624 αῦτῶν
865 1562 970 1636 οἵτινες
990 1556 1045 1624 οῦκ
1066 1560 1180 1641 ἐχουσιυ
1200 1560 1243 1624 ἐλ-

71 1646 171 1719 πίδας,
192 1643 248 1706 ἀλλ’
267 1642 389 1717 ἑαυτούς
401 1640 588 1708 άπεδῶκασι“
610 1646 660 1707 καί
680 1641 733 1726 τήν
753 1640 828 1725 ζωήν
849 1642 954 1708 αῦτῶν.
989 1640 1077 1706 Ἀλλά
1098 1640 1134 1707 σύ
1155 1664 1243 1726 προσ-

75 1723 161 1806 εύχου
189 1722 264 1809 πρός
289 1724 341 1790 τόν
369 1724 459 1802 θεόν,
488 1727 538 1790 καλ
567 1725 676 1791 ίάσεταί
696 1748 750 1792 σου
770 1725 805 1791 τόι
824 1724 1013 1811 άμαρτήματα
1031 1727 1081 1790 καλ
1102 1725 1172 1791 δλον
1192 1722 1244 1792 τόν

73 1805 179 1874 οίκόν“’
201 1830 254 1872 σου
277 1810 328 1872 καί
348 1808 464 1873 πάντων
485 1817 543 1874 τῶν
563 1807 661 1895 άγίων.

157 1935 188 1990 n.
227 1923 315 1988 Μετόι
345 1923 376 1990 τό
407 1934 529 2009 λαλῆσαι
557 1925 649 2009 αιἰτήν
673 1926 708 1990 τά
740 1926 854 2009 (λήματα
882 1934 972 1990 ταῦτα
1000 1926 1193 2007 ἐκλείσθησαν
1215 1925 1246 2010 οί

74 2006 324 2157 ιὲιόρανρίὲγιόγῶ
354 2010 422 2086 όλος
448 2008 527 2117 ήμην
544 2008 706 2158 ιπειγρικῶρ
723 2013 772 2074 καλ
791 2008 980 2157 λυπούμὲνος.
1013 2007 1142 2156 Ἔλεγον
1160 2009 1245 2073 δὲέν

72 2119 185 2259 ήυιῖός
213 2119 581 2258 ιειιῗόζλμόοἰιῖμ”όῖιῖ
594 2115 1078 2261 ῗῗέίαίῶαλμῖωριῖτίῖίῶίῶ
1098 2104 1242 2255 ιῗιῗίόῦξ

72 2265 169 2335 ποίοις
197 2258 323 2341 ῥήμασιν
357 2259 491 2345 ἐρωτήσω
521 2259 573 2325 τόν
601 2256 703 2343 κύριον
729 2262 779 2322 ἵνα
807 2257 939 2347 ίλατεύση
966 2283 1032 2339 μοις
1069 2264 1166 2322 Ταῦτα
1185 2282 1244 2340 μου

74 2346 346 2428 συμβουλευομένου
367 2345 416 2408 καλ
437 2345 668 2429 διαλογιζομένου
691 2345 723 2407 ἐν
744 2350 779 2430 τῇ
800 2345 918 2428 καρδίᾳ,
946 2342 1042 2422 βλίπω
1063 2339 1242 2405 κατενῶπιόν

73 2453 131 2510 μου
162 2428 312 2509 καθέδραν
342 2425 448 2508 λευκὴν
477 2429 507 2506 ἐξ
526 2430 611 2511 ἐρίων
632 2434 743 2492 λευκῶν
763 2433 917 2511 γεγονυῖαν
937 2423 1077 2509 μεγάλην·
1098 2426 1147 2489 καλ
1167 2416 1243 2506 ήλθε

72 2509 148 2596 γυνή
168 2510 341 2594 πρεσβύτης8
363 2513 395 2575 ἐν
417 2513 558 2599 ἱματισμῷ
578 2511 776 2596 λαμπροτάτῳ,
798 2511 902 2591 ἔχουσα
922 2510 1035 2589 βιβλίου
1057 2509 1097 2582 είς
1117 2505 1169 2583 τάς
1205 2516 1243 2571 ελ

73 2623 135 2680 ρας,
157 2597 208 2659 καὶ
229 2594 349 2659 ἐκάθισε
370 2594 455 2677 μόνη,
478 2597 527 2660 καί
557 2592 707 2676 ἠσπάσατό
734 2619 767 2675 με
798 2590 899 2696 Ἑρμᾶ,
920 2593 1022 2675 χαῖρε*
1056 2588 1093 2654 Ἡ
1122 2590 1154 2655 δέ
1182 2615 1195 2654 ε

78 2684 114 2742 Τί
134 2677 258 2764 στυγνός
279 2677 296 2743 δ
317 2677 510 2761 μακρόθυμος
531 2681 580 2743 καὶ
601 2677 814 2759 ἆστονάγητοςέ,
837 2674 990 2742 υπάντοτε
998 2682 1103 2781 γελῶν,
1125 2677 1153 2738 τί
1165 2673 1246 2755 οῦτωΙ

75 2762 209 2846 κατηφής
235 2771 271 2851 τῇ
301 2763 364 2850 ἰδίᾳ
392 2765 441 2828 καὶ
461 2761 514 2845 οῦγ
535 2759 649 2846 λλαρός;
682 2764 740 2825 Καὶ
773 2757 853 2826 είπον
884 2756 958 2846 αότή
1008 2757 1071 2824 Τπό
1093 2783 1171 2833 τινος
1191 2785 1242 2842 γυ·

75 2846 176 2923 ναικὸς
205 2845 395 2932 άγαθωιάτης
416 2846 554 2932 λεγούσης
573 2872 623 2928 μοι
641 2843 837 2928 ’ότιήμαρτον
858 2846 899 2918 είς
929 2840 1028 2923 αὐτήν.
1069 2839 1105 2905 Ἦ
1126 2840 1158 2905 δὲ
1184 2844 1242 2926 ἔφη

77 2933 236 3010 Μηδαμῶς
264 2931 312 2995 ἐπὶ
343 2929 394 2996 τόν
423 2936 530 2996 δοῦλον
550 2937 602 2995 τοῦ
623 2935 698 2995 θεοῦ
719 2934 837 3012 πρᾶγμα
859 2933 1007 2992 τοιοῦτον·
1036 2922 1107 2989 ἀλλὰ
1128 2925 1245 3002 πάντας

74 3012 122 3074 ἐπλ
151 3012 204 3092 τὴν
236 3017 359 3095 καρδίαν
386 3035 439 3079 σου
468 3013 558 3098 άνέβη
584 3013 652 3095 περί
682 3009 787 3094 αὐτῆς·
815 3012 874 3075 ἐστι
899 3009 954 3091 μὲν
974 3017 1034 3084 τοῖς
1055 3006 1171 3084 δούλοις
1190 3013 1244 3072 τοῦ

74 3099 149 3156 θεοῦ
176 3092 196 3174 ή
222 3095 340 3177 τοιαύτη
367 3095 459 3180 βουλή
487 3097 630 3182 άμαρτίαν
650 3095 843 3202 ἐπιφέρουσα·
871 3089 986 3176 πονηρά
1006 3089 1060 3177 γάρ
1080 3088 1172 3175 βουλή
1193 3092 1244 3156 καλ

74 3177 241 3256 ἐκφρικτος,
272 3179 313 3251 είς
339 3179 503 3262 πάνσεμνον
522 3189 638 3264 πνεῦμα
658 3182 708 3245 καί
728 3183 787 3285 ηδη
809 3177 1053 3260 δεδοκιμασμένον
1074 3173 1126 3241 ἐάν
1146 3173 1242 3263 δναβῇ

74 3260 217 3340 ἐπιθυμία
237 3257 257 3340 ή
279 3258 411 3341 πονηρόν
429 3265 528 3346 ἔργον·
550 3266 599 3329 καλ
620 3261 743 3345 μάλιστα
777 3268 881 3347 Ερμῦς
906 3259 924 3326 ό
946 3256 1084 3346 ἐγκρατής
1104 3260 1153 3324 καλ
1174 3255 1243 3323 άπε-

74 3341 194 3446 γόμεγος
215 3340 309 3424 πάσης
330 3341 490 3425 ἐπιθυμίας
519 3352 653 3429 πονηράς
672 3347 723 3410 καλ
743 3342 855 3429 πλήρης
876 3341 1036 3427 άπλότητος
1055 3344 1105 3409 καί
1120 3341 1244 3418 άκακίας

74 3435 207 3511 μεγαλης.

129 3578 170 3641 13)
188 3579 252 3628 llaec
271 3592 314 3627 vox
328 3581 358 3626 its
377 3574 466 3638 scripta
480 3583 515 3624 est
528 3584 554 3624 ιιι
565 3575 642 3639 possit
729 3577 771 3641 17)
792 3569 972 3627 άπεδῶκασι.·
1000 3571 1036 3624 ιία
1068 3587 1168 3639 apogr„
1195 3592 1242 3628 non

74 3641 174 3696 ἕνωσιν
187 3645 240 3706 legi.
270 3645 318 3693 Sed
331 3659 357 3693 οι
369 3642 454 3692 litteris
463 3643 642 3706 suprascriptis,
676 3638 884 3695 ἀποδεδώκασι.

73 3712 150 3775 iisque
171 3711 200 3759 ad
220 3712 376 3760 imitationem
397 3719 422 3759 ιιι
449 3709 542 3759 videtur
565 3709 641 3772 ipsius
728 3709 770 3774 18)
789 3706 855 3762 ὅλον
867 3707 917 3759 ιδν
932 3705 1022 3760 υλκονι
1040 3709 1076 3758 sic
1085 3725 1177 3773 apogr„
1195 3726 1242 3761 non

73 3779 165 3828 codicis
184 3778 307 3827 nonsatis
326 3777 459 3837 distinctis,
485 3784 585 3840 ερροιυι
603 3776 641 3825 Si·
676 3783 701 3825 ιιι
722 3776 848 3839 legendum
867 3776 961 3825 videtur
977 3771 1043 3826 ὅλου
1060 3779 1109 3827 τοῦ
1125 3779 1209 3828 οἴκου.

73 3846 194 3896 ιοοιιίδειυ
211 3846 235 3893 in
254 3845 356 3906 legendo
373 3844 502 3908 exemplari
527 3845 641 3894 haesisse.

124 3913 168 3978 14)
186 3909 218 3963 οὐ
235 3907 359 3963 πάντοτε
376 3910 471 3976 (apogr,
489 3912 580 3977 absque
599 3910 641 3975 σε)
1065 3958 1070 3971 ,
1122 3958 1128 3970 ,

73 3975 112 4037 ὥς
134 3982 155 4031 μ
192 3979 295 4049 (πέραν
316 3975 459 4047 ἡμοημηγ;
487 3977 519 4031 ⁰1)
543 3983 640 4043 (apogr,
716 3959 753 4038 .²)
772 3958 1145 4043 τελείωνροεοοωρεαδιυιιιιο
1160 3973 1243 4022 apogr.

70 3996 243 4118 hyovaov)
268 4032 351 4099 πρίῃ,
380 4062 417 4117 με
441 4041 640 4115 txazdxqwaf:
675 4034 790 4092 scnptum
806 4032 850 4087 est,
868 4026 1243 4077 absmmonsausmlellectum·

73 4114 132 4165 haec
151 4116 216 4165 vario
236 4115 308 4164 modo
329 4123 441 4177 corrupta
461 4130 514 4165 esse
533 4120 640 4193 ιρροιεῑ.
725 4110 752 4174 3)
773 4110 796 4160 in
821 4124 905 4174 apogr.
932 4117 968 4160 est
997 4104 1170 4178 πρεσβύτης,
1194 4124 1243 4159 non

125 4182 169 4239 15)
188 4176 361 4246 βουλεύεταιε
384 4197 466 4245 apogr.
486 4182 640 4234 καλευεται.
676 4180 834 4248 πρεσβῦτις.

127 4246 169 4311 16)
188 4251 242 4313 γῆν
257 4245 389 4317 λρῶντεςι
409 4249 442 4298 λιι
455 4263 538 4314 apogr.
565 4248 640 4298 Ιοεδ.
725 4248 753 4309 4]
773 4245 844 4296 Plura
864 4245 1003 4296 exciderunt
1026 4251 1128 4307 propter
1146 4237 1244 4313 δμοιο·

71 4313 148 4380 princ.
167 4323 231 4364 recte
249 4317 400 4381 propositum
419 4325 455 4368 est
469 4318 641 4384 γαυριῶντες
675 4313 810 4367 τέλευτον.

72 4383 161 4434 collato
181 4381 227 4432 Vis.
246 4381 284 4432 ΙΙΙ.
304 4399 356 4450 τερ.
374 4384 411 4434 lx.
726 4382 752 4448 5)
769 4381 794 4433 in
812 4396 895 4448 apogr.
914 4390 950 4434 est
969 4372 1171 4446 ἀστομάχηιοε.

727 3875 785 3940 Cap.
802 3877 830 3926 11.
867 3875 892 3939 1)
910 3871 944 3935 lv¹
960 3872 1063 3943 ἐαυτῷτ
1082 3875 1118 3925 sic
1136 3889 1219 3940 apogr.
