2886 4882
191 228 253 291 212
483 232 680 291 minitatum
702 233 730 288 S.
754 230 887 288 tonanti.
917 229 960 288 111.
981 229 1023 287 tv,
1044 227 1075 287 V.

195 387 344 468 ἐξαιρέτως
371 388 403 452 δέ
422 385 473 453 τὸν
505 387 589 472 ἀγιου
622 386 834 471 Πολύκαρπον,
864 387 926 464 ίνα,
955 381 1005 449 oei
1032 391 1090 447 τῶν
1118 385 1233 464 θηρίων
1260 389 1371 446 θάττον

195 469 314 553 ἀφανὴς
334 477 373 557 τῷ
395 470 494 559 κύσμηο
515 468 685 556 γενόμενος,
708 472 879 558 έμφανισθῆ
902 475 943 556 τῷ
963 464 1110 554 προσώπῳ
1132 474 1185 530 τοῦ
1210 472 1348 550 Χριστοῦ.

361 629 402 685 lv.
444 631 573 704 Ipnetiae
594 633 690 689 toribit
710 632 847 695 ecclesiis,
864 630 1031 703 praesertim
1051 628 1202 683 Romanae.

276 735 337 798 Καί
357 743 447 808 ταῦτα
469 736 562 812 οὕτως
583 738 687 822 ἔλεγεν,
706 739 756 801 καὶ
776 735 868 812 οὕτως
887 732 1110 819 διεμαρτύρατο,
1131 740 1271 798 τοσοῦτον
1287 734 1371 797 ἐπεκ-

138 825 143 834 ’
193 821 295 884 τείνων
314 816 368 899 τῆν
396 817 469 904 πρὸς
491 818 619 902 Χριστὸν
646 818 776 905 ἀγάπην,
807 817 847 894 ῶς
877 816 1005 901 ούρανοῦ
1030 817 1148 898 μέλλων1
1182 815 1370 899 ἐπιλαμβάνε-

194 910 268 966 σθαι
296 901 344 965 διά
373 910 425 985 τῆς
450 911 541 985 καλῆς
572 903 726 989 ὁμολογίας
753 905 802 967 καί
829 909 882 985 τῆς
908 909 967 967 τῶν
988 900 1204 982 συνευχομένων
1224 898 1296 983 ὑπὲρ
1319 910 1371 982 τῆς

195 982 347 1067 ἀθλῆσεως
377 989 525 1069 σπουδῆς,
560 986 724 1052 ἀποδοῦναι
751 985 782 1050 δέ
811 984 863 1051 τδν
890 983 1001 1067 μισθὸν
1027 993 1091 1059 ταῖς
1117 985 1279 1066 ἐκκλησίαις
1307 993 1371 1058 ταῖς

193 1065 413 1150 ύπαντησάσαις
435 1068 514 1157 αὐτῷ
536 1069 585 1134 διδ
604 1078 663 1136 τῶν
682 1069 861 1176 ἡγουμένων,
879 1067 1052 1153 γραμμάτων
1066 1063 1253 1149 εὐχαριστῶνῖ
1269 1069 1370 1148 έκπεμ-

193 1152 331 1233 φθέντων
351 1151 425 1236 πρὸς
456 1151 561 1231 αύτάς,
590 1180 789 1236 πνευματικην
816 1152 880 1235 μετ’
907 1150 992 1234 εάχῆς
1012 1154 1063 1215 καί
1083 1153 1279 1233 παραινέσεως
1299 1149 1371 1215 ἀπο-

194 1235 365 1312 σταζύντων3
394 1234 485 1344 χάριν.
531 1243 693 1322 Τοιγαροῦν
720 1238 789 1311 τοὺς
815 1234 925 1311 πάντας
955 1235 1032 1318 δρῶν
1064 1232 1203 1309 εὐνοϊκῶς
1230 1236 1370 1315 διακειμέ-

193 1343 264 1393 νους
284 1320 351 1401 περὶ
372 1317 481 1397 αυτὸν,
502 1323 649 1402 φοβηθείς
685 1319 725 1403 μῆ
745 1344 814 1385 ποτε
835 1317 856 1401 η’
875 1327 928 1402 τῆς
958 1315 1153 1398 ἀδελφότητος
1181 1317 1286 1402 στοργὴ
1318 1316 1371 1398 τῆν

193 1398 268 1483 πρδς
289 1399 391 1485 κύριον
412 1401 504 1467 αὐτοῦ
525 1403 657 1488 σπουδὴν
677 1402 815 1492 έκκύημη,4
836 1410 927 1484 καλῆς
948 1401 1144 1489 ἀνεμχθείσης
1172 1398 1250 1488 αὐτῷ
1272 1399 1371 1484 θύρας

193 1491 248 1549 τοῦ
268 1488 445 1570 μαρτυρίου,
466 1481 515 1551 οία
539 1486 613 1571 πρδς
640 1485 695 1571 τῆν
720 1489 876 1570 ἐκκλησίαν
905 1487 1059 1551 ἐπιστέλλει
1079 1481 1241 1568 Ῥωμαίων,
1269 1482 1370 1548 ύποτέ-

193 1588 302 1632 Μαι·
402 1653 498 1720 ίιυίιατ
515 1657 551 1707 nee
569 1656 676 1720 Epistoto
692 1655 716 1707 S.
737 1658 825 1721 toneat
844 1658 875 1707 αδ
892 1656 1010 1707 Romanos.
1049 1655 1101 1705 Vide
1120 1669 1192 1717 supro
1207 1670 1232 1718 p.
1253 1653 1299 1704 lot
1320 1669 1370 1717 spp-

449 1833 478 1888 V.
519 1835 648 1906 Ipaatine
669 1854 689 1891 a
709 1835 832 1904 Smyrna
851 1837 967 1892 Romam
989 1838 1110 1893 ducitur.

278 1940 468 2022 Καταρτίσας1
488 1941 601 2022 τοίνυν,
623 1937 663 2014 ῶς
684 1937 844 2045 ῆβούλετο,
871 1937 941 2015 τούς
970 1941 1002 2003 έν
1022 1938 1114 2028 Ῥώμη
1146 1948 1205 2004 τῶν
1232 1939 1369 2019 ἀδελφῶν

195 2018 320 2099 ἀκυντας
341 2021 390 2086 διὰ
408 2027 461 2102 τῆς
481 2023 647 2104 ἐπιστολῆς,
669 2046 763 2098 ουτως
785 2021 924 2105 ἀναχθείς
943 2019 1002 2087 ἀπὸ
1034 2031 1087 2104 τῆς
1108 2022 1247 2106 Σμύρνης
1277 2029 1370 2100 (κατε.

195 2107 308 2189 πείγετο
329 2104 384 2191 γάρ
405 2101 464 2168 ἀπὸ
486 2113 544 2170 τῶν
573 2113 752 2190 στρατιωτῶν
771 2103 790 2169 δ
813 2103 1029 2190 Xpooeopo'poe²
1051 2106 1168 2186 φθάσαι
1190 2104 1241 2180 τάς
1262 2115 1371 2185 φιλοτι-

195 2189 275 2269 μίας8
297 2191 329 2253 έν
350 2196 385 2270 τῆ
406 2186 512 2272 μεγάλη
532 2186 625 2277 Ῥώμη
633 2192 653 2268 ‚⁴
677 2192 727 2253 ίνα
749 2187 796 2253 ἐπ’
820 2189 909 2271 ὄψεσι
929 2196 982 2253 τοῦ
1004 2187 1099 2272 δῆμου
1119 2187 1266 2270 Ῥωμαίων
1296 2201 1370 2269 θηρ-

194 2272 242 2336 σίν
271 2258 382 2357 ἀγρίοις
407 2255 606 2354 παραδοθεὶς,
634 2280 687 2337 τοῦ
714 2270 860 2353 στεφάνου
887 2279 940 2355 τῆς
969 2271 1123 2354 ἀθλήσεως
1144 2271 1275 2358 έπιτύχη)
1298 2272 1370 2352 πρό-

193 2375 274 2436 σεσχε
294 2363 349 2444 τῆν
373 2352 497 2438 Τρωάδι.
540 2353 616 2420 Είτα
637 2358 751 2421 ἐκεῖθεν
775 2358 930 2439 καταχθείς
963 2358 1011 2420 ἐπὶ
1038 2355 1092 2438 τῆν
1121 2354 1290 2438 Νεάπολιν,
1321 2353 1371 2418 διά

197 2441 352 2503 Φιλίππων
371 2437 541 2523 παρώδευεν
563 2443 778 2517 Μακεδονίαν,ὅ
799 2441 865 2524 περί
885 2441 947 2503 καί6
968 2438 1022 2522 τὴν
1034 2438 1199 2523 Ἤπειρον,ἵ
1222 2437 1275 2519 τῆν
1296 2437 1371 2520 πρὸς

191 2517 401 2604 ’noeoeane‘
422 2523 455 2586 ἐν
474 2531 535 2600 τοῖς
555 2528 804 2608 παραθαλαττίοις
824 2521 896 2605 νηδς
917 2521 1073 2607 ἐπιτυχών,
1097 2525 1176 2588 έπλει
1204 2520 1236 2587 τδ
1254 2520 1370 2602 Ἀδρια-

194 2603 275 2669 τικδυ
296 2608 434 2690 πέλαγος,
453 2606 593 2671 κάκεῖθεν
614 2606 717 2689 έπιβάς
738 2615 791 2673 τοῦ
815 2609 1017 2690 Τυρρηνικοῦ,
1039 2609 1089 2671 καί
1109 2608 1297 2687 παραμείβων
1317 2603 1368 2685 νῆ-

194 2706 267 2762 σους
296 2713 326 2752 τε
354 2690 404 2752 καί
431 2687 545 2774 πόλεις,
576 2689 810 2773 ἀποδειχθέντων
837 2697 877 2753 τῶ
907 2688 980 2775 άγίω
1002 2690 1169 2767 Ποτιόλων,
1199 2686 1289 2763 αὐτὸς
1317 2688 1369 2769 μέν

194 2771 323 2846 ἐξελθεῖν
343 2771 489 2850 ἔσπευδεν,
510 2769 573 2836 κατ’
598 2775 677 2852 ίχνος
695 2776 823 2854 βαδίζειν
843 2754 1026 2837 έθέλωώτοῦ
1042 2771 1217 2837 ἀποστόλου9
1234 2772 1367 2834 Παύλου.

192 2849 245 2927 Ὦς
266 2853 298 2916 δέ
319 2850 455 2918 έπιπεσδν
476 2857 575 2937 βίαιον
594 2863 710 2936 πνεῦμα
730 2853 767 2920 ού
794 2853 966 2938 συνεχώρει,
994 2863 1047 2937 τῆς
1074 2856 1146 2936 νηδς
1173 2858 1205 2919 ἐκ
1235 2854 1370 2937 πρύμνης

193 2935 392 3020 ίπειγομένης,
415 2941 577 3020 μακαρίσας
597 2936 651 3018 τῆν
673 2939 705 3002 έν
725 2939 826 3002 έκείυω
847 2945 887 3000 τῶ
908 2936 987 3002 τύπω
1007 2946 1064 3002 τῶν
1087 2939 1222 3019 ἀδελφῶν
1243 2937 1369 3021 ἀγάπην,

193 3017 269 3083 οὕτω
300 3020 447 3102 παρέπλει.
493 3028 657 3104 Τοιγαροῦν
684 3022 715 3085 έν
765 3001 908 3107 ιμ’ῆμέρμ
928 3002 979 3084 καί
999 3023 1082 3086 νυκτί
1103 3031 1138 3111 τῆ
1161 3020 1234 3109 αὐτῆ
1257 3019 1369 3105 ούρίοις

192 3099 309 3186 ἀνέμοις
327 3101 592 3207 προσχρησάμενα,
613 3101 698 3185 ῆμεῖς
719 3048 771 3183 μέν
792 3101 911 3178 ἀκοντες
932 3102 1126 3189 ἀπηγόμεθα,
1150 3106 1294 3180 στένοντες
1322 3106 1368 3167 ἐπὶ

192 3193 233 3271 τῷ
261 3185 316 3266 ἀφ’
344 3189 428 3267 ημῶν
456 3187 585 3268 μέλλοντι
611 3194 744 3273 χωρισμῷ
770 3194 824 3250 τοῦ
855 3190 970 3252 δικαίου
991 3192 1133 3271 γίνεσθαι.
1179 3196 1227 3274 Τῷ
1249 3188 1280 3251 δὲ
1301 3186 1366 3251 κατ’

196 3267 284 3375 εάχῆν
304 3267 361 3332 ἀπέ
380 3293 461 3333 αινεν
481 3269 635 3334 σπεύδοντι
655 3278 766 3334 θᾶττον
787 3268 972 3353 ἀναχωρῆσαι
993 3279 1044 3335 τοῦ
1066 3272 1188 3353 κόσμου,
1201 3275 1251 3335 ἵνα
1263 3269 1369 3357 φθάση

193 3376 268 3435 προς
289 3350 326 3416 δν
346 3350 496 3437 ηγάπησεν
516 3353 628 3436 κύριον.
671 3352 878 3428 Καταπλεύσας
904 3362 977 3438 γοῦν
1006 3358 1046 3430 είς
1074 3354 1142 3430 τοὺς
1168 3356 1283 3436 λιμένας
1303 3351 1368 3416 Ῥω-

192 3437 303 3516 μαίων,
325 3433 482 3515 μελλούσης
503 3435 601 3520 λῆγειν
621 3445 674 3520 τῆς
695 3435 865 3520 ἀκαθάρτου
887 3443 1066 3520 φιλοτιμίας,
1094 3440 1125 3502 οί
1150 3437 1201 3517 μὲν
1231 3443 1368 3518 στρατιῶ-

192 3542 240 3581 ται
266 3515 339 3624 ύπίρ
365 3525 418 3600 τῆς
448 3523 629 3603 βραδυτῆτος
657 3519 814 3605 ῆσχαλλον,
837 3520 855 3585 δ
875 3522 907 3585 δέ
937 3523 1093 3596 ἐπίσκοπος
1111 3523 1219 3602 χαίρων
1239 3523 1368 3583 κατεπεί-

191 3623 294 3686 γουσιν
314 3603 490 3684 υπῆκουσεν.

245 3768 303 3833 Cop.
321 3771 357 3820 iv.
394 3771 418 3835 1)
434 3771 545 3839 μέλλων
562 3788 585 3835 p.
597 3772 695 3822 Codicis
709 3773 763 3829 ieet.
798 3773 969 3835 inipetrarent3
987 3772 1052 3837 quod
1065 3772 1085 3820 si
1099 3773 1185 3820 iactam
1199 3772 1289 3827 inisset,
1299 3787 1368 3833 egre·

193 3836 762 3908 ptlttcvreponivnitiacohsonnsc.‘i’onpio.
797 3841 858 3901 giam
885 3841 1035 3889 occasionem
1063 3840 1211 3889 constantiae
1241 3854 1297 3887 snae
1317 3838 1366 3886 iteo

214 3903 272 3989 st)
294 3901 498 4022 εὐχαηχστικῶν
532 3907 647 3969 proponit
683 3905 762 3965 Gran,
798 3914 821 3984 et
839 3907 975 3955 hominibus
997 3907 1137 3971 probandae
1159 3908 1284 3955 amitteret.
1314 3904 1366 3952 Cte-

195 3971 352 4102 ωχίίίίδέάί
373 3986 499 4089 ἱδάἀόἰοὶ
514 4036 761 4108 ιυίιδροσισθῆναι
796 3989 906 4103 ΓΙωίίειμ.
925 4041 951 4091 V.
989 4040 1014 4104 1)
1032 4041 1049 4091 1,
1069 4058 1089 4090 e.
1116 4055 1253 4104 componere
1276 4041 1366 4089 catinos

192 4103 218 4154 in
234 4103 283 4168 ign.
301 4105 345 4169 Ep.
363 4107 394 4157 ad
413 4108 488 4169 Magn.
506 4122 527 4155 e.
546 4108 584 4157 14.
801 4108 870 4156 aliter
889 4110 1049 4170 sentientiam,
1068 4123 1153 4172 coepta·
1174 4110 1205 4156 οδ
1222 4109 1248 4156 id
1263 4108 1366 4172 γτοδου-

243 4171 271 4236 4)
290 4173 400 4224 Timebat
417 4189 516 4237 nempe,
538 4190 567 4222 ne
586 4173 695 4223 Ecclesia
714 4174 762 4221 aa·
796 4175 859 4234 δυυι,
878 4177 941 4238 qnod
959 4178 1009 4239 ipse
1029 4177 1146 4238 capiebat,
1168 4176 1287 4225 adducere.
1309 4173 1366 4222 tter.
1404 4229 1407 4236 ¹

192 4250 277 4299 mena,
304 4239 355 4288 eius
374 4256 456 4291 amore
474 4249 591 4304 permota,
609 4241 699 4290 amicos
718 4241 762 4290 οδ·
849 4240 876 4305 2)
895 4241 1023 4292 Chiistiani
1043 4242 1156 4305 Ephesini
1176 4251 1243 4290 erant
1261 4242 1317 4306 (Ep.
1336 4239 1365 4288 ad

194 4301 289 4353 biberet
306 4307 516 4370 apamaenum,
531 4324 578 4358 non
595 4308 761 4357 inclementem
797 4308 857 4372 Eph.
881 4325 901 4357 c.
921 4309 973 4374 9.);
998 4303 1150 4378 ναοφόροι,
1167 4301 1365 4379 χριστοφάροι,

192 4371 332 4436 ‘namqui
360 4375 508 4442 Principem,
538 4385 565 4427 ut
593 4375 685 4427 veniam
715 4375 761 4425 sibi
797 4370 953 4446 άγιοφόροι.
