2886 4882
291 245 417 302 lGllh'lll
436 242 601 301 Epistola
622 244 664 301 su
686 242 857 302 llEllssNEll.
886 243 928 303 vl.
951 243 1006 302 Vll.
1025 241 1091 302 Vlll.
1113 243 1156 304 lll.
1254 240 1316 305 tm

139 412 275 486 ingenitus
298 409 370 467 Deus
399 420 426 468 et
447 411 577 466 Dominus
601 409 676 466 lesus
699 410 829 467 Christus.
871 409 931 466 Noli
961 409 1086 468 omnibus
1108 411 1237 480 credere,
1266 429 1312 470 ss·

139 513 191 569 que
215 498 248 552 de
272 495 398 551 omnibus
421 509 604 567 praesumere,
624 510 658 550 ne
680 495 741 567 quis
764 502 789 550 te
809 494 952 550 subintret.
994 492 1068 550 llulti
1089 496 1161 552 enim
1183 503 1247 554 sunt
1266 496 1314 553 mi·

138 582 216 635 nistri
240 578 388 634 Sathanae:
412 585 439 633 et
462 579 507 650 qui
530 579 583 633 cito
604 578 702 645 credit,
723 577 790 634 levis
810 585 852 633 est
873 569 980 634 cordc.⁰

131 784 136 797 ⁸
223 728 275 784 Vll.
319 728 453 783 llemento
476 727 530 794 Dei,
554 735 580 782 et
600 744 737 801 nunquam
759 727 896 801 peccabis.
939 725 998 782 Noli
1021 743 1083 784 esse
1104 726 1202 802 duplex
1225 731 1313 788 animo

138 815 163 868 in
197 814 320 868 oratione
348 820 400 865 tua.
443 810 539 866 Beatus
570 818 611 866 est
644 813 731 878 enim,
765 810 810 883 qui
834 827 889 866 non
913 802 1093 867 dubitaverit¹
1136 811 1223 869 Credo
1246 829 1312 888 crgo

139 900 163 953 in
191 896 296 951 Patrem
326 895 431 949 Domini
460 884 561 948 nostri²
593 892 654 950 lesu
677 895 792 959 Christi,
821 900 848 949 et
878 894 904 948 in
933 894 1100 966 unigenitum
1129 896 1187 950 eius
1210 895 1313 965 llilium,

138 980 200 1052 quia
222 978 348 1035 ostendet
368 977 434 1032 mihi
457 976 528 1031 [leus
549 968 696 1033 Heronem³
720 979 746 1033 in
768 977 834 1034 sede
855 992 923 1032 mea.
965 976 1036 1050 Ergo
1058 977 1126 1034 adde
1149 978 1182 1034 ad
1203 994 1313 1036 cursam

141 1072 225 1117 tuum.
268 1061 409 1133 Praecipio
434 1060 480 1114 tibi
505 1075 596 1115 coram
619 1060 688 1129 lieo,
721 1061 768 1132 qui
799 1068 841 1116 est
863 1076 946 1132 snper
967 1060 1057 1115 omnia
1077 1068 1104 1116 et
1125 1077 1216 1117 coram
1239 1060 1313 1118 Chri·

139 1155 195 1212 sto,
224 1151 369 1216 praesente
401 1151 428 1198 et
448 1142 548 1196 Sancto
571 1134 701 1216 Spiritu,⁴
729 1152 756 1198 et
785 1159 877 1198 conam
900 1142 1114 1198 ministrantibus
1144 1142 1314 1217 legionibus:

139 1228 246 1282 custodi
279 1227 431 1299 depositum
460 1218 576 1292 menum*⁵
604 1227 678 1299 quod
706 1242 757 1299 ego
785 1233 813 1281 et
833 1225 961 1282 Dominus
984 1218 1073 1282 lesus⁶
1096 1226 1220 1283 Christus
1243 1243 1314 1284 com·

139 1302 333 1366 mendavimus⁷
357 1309 419 1375 tibi,
449 1316 477 1363 et
506 1325 539 1363 nc
562 1309 702 1382 indignum
730 1316 757 1364 te
787 1308 948 1366 indicaveris
971 1324 1081 1378 eorum,
1111 1325 1181 1382 quae
1203 1318 1314 1368 ostensa

139 1401 201 1448 sunt
222 1394 286 1448 mibi
310 1393 390 1448 dete
412 1408 427 1447 a
452 1384 528 1447 lieo.a
572 1391 737 1448 Commendo
758 1407 826 1466 ergo
847 1391 894 1448 tihi
916 1390 1066 1449 Ecclesiam
1081 1392 1313 1455 Antiochensium.

140 1468 340 1533 Conamendavi⁹
361 1492 408 1530 vos
432 1472 584 1548 Polycarpo
606 1475 632 1530 in
654 1474 767 1531 homino
789 1474 852 1532 lesu
873 1475 991 1535 Christo.

221 1625 289 1681 Vlll.
332 1624 454 1681 Salutant
476 1631 501 1680 te
522 1623 650 1698 Episcopi
671 1623 813 1680 Onesimus
822 1615 840 1692 ,¹
864 1623 953 1690 Vltus,
976 1624 1087 1694 barnas,
1110 1617 1264 1701 Polybius,²
1285 1637 1313 1686 et

139 1724 232 1765 omnes
264 1708 430 1782 nPbilippis
460 1709 487 1764 in
514 1696 652 1774 Christo,⁸
681 1706 752 1763 unde
784 1707 885 1781 scripsi
913 1705 970 1764 tibi.
1014 1707 1105 1766 Saluta
1127 1709 1182 1766 beo
1212 1711 1313 1770 decens

138 1791 348 1865 l‘resbyterium.
391 1790 481 1847 Saluta
508 1798 618 1846 sanctos
653 1790 836 1846 condiaconos
867 1797 944 1857 tuos,
975 1807 1045 1864 quos
1073 1807 1124 1866 ego
1158 1793 1256 1849 nutrivi
1283 1793 1312 1851 in

140 1875 267 1943 homino,
294 1875 321 1930 in
343 1891 425 1930 came
446 1883 473 1930 et
494 1865 612 1948 spiritu.⁴
656 1871 746 1929 Saluta
768 1873 899 1947 populum
921 1872 1026 1930 bomini
1054 1893 1069 1931 a
1091 1867 1203 1949 pusillo⁶
1225 1891 1313 1950 usque

139 1957 173 2013 ad
198 1974 323 2030 magnum
354 1957 504 2014 secundum
532 1948 671 2025 nomina,⁶
707 1973 777 2029 quae
805 1956 854 2013 tihi
886 1958 1065 2026 commendo,
1105 1959 1176 2015 sicut
1204 1958 1314 2034 lloysas

139 2040 200 2097 lesu
223 2041 286 2098 duci
308 2035 465 2099 exercitus.⁷
509 2040 541 2097 Et
563 2056 617 2096 non
641 2039 688 2096 tibi
709 2040 832 2099 videatur
853 2056 1015 2109 onerosum,
1045 2042 1120 2114 quod
1148 2042 1250 2098 dictum
1271 2051 1315 2103 est

140 2125 173 2179 de
196 2133 229 2206 te.
270 2124 303 2180 Et
323 2125 347 2180 si
367 2124 433 2181 tales
455 2141 509 2181 non
532 2140 641 2192 siamus,
671 2123 764 2197 quales
795 2122 832 2179 illi
862 2123 985 2192 iuerum3
1015 2125 1065 2181 sed
1094 2132 1182 2181 tamen
1203 2140 1313 2186 oramus

139 2215 168 2262 nt
191 2207 256 2263 tales
278 2206 447 2275 efficiamur,
476 2208 538 2280 quia
559 2215 587 2262 et
607 2206 731 2263 Abrahae
753 2206 800 2264 filii
822 2223 925 2264 sumus.
967 2206 1126 2264 Conlortare
1148 2223 1230 2281 ergo,
1261 2206 1313 2267 lle·

139 2284 200 2357 ro,⁸
232 2299 359 2362 potenter
386 2299 414 2347 et
439 2290 552 2347 viriliter
582 2306 641 2363 age.
684 2289 723 2344 'lu
752 2291 824 2346 enim
854 2290 1011 2347 introduces
1033 2299 1061 2346 et
1081 2290 1183 2348 educes
1205 2307 1239 2347 es
1260 2291 1312 2348 bne

138 2389 210 2429 nunc
240 2365 382 2446 populum⁹
405 2374 523 2442 bomini,
551 2374 598 2446 qui
629 2380 671 2431 est
698 2373 725 2427 in
746 2371 902 2442 Antiochia,
929 2381 956 2429 et
984 2388 1040 2429 noa
1068 2365 1142 2429 erit¹⁰
1171 2370 1314 2447 synagoga

138 2457 244 2513 Domini
267 2456 337 2512 sicut
358 2473 422 2514 ores
444 2474 499 2514 non
521 2456 652 2514 habentes
675 2462 820 2528 pastorem.

223 2630 265 2686 lX.
308 2630 398 2689 Saluta
419 2632 576 2689 Cassianum
600 2629 737 2704 hospitem
759 2645 862 2699 menan,
885 2637 913 2687 et
934 2624 1007 2687 illam
1028 2627 1231 2703 pudicissimam
1252 2630 1311 2687 eins

139 2717 295 2788 coniugem,
326 2723 354 2771 et
375 2715 569 2773 dilectissimos
590 2713 661 2770 filios
684 2729 793 2770 eorum:
823 2704 932 2787 quibus¹
961 2711 1009 2770 det
1028 2712 1099 2770 Deus
1122 2712 1243 2770 invenire
1264 2713 1312 2771 sni·

138 2799 315 2855 sericordiam
336 2800 408 2872 apud
430 2798 570 2855 bominum
594 2799 621 2853 in
643 2797 687 2853 illa
708 2797 751 2853 dic
776 2795 997 2865 ministrationis,
1020 2786 1105 2870 quae¹
1126 2804 1168 2853 est
1189 2797 1222 2854 ad
1245 2812 1312 2854 sos:

139 2898 207 2954 quos
229 2889 256 2937 et
278 2882 438 2938 commendo
468 2881 517 2937 tihi
542 2882 569 2937 in
591 2880 709 2937 Christo.
752 2879 843 2937 Saluta
867 2897 928 2949 eos,
957 2880 1004 2987 spui
1031 2880 1143 2936 suntin
1165 2870 1312 2938 lraodicsa⁸

139 2962 232 3020 fideles
255 2957 362 3021 omnes⁴
383 2964 533 3021 secundnm
553 2965 661 3020 nomina
684 2964 711 3019 in
734 2962 850 3020 Christo.
892 2963 961 3032 Eos,
1003 2964 1049 3036 qui
1072 2963 1182 3019 suntin
1204 2953 1313 3030 'larsa‘

138 3046 193 3101 noli
215 3048 370 3121 negligere3
404 3047 453 3104 sed
475 3039 596 3104 assidue'
626 3048 664 3103 eis
687 3046 810 3115 intende,
840 3045 1004 3103 confirmans
1026 3062 1076 3102 eos
1098 3037 1138 3101 in⁸
1159 3043 1312 3119 Evangelio.

137 3128 247 3186 blasium
269 3131 443 3205 Episcopum,
466 3132 512 3205 qui
532 3139 575 3186 est
596 3131 623 3187 in
645 3129 756 3203 Neapoli
778 3145 859 3187 secus
880 3120 996 3198 Zarbo,⁰
1025 3127 1113 3185 saluto
1140 3127 1168 3183 in
1190 3126 1313 3184 bomine.

139 3210 249 3269 intende
272 3214 350 3270 etiam
373 3214 568 3288 pudicissimae
591 3213 689 3269 llariac
711 3211 782 3269 illine
803 3229 894 3283 meae,
925 3229 993 3286 quae
1015 3220 1056 3268 est
1077 3211 1191 3267 multum
1211 3211 1311 3268 doctis

137 3296 218 3365 sima,
253 3299 324 3353 etei
363 3314 431 3370 quae
454 3298 480 3352 in
512 3297 593 3353 domo
616 3288 698 3352 eius¹⁰
720 3294 878 3367 Ecclesiae,·
904 3313 973 3369 quae
1003 3295 1073 3352 lacta
1099 3302 1142 3351 est
1169 3294 1236 3350 mihi
1260 3310 1312 3369 pro

136 3379 222 3434 anima
243 3372 324 3436 mea¹¹
345 3380 495 3454 exemplum
517 3379 700 3453 piissimarum
722 3378 875 3439 mubemm.
919 3378 1019 3437 &num
1040 3385 1066 3436 te
1089 3386 1116 3435 et
1138 3379 1165 3435 in
1184 3376 1310 3436 omnibns

193 3538 219 3600 8)
237 3539 285 3587 lieo
304 3540 391 3604 scripsi
404 3558 423 3590 c.
435 3541 484 3591 Pal,
498 3556 521 3603 p.
531 3540 629 3589 llontino
644 3540 705 3602 vulg.
792 3540 849 3604 Cap.
867 3540 904 3588 lll.
942 3538 968 3603 l)
986 3539 1072 3590 trin.
1093 3540 1114 3599 l,
1136 3538 1174 3590 18.

135 3604 249 3654 Neutrum
267 3607 291 3654 in
310 3607 366 3668 lleg.
792 3606 819 3671 2)
837 3610 877 3671 qui
895 3607 951 3669 lleg.

184 3671 213 3734 9)
234 3677 390 3724 ΰθΜθΜαῡῑ
409 3681 485 3724 “ulem
505 3674 555 3724 ΡΒ)
574 3675 630 3736 ΗΘΚ·
791 3690 818 3751 3)
836 3692 937 3740 loods'tio
956 3689 1015 3750 l’nl,
1034 3690 1137 3740 laodicio
1159 3691 1216 3753 llcg.

185 3739 243 3803 Cap.
262 3742 318 3819 Vill-
357 3741 382 3801 l)
401 3744 532 3820 bonosianos
553 3742 602 3791 Pfll·
623 3743 678 3803 ΗΘΒ·
790 3755 818 3819 4)
838 3758 977 3820 Sequuntur
1003 3772 1070 3807 rocc.
1089 3760 1128 3822 qni
1149 3763 1203 3808 sont
1220 3755 1311 3808 subno-

184 3806 211 3870 2)
229 3810 332 3869 polrbsos
353 3808 411 3868 Pal,
429 3811 544 3873 polasbsos
563 3809 619 3871 llcg.
743 3834 789 3874 [ara
808 3824 832 3873 in
851 3824 907 3886 Reg,

183 3873 212 3938 3)
230 3874 301 3924 Voce.
311 3878 336 3923 in
346 3876 438 3926 Christo
458 3892 506 3926 non
524 3879 636 3937 agnoscit
648 3876 704 3938 neg.
795 3907 822 3972 5)
841 3913 863 3956 ,p
881 3923 922 3959 ως
941 3908 991 3958 pap,

183 3942 198 3989 4
232 3945 330 4004 ‘l’ll'ffl‘³
350 3943 399 3992 Μ·
791 3975 819 4036 6)
837 3975 871 4024 tn
890 3991 937 4025 scr.
955 3975 1015 4038 Pal,
1036 3976 1124 4030 Eborac
1143 3974 1199 4038 lieg-
1218 3971 1281 4034 tuld-

130 4009 324 4141 „songnomsm
340 4011 561 4127 :iffffllaffg‘
583 4009 652 4060 cur*
672 4010 703 4059 Ἰ·
738 4042 943 4160 subnectamus
962 4051 1014 4097 erat
1030 4044 1054 4093 in
1072 4043 1130 4103 Pal,
1148 4042 1188 4107 qui
1206 4038 1308 4091 subinde

183 4141 212 4205 6)
231 4146 310 4193 omnio
331 4145 387 4205 neg.
411 4146 468 4195 item
488 4145 542 4195 Cur.
560 4146 584 4194 in
603 4159 679 4207 marg.

182 4208 210 4272 7)
229 4214 351 4275 episeopus
369 4212 418 4262 Pal.
446 4212 482 4262 El.
499 4213 568 4262 bont.
587 4212 627 4263 31.
787 4192 814 4256 8)
832 4196 856 4242 io
875 4209 923 4244 om.
944 4193 994 4243 Pal.

180 4275 206 4340 ⁸)
227 4279 301 4338 beton
320 4278 378 4342 est,
397 4282 447 4330 hiro
464 4280 521 4342 Eeg.
786 4261 815 4324 9)
832 4264 900 4313 corbo
921 4261 981 4322 eu..
999 4262 1065 4312 torbo
1084 4259 1140 4321 lien.

180 4343 209 4406 9)
224 4361 284 4396 none
303 4362 364 4397 none
381 4349 496 4412 popano
513 4345 564 4395 en.
787 4344 818 4393 lb
849 4348 900 4394 eins
919 4346 972 4394 eins
989 4351 1025 4393 ost
1044 4341 1096 4392 Pal.
1113 4339 1149 4391 ct.
1168 4338 1221 4391 eet.
1234 4339 1305 4404 bib.

183 4410 226 4477 10)
244 4421 279 4463 est
296 4414 347 4465 Pal.
788 4411 817 4460 ll
850 4425 904 4462 ntea
921 4423 968 4462 om.
986 4409 1037 4462 est
1055 4409 1114 4473 llos.

1306 4596 1357 4603 .-.ι-.
