2886 4882
180 205 241 266 424
394 200 533 262 nnuma:
556 201 695 262 PASTOR.
738 202 836 260 blllllll
859 202 877 260 Ι.
918 200 1006 259 usto
1028 199 1071 256 lll.
1093 194 1136 270 (d)

184 375 259 433 circa
279 372 377 429 turrim
399 365 479 427 sunt‘
521 365 593 438 ,lta,‘
623 369 748 442 inquam,
779 367 912 436 domina,
935 376 966 423 ut
987 364 1115 423 iratribus
1137 363 1304 432 annuntiem,
1327 372 1355 420 et

184 455 329 514 hilariores
352 452 424 519 fiant,
446 451 553 507 ethaeo
568 450 711 507 audientes
725 449 908 508 honorificent
921 450 1061 505 bominum
1076 464 1137 503 cum
1151 447 1234 504 multa
1249 444 1354 518 gloria.‘

185 536 220 594 Et
239 537 284 592 illa
305 535 355 590 ait:
376 533 494 602 ,audient
515 534 623 606 quidem
645 533 736 601 multi,
759 542 787 589 et
808 549 868 588 cum
881 533 1024 598 audierint,
1046 531 1155 604 quidam
1170 546 1201 585 ea
1219 521 1271 585 eis⁸
1289 546 1354 603 gau·

186 618 303 685 debunt,
331 615 439 689 quidam
461 623 550 671 autern
573 615 684 671 llebunt.
727 615 781 672 Sed
803 607 842 670 et⁴
864 616 908 671 isti
930 614 1086 681 audientes,
1114 614 1138 668 si
1160 612 1354 685 poenitentiam

186 700 298 774 egerint,
320 705 347 753 et
367 698 419 772 ipsi
441 697 605 770 gaudebunt.
648 699 716 755 Audi
738 713 811 754 nuno
833 688 1048 753 similitudinem⁶
1069 694 1153 750 turris
1175 695 1264 750 omnia
1277 695 1354 762 baec,

185 790 213 840 et
232 781 362 837 hactenus
385 772 463 836 mihi⁶
486 780 519 837 de
543 779 707 837 revelatione
729 780 868 837 molestior
886 796 947 836 esse
970 779 1034 835 noli.
1078 777 1266 834 Revelationes
1281 779 1353 834 enim

185 864 253 921 iatae
284 861 366 918 finem
389 860 505 930 babent3
527 863 653 935 impletae
675 871 738 919 sunt
760 863 841 918 enim.
884 861 939 918 Sed
960 870 989 917 tu
1013 878 1068 916 non
1091 861 1196 916 desinis
1222 854 1354 933 petendo⁷

189 944 385 1013 revelationes3
409 943 549 1017 improbus
572 944 643 1001 cuim
665 962 704 1001 cs.
748 945 842 1002 Turris
864 944 990 1016 quidem,
1013 961 1092 1019 quam
1114 943 1188 999 vides
1207 942 1355 1011 aedificari,

187 1043 239 1101 ago
270 1043 329 1083 sum
358 1019 502 1094 ecclesia,⁸
531 1043 599 1100 quae
621 1025 669 1083 tibi
690 1027 816 1100 apparui,
838 1034 866 1082 ct
888 1027 968 1082 modo
991 1033 1019 1081 et
1039 1027 1125 1099 prins.
1167 1025 1355 1099 Quodcunque

185 1100 281 1183 igitur⁹
308 1108 444 1176 volueris,
474 1109 612 1182 interroga
643 1107 779 1177 deterri,
802 1117 830 1165 et
858 1108 983 1165 revelabo
1012 1109 1076 1175 tibi,
1099 1116 1129 1162 nt
1150 1106 1269 1180 gaudeas
1292 1125 1354 1164 cnm

186 1187 306 1248 annom?
349 1190 413 1246 [lico
433 1191 474 1246 ei:
503 1191 634 1257 domina,
657 1192 786 1264 quoniam
807 1208 849 1246 me
872 1191 956 1247 semel
979 1190 1090 1263 dignum
1111 1189 1242 1246 arbitrata
1263 1208 1303 1258 cs,
1325 1198 1357 1246 ut

187 1273 278 1329 omnia
295 1272 359 1328 mibi
381 1271 500 1339 reveles,
524 1269 629 1329 revela‘
671 1273 714 1329 Ait
733 1273 811 1332 milri:
834 1269 1049 1346 *,quodonnque
1070 1274 1222 1345 oportuerit
1244 1273 1293 1329 tibi
1315 1290 1355 1330 re·

185 1346 308 1421 ιοΙιιιί,ιο
329 1353 508 1421 revelabitur,
530 1362 632 1410 tantum
655 1363 685 1410 ut
707 1372 756 1411 eor
777 1363 854 1412 tuum
875 1355 947 1428 apud
969 1355 1110 1412 llominuur
1132 1356 1180 1421 sit,
1203 1364 1230 1410 et
1251 1371 1285 1411 ue
1306 1356 1355 1412 du·

186 1434 266 1504 bites,
289 1436 474 1509 quodcunque
497 1434 615 1493 videris!
657 1438 822 1511 Interrogavi
846 1438 932 1493 illam:
964 1454 1059 1511 ,qnare
1082 1429 1187 1494 turris¹¹
1209 1437 1354 1494 aedificata

187 1525 335 1591 estsuper
356 1534 457 1590 aquas,
481 1515 617 1575 dominal‘
649 1511 839 1593 Respondit:¹²
868 1520 995 1588 ,dixeram
1017 1520 1065 1576 tibi
1084 1530 1112 1576 et
1139 1519 1234 1593 prius,
1262 1537 1355 1577 versu·

187 1608 243 1657 tum
265 1608 291 1656 te
313 1616 390 1668 esse,
414 1601 486 1657 circa
507 1610 658 1658 structurae
681 1593 848 1676 diligenter¹³
870 1601 1069 1675 inquirentem
1101 1603 1182 1675 igitur
1211 1596 1356 1660 invenies¹⁴

135 1744 140 1753 ,
185 1683 334 1738 veritatem.
376 1683 464 1752 Quare
486 1676 576 1757 ergo¹⁵
597 1702 683 1757 super
704 1702 788 1758 aquas
810 1683 969 1741 aedificatur
997 1685 1093 1753 turris,
1121 1684 1199 1742 audi:
1227 1687 1355 1758 qnoniam

188 1763 239 1819 vita
271 1772 360 1820 vestra
386 1782 437 1837 per
464 1782 562 1838 aquam
595 1766 668 1822 salva
696 1767 766 1822 lacta
794 1759 872 1835 est‚¹⁶
901 1775 928 1822 et
951 1766 1005 1823 liet.
1049 1767 1169 1823 Fundata
1198 1760 1259 1823 est¹'
1283 1768 1354 1824 enirn

186 1844 272 1981 zerbo
292 1847 485 1981 omnippteptis
508 1853 536 1903 et
556 1847 701 1904 honorifici
723 1848 856 1916 nominia3
887 1850 1041 1906 continetur
1062 1842 1174 1906 autem¹⁸
1205 1849 1237 1907 ab
1267 1851 1355 1907 invisi-

207 1924 236 1981 ili
257 1927 353 1982 virtute
396 1928 429 1983 ei.

271 2083 361 2157 (adili.
387 2090 565 2165 despondens
577 2093 639 2149 dien
662 2093 701 2149 ei:
722 2093 875 2168 ,magnifice
897 2095 998 2152 liabent
1015 2089 1056 2153 sn¹
1070 2113 1115 2155 res
1128 2098 1186 2154 bae.
1208 2096 1248 2153 llli
1264 2106 1355 2156 autem

188 2171 297 2227 invenes
319 2186 381 2239 sea,
405 2173 452 2244 qui
473 2173 636 2244 aedificant,
657 2177 703 2249 qni
724 2185 805 2245 sunt,
828 2175 965 2235 dominal‘
997 2178 1038 2247 ,lli
1060 2188 1124 2236 sunt
1145 2172 1244 2236 sancti¹
1265 2182 1354 2256 angeli

190 2253 246 2321 liei,
269 2253 315 2326 qui
338 2254 426 2326 primo
449 2256 589 2313 constituti
610 2267 681 2327 sunt,
706 2257 804 2332 quibus
826 2261 938 2317 tradidit
958 2260 1086 2318 llnminns
1109 2262 1261 2320 nniversam
1283 2281 1356 2321 crea·

187 2342 276 2391 turam
297 2352 390 2405 suam,
413 2338 521 2394 creandi
544 2330 582 2395 et⁸
603 2341 764 2398 aedificandi
785 2351 812 2399 et
833 2343 987 2400 dominandi
1009 2352 1149 2401 creaturae
1177 2345 1259 2404 illius.
1303 2347 1356 2403 Per

187 2416 240 2474 boa
262 2417 333 2474 enim
356 2420 588 2479 consummabitur
607 2416 756 2481 structura⁴
776 2422 876 2482 turris‘
920 2426 1034 2493 ,Caeteri
1055 2434 1160 2497 autern,
1189 2429 1236 2502 qui
1258 2445 1375 2503 appor-

187 2506 246 2556 tant
266 2500 382 2574 lapides‚
405 2503 452 2575 qui
472 2501 566 2559 auntl‘
597 2505 639 2573 ,Et
659 2507 712 2580 ipsi
733 2507 819 2563 sancti
841 2507 930 2581 angeli
951 2508 1069 2565 bomini:
1099 2511 1148 2566 sed
1170 2510 1207 2567 illi
1229 2519 1292 2567 aunt
1312 2511 1356 2568 his

188 2576 416 2640 excellentiores-⁶
458 2585 523 2641 Cum
546 2604 612 2660 crgo
643 2597 827 2646 consummata
847 2590 930 2647 luerit
958 2583 1107 2647 structura⁸
1135 2593 1234 2661 turris,
1261 2610 1355 2651 omnes

189 2664 268 2720 simul
296 2665 477 2738 epulabuntur
504 2669 574 2725 iuxta
602 2672 716 2743 turrim,
745 2679 773 2727 et
800 2671 1022 2729 honorificabunt
1043 2672 1197 2743 bominum,
1229 2677 1356 2747 quoniam

168 2750 375 2803 *consummata
403 2741 465 2803 erit'
494 2758 631 2807 structura
657 2749 757 2808 turris.‘
800 2752 966 2828 interrogavi
998 2771 1071 2822 eam,
1102 2756 1210 2812 dicens:
1239 2751 1357 2821 ,νιιΙΙειιι8

188 2827 260 2884 scire
291 2829 389 2884 exitum
419 2829 552 2902 lapidum,
580 2838 608 2888 et
634 2833 686 2889 vim
713 2851 825 2905 eorum,
847 2837 933 2909 qualia
955 2831 1010 2892 sie‘
1050 2836 1229 2913 despondens
1251 2833 1357 2895 autc1n⁹

189 2907 256 2965 dixit
275 2909 353 2966 mihi:
384 2912 509 2984 nunquid
530 2919 558 2970 tu
580 2931 646 2987 prae
669 2916 796 2973 omnibns
819 2918 980 2986 meliores,
1002 2911 1143 2976 ¹⁰uttibi
1175 2911 1223 2975 id¹¹
1254 2922 1355 2978 revelc·

270 3033 314 3113 *ii
334 3047 386 3114 ἐὰν
407 3049 547 3133 &dignor
568 3075 615 3118 σοι
635 3052 895 3139 ἀποκαλυφθῆναι,
916 3053 1202 3140 ἀποκαλυφθήσεται.

243 3314 270 3376 3)
289 3317 382 3378 quidem
400 3331 430 3364 en
450 3317 487 3365 lia
505 3317 554 3366 Vat
790 3323 986 3386 grtbnisasttrtten
1004 3327 1053 3375 und
1072 3327 1205 3378 besonders
1226 3329 1264 3380 die
1283 3332 1354 3382 llata-

239 3381 266 3442 4)
284 3389 306 3431 et
325 3382 393 3431 deest
410 3383 433 3432 in
453 3384 502 3431 llat.
790 3391 891 3441 kombon
914 3408 942 3440 zu
961 3392 1050 3456 Neapel
1075 3395 1118 3444 mit
1142 3396 1210 3446 ibren
1235 3397 1354 3459 Wandge-

237 3447 263 3507 5)
281 3449 316 3498 lta
336 3448 395 3509 Vat,
413 3457 434 3498 et
450 3452 577 3513 pornlolna
593 3452 652 3514 Pal,
672 3456 699 3504 de
718 3458 753 3504 ai·
789 3458 892 3507 melden.
913 3458 1033 3520 llamburg
1045 3460 1117 3511 1839.
1135 3477 1160 3525 p.
1173 3463 1213 3511 Π.
1241 3463 1354 3513 Eiusdem

189 3515 321 3565 militudine
338 3516 400 3578 vulg.
787 3525 895 3587 picturae
920 3525 1011 3586 insigne
1037 3527 1193 3589 fragmentum
1210 3529 1310 3578 vidimus
1330 3532 1353 3580 in

240 3581 268 3638 6)
285 3584 342 3632 milri
361 3598 407 3633 om.
427 3584 490 3646 lat,
517 3586 558 3635 nbi
582 3602 635 3636 esse
660 3586 753 3637 ridetur
788 3600 870 3655 crypta
890 3591 1131 3654 quadam'cymeterii
1150 3596 1174 3645 S.
1192 3594 1289 3657 Calidi,
1314 3598 1353 3646 lo·

189 3648 252 3701 anlua'
269 3662 293 3711 p.
310 3651 367 3698 anti.
788 3658 842 3707 culo
863 3658 921 3707 Siati
945 3657 1054 3721 episcopi
1079 3661 1172 3722 vicina,
1199 3663 1262 3712 inter
1289 3664 1351 3714 riam

242 3714 269 3772 7)
287 3714 354 3777 vulg.
372 3719 397 3764 in
415 3722 579 3782 antepetendo
592 3721 751 3775 ominatae
785 3724 885 3788 Appiam
910 3723 1101 3777 etardeatinarn
1118 3742 1132 3776 a
1150 3729 1180 3778 cl.
1207 3730 1232 3778 P.
1250 3731 1354 3794 losepbo

188 3780 253 3831 Editi
263 3783 408 3844 importunus
418 3797 442 3844 p.
455 3786 581 3848 improbas.
602 3789 677 3838 Oeno.
696 3788 753 3838 Gal·
788 3789 892 3840 ldarcbio
917 3804 995 3853 prope
1014 3791 1101 3842 Urbem
1126 3808 1203 3858 nuper
1227 3796 1353 3847 detectum.

190 3847 288 3898 lleciolli
307 3849 391 3897 vertit:
410 3849 444 3897 lla
463 3858 488 3899 tu
506 3868 554 3905 non
572 3856 649 3905 ilnisci
667 3856 712 3905 mai
728 3855 752 3906 di
787 3856 892 3906 Secundi
912 3865 989 3906 autem
1025 3859 1117 3910 saeculi
1140 3877 1184 3923 ego
1212 3878 1266 3912 cum
1291 3863 1352 3925 aliis,

190 3914 301 3965 ebicdere
318 3914 464 3976 rivelazionl,
482 3933 495 3966 e
513 3921 548 3968 sei
565 3922 710 3972 inaaziabile.
787 3922 873 3986 quibus
899 3923 968 3973 buius
986 3925 1021 3974 rei
1039 3925 1153 3977 indicium
1172 3936 1224 3990 est,
1251 3930 1276 3979 id
1300 3945 1353 3980 esse

239 3981 266 4038 8)
284 3996 324 4045 ego
347 3983 444 4031 ecclesio
469 3999 521 4033 som
540 3986 590 4035 Vat
628 3990 752 4039 structura
788 4005 849 4053 opus
874 3990 1024 4041 crediderim.
1060 3994 1086 4042 ln
1111 4002 1209 4057 cryptae
1233 3996 1353 4046 Romanae

189 4047 320 4108 Ecclesiae,
338 4048 416 4111 qualia
434 4048 487 4098 beic
506 4053 619 4112 graphice
635 4055 753 4104 describi·
786 4056 879 4119 pictura
892 4057 963 4108 etiam
977 4056 1077 4107 eandida
1087 4068 1110 4109 et
1119 4060 1202 4122 ingens
1214 4071 1282 4126 petra
1293 4078 1353 4127 que·

190 4120 228 4162 tur
247 4114 270 4162 in
289 4113 416 4177 primaevis
440 4123 545 4165 veterum
564 4117 753 4170 Christianorum
789 4122 856 4172 drata
874 4132 981 4187 apparet,
1000 4139 1027 4173 ca
1040 4126 1137 4188 quidem
1155 4135 1230 4188 vetus,
1243 4130 1286 4178 sed
1299 4145 1353 4178 cnm

190 4180 288 4242 cespes,
307 4194 367 4244 quae
377 4181 478 4244 Neapoli
493 4190 556 4243 sunt,
574 4185 634 4235 lucia
645 4187 753 4237 colorum
787 4204 848 4239 nova
866 4198 949 4254 porta,
973 4205 1047 4254 super
1071 4208 1117 4256 qua
1140 4194 1212 4243 turris
1230 4196 1353 4245 aedificari

193 4244 296 4306 aldgiata
315 4247 427 4297 cernitur.
445 4247 495 4297 tid.
509 4248 596 4299 Christ
611 4252 648 4301 Fr.
662 4251 754 4301 Bellcr·
787 4255 877 4306 iussum
896 4264 954 4307 erat
978 4254 1025 4306 Cir.
1044 4259 1101 4310 Sim.
1120 4260 1144 4319 9,
1163 4261 1187 4310 2.
1204 4260 1229 4311 3.

190 4322 273 4360 mann:
293 4300 357 4364 iiber
375 4314 414 4367 dia
431 4316 533 4368 alteeten
545 4316 754 4370 christlichenlle·
838 4322 865 4386 9)
882 4338 938 4390 arpa
956 4323 1006 4375 Vet
