2886 4882
266 240 393 304 ifflffl
414 244 577 307 msrutt
596 249 640 306 hii
661 245 987 310 eutmuuttttttttscs.
1018 246 1051 306 il.
1071 245 1118 308 iii.
1141 248 1183 307 iv.
1251 245 1311 308 177

218 443 249 500 ll.
285 446 381 503 Υσωια
401 450 533 506 unionem
555 468 618 508 αααι
638 451 771 524 episcopo,
795 459 821 506 et
841 451 929 524 {opita
946 468 1054 524 procos
1076 453 1226 510 doctrinas.

217 560 278 619 titii
300 564 389 638 itaque
411 564 480 622 lucis
502 574 530 622 ct
550 566 681 636 veritatis,
702 567 786 640 sugite
809 565 968 623 divisionem
990 576 1018 624 et
1037 583 1133 642 pravas
1154 567 1309 638 doctrinan

130 644 178 702 uhi
201 646 314 719 quidem
334 656 429 722 pastor
450 657 501 718 est,
523 650 621 708 eodem
643 658 673 705 ut
694 666 759 708 oves
780 651 941 725 sequamini.
983 649 1058 707 diuiti
1080 652 1151 707 enim
1166 650 1231 726 tupi,
1254 649 1308 708 dde

132 730 209 803 digni
230 728 326 798 hahiti,
347 732 510 806 perniciosis
532 731 715 808 uoluptatibus
737 750 786 790 eos
807 735 926 808 capiunt,
948 735 995 807 qui
1016 734 1050 791 ad
1072 734 1155 791 Eoum
1178 742 1308 806 curruntp

131 813 181 869 sed
204 813 232 869 in
254 821 346 871 restra
366 816 515 873 concordia
536 833 593 873 uon
614 815 753 874 habebunt
774 816 873 874 iocum.

215 954 275 1018 ‘ih
321 961 456 1032 Quocirca
488 966 536 1024 iiiii
565 966 635 1023 lucis
666 968 788 1024 veritatis
818 967 902 1042 fugito
935 965 1077 1023 dissidium
1104 973 1132 1022 et
1162 983 1306 1042 perversas

130 1045 281 1105 doctrinas.
325 1044 375 1104 Ubi
402 1065 466 1106 vero
488 1057 583 1124 pastor
604 1058 661 1118 est,
691 1049 754 1107 illuc
782 1059 809 1107 et
838 1068 901 1107 oves
932 1050 1086 1123 sequimini.
1129 1050 1204 1106 ttottt
1234 1051 1306 1107 enim

129 1128 186 1203 iupi
208 1129 330 1204 speciosi
351 1147 408 1200 eos,
431 1133 477 1206 qui
500 1134 526 1189 in
549 1134 596 1189 [tei
617 1132 706 1190 stadio
728 1143 843 1191 currunt
863 1134 1035 1208 perniciosae
1058 1131 1201 1209 voluptatis
1223 1132 1305 1189 illicio

129 1213 253 1286 sapdvos
281 1215 532 1288 comprehendun13
562 1216 661 1275 sedin
693 1226 782 1275 vestra
809 1217 957 1275 concordia
986 1216 1076 1274 nuilus
1108 1216 1174 1292 ipsis
1198 1215 1308 1273 dabitur

129 1295 219 1353 totus.

523 1450 567 1506 ttl.
610 1452 709 1526 dispite
728 1452 924 1510 schinnuticos.

214 1562 355 1621 Abstinete
377 1564 411 1620 ab
434 1566 526 1623 herbis
548 1567 644 1632 noxiis,
666 1584 734 1642 quas
757 1566 833 1623 lesus
849 1567 971 1624 Christus
993 1582 1047 1623 non
1072 1566 1145 1635 coiit,
1166 1567 1306 1640 quianon

131 1657 196 1703 sunt
216 1647 348 1721 plantatio
364 1647 461 1705 Patris.
491 1649 549 1706 Non
572 1650 646 1723 quod
668 1651 741 1724 apud
761 1668 808 1707 vos
831 1651 987 1706 divisionem
1010 1650 1167 1719 invenerim,
1190 1650 1239 1706 sed
1260 1649 1305 1707 de·

132 1730 321 1788 [occationem.
356 1729 495 1805 Quotquot
516 1734 588 1789 enim
607 1734 653 1790 tici
676 1743 704 1791 et
725 1735 786 1790 iesu
807 1733 907 1789 Christi
930 1741 1008 1801 sunt,
1032 1732 1059 1788 hi
1081 1742 1145 1789 sunt
1167 1749 1229 1789 cum
1250 1733 1305 1807 epi·

132 1830 238 1888 scopo;
259 1821 287 1870 et
307 1821 443 1888 quotquot
462 1817 630 1889 poenitentia
646 1817 719 1874 ducti
750 1817 882 1873 redierint
903 1816 935 1873 ad
958 1816 1090 1873 unitatem
1112 1815 1255 1884 ccclesiae,
1278 1823 1307 1873 et

134 1898 162 1953 hi
184 1897 232 1954 ttet
256 1904 350 1965 erunt,
379 1906 408 1954 ut
430 1899 580 1956 secundum
602 1901 691 1957 iesum
713 1901 849 1957 Christum
871 1901 965 1958 vivant
1005 1900 1044 1956 Ne
1067 1901 1182 1970 erretis,
1206 1899 1304 1957 iratres

132 1981 194 2040 mei.
240 1979 268 2036 Si
291 1979 351 2053 quis
372 1981 490 2039 schisma
511 1982 653 2040 facientem
676 1991 813 2052 sectatur,
837 1986 915 2058 regni
937 1984 1019 2040 divini
1041 1984 1235 2042 haereditatem
1250 1999 1305 2040 uon

132 2063 327 2138 consequitur3
350 2064 373 2121 si
394 2066 455 2138 quis
476 2065 594 2123 ambulat
615 2068 642 2123 in
654 2067 740 2124 aliena
754 2066 886 2136 doctrina,
910 2068 933 2124 is
947 2083 1003 2123 oon
1016 2068 1163 2133 assentitur
1175 2066 1305 2142 passioni.

214 2208 287 2268 ‘tlh
330 2213 468 2272 hhstioete
491 2216 524 2272 ab
546 2216 633 2273 noxiis
655 2216 761 2286 herbis,
785 2234 852 2290 quas
874 2232 928 2273 non
951 2216 1049 2274 excolit
1071 2217 1147 2273 lesus
1169 2215 1304 2285 Christus,

132 2298 195 2371 quia
216 2312 271 2353 non
293 2304 358 2353 suut
376 2298 504 2372 plantatio
520 2299 615 2356 Patris.
657 2299 716 2356 Non
738 2300 813 2373 quod
834 2299 977 2354 dissidium
1000 2298 1131 2373 apudros
1146 2299 1304 2365 invenerim,

132 2381 182 2437 sed
209 2380 328 2436 animum
356 2398 454 2455 purum
484 2390 510 2438 et
540 2383 717 2440 defaecatum.
766 2381 906 2453 Quotquot
934 2382 1005 2436 enim
1027 2381 1074 2437 uei
1103 2386 1167 2436 sunt
1193 2389 1222 2437 et
1243 2380 1305 2435 iesu

133 2463 246 2531 Christi,
275 2462 303 2519 hi
326 2481 387 2520 cum
408 2464 545 2539 Episcopo
568 2474 645 2534 sunt,
667 2475 695 2521 et
717 2471 851 2537 quotquot
872 2464 1037 2534 poenitentia
1070 2463 1142 2519 ducti
1172 2462 1305 2518 redierint

133 2547 166 2603 ad
186 2547 317 2604 unitatem
338 2546 494 2616 Ecclesiae,
516 2550 544 2606 hi
566 2550 612 2606 Dei
640 2555 735 2615 crunt,
764 2555 793 2602 ut
820 2546 907 2601 vivant
935 2544 1086 2602 secundum
1117 2544 1205 2600 lesum
1228 2543 1304 2599 Chri·

133 2637 212 2688 stum.
253 2629 293 2687 Ne
315 2632 422 2700 erretis,
445 2631 544 2688 iratres
566 2633 630 2690 mei.
672 2631 700 2688 st
722 2630 784 2703 quis
807 2627 912 2685 dissidii
935 2634 1074 2685 auctorem
1096 2632 1233 2697 sectatur,
1259 2641 1301 2682 re·

132 2729 213 2787 gnum
227 2713 277 2771 liei
296 2729 353 2771 non
372 2713 514 2772 hereditat
542 2715 570 2772 Si
592 2715 653 2789 quis
671 2715 698 2771 in
720 2713 786 2770 ialsa
808 2712 936 2788 opinione
958 2710 1085 2783 ambulat,
1111 2712 1156 2769 hic
1180 2709 1304 2786 passioni

135 2797 293 2873 refragatur.

476 2948 516 3005 tt.
561 2949 684 3007 cuntot
701 2965 761 3005 unc
783 2947 971 3006 Eucharistic.

215 3065 351 3123 Studeatis
379 3065 462 3139 igitur
490 3082 543 3122 una
572 3064 745 3122 Eucharistia
775 3063 829 3130 uti3
858 3080 911 3119 una
942 3064 1014 3121 enirn
1042 3070 1085 3119 est
1111 3078 1175 3118 caro
1197 3060 1302 3117 Domini

133 3150 220 3206 nostri
239 3148 301 3206 iesu
324 3148 432 3218 Christi,
453 3158 481 3205 et
501 3165 571 3204 unus
594 3147 663 3204 calix
683 3147 711 3202 in
732 3146 860 3203 unitatem
884 3147 1022 3219 sanguinis
1045 3145 1140 3220 ipsius,
1161 3160 1247 3200 unum
1266 3141 1301 3199 al·

135 3240 201 3302 tare,
224 3233 296 3289 sicut
318 3247 388 3288 unus
410 3232 567 3306 episcopus,
592 3247 653 3287 cum
665 3228 837 3305 presbyterio
859 3238 886 3285 et
908 3228 1040 3297 diaconis,
1063 3227 1303 3296 consentaneis,

135 3321 172 3385 ut,
193 3315 268 3391 quod
290 3314 405 3385 faciatis,
428 3315 578 3373 secundum
601 3315 684 3370 iteum
706 3311 819 3368 faciatis.

215 3457 289 3524 *tt
334 3463 468 3534 Quocirca
503 3480 615 3538 operam
652 3460 728 3531 date,
763 3470 793 3518 ut
821 3478 874 3518 una
895 3460 1062 3518 Eucharistia
1089 3461 1217 3518 utamini:
1251 3478 1305 3518 una

135 3549 206 3605 enim
232 3556 275 3605 est
306 3564 371 3605 caro
393 3547 499 3605 homini
527 3546 615 3603 nostri
635 3545 697 3602 iesu
721 3542 837 3613 Christi,
864 3552 891 3601 et
918 3561 989 3601 uuus
1018 3542 1085 3603 caiis
1117 3544 1144 3599 in
1174 3544 1303 3602 unionem

135 3631 273 3706 sanguinis
295 3631 371 3701 eius,
392 3648 476 3689 unum
496 3631 593 3698 uitaret
616 3629 688 3686 siout
718 3645 789 3683 unus
809 3627 962 3702 Episcopus
992 3642 1052 3683 cunr
1073 3626 1249 3703 Presbyterio
1277 3634 1306 3686 et

130 3713 259 3771 diaconis
280 3715 420 3772 conservis
440 3715 523 3772 meis:
552 3721 590 3782 ut,
613 3709 742 3786 quicquid
764 3710 861 3781 tacitis,
884 3709 1034 3768 secundum
1056 3709 1139 3768 tenni
1162 3710 1275 3769 faciatis.

188 3875 217 3937 t)
235 3875 254 3924 Ι.
272 3890 292 3924 e.
315 3890 364 3925 non
389 3873 510 3925 consentit
526 3873 582 3923 huic
601 3871 703 3932 ueritati,
787 3870 813 3935 2)
831 3871 848 3921 i.
868 3886 888 3920 e.
907 3870 1091 3933 coennssonn'ni,
1110 3877 1136 3919 ut
1152 3885 1165 3919 e
1182 3867 1304 3934 sequenti-

135 3940 255 3992 Christnm
263 3941 379 4005 magnino
388 3956 433 3991 suo
444 3942 557 3992 fundasse
568 3939 703 4000 ecclesiam,
737 3939 781 3990 hus
801 3938 880 3989 vertis
894 3936 964 4007 σὰρξ
972 3939 1022 3990 τοῦ
1031 3938 1128 4007 κυρίου
1137 3944 1161 3987 et
1170 3930 1305 4004 ποτήριον

136 4023 206 4074 quam
223 4009 352 4060 schismate
373 4016 479 4059 evertere
492 4016 598 4061 conatur.
621 4009 702 4058 Smith.
737 4008 822 4058 cincet.
857 4005 933 4056 Etiam
951 4021 964 4055 s
984 4007 1009 4055 S.
1026 4005 1117 4055 tustino
1135 4002 1239 4068 (Apoti,
1251 3999 1305 4065 oo.)

738 4090 813 4125 coena
825 4073 920 4124 Domini
933 4071 963 4126 εὖ
982 4073 1096 4141 optorto
1113 4078 1219 4121 vocatur.
1255 4066 1304 4118 Cir.

184 4144 243 4209 Cap.
266 4144 302 4196 tv.
340 4143 365 4209 1)
383 4144 416 4193 itu
441 4143 500 4206 CL,
523 4140 703 4204 Σπουδάζετε
738 4143 849 4193 adhunc
871 4141 951 4191 iocum
989 4139 1059 4200 othe,
1076 4139 1129 4188 dni.
1146 4152 1170 4201 p.
1188 4135 1261 4215 tto,
1281 4141 1305 4185 et

136 4227 156 4262 c.
179 4213 266 4262 Vossio
291 4211 358 4263 editt.
384 4218 438 4262 ante
462 4212 508 4260 tac.
542 4211 567 4261 in
591 4209 616 4261 C.
640 4224 703 4261 man.
737 4210 771 4260 io.
789 4211 816 4260 E.
836 4208 946 4269 Pieitier,
970 4207 999 4257 dc
1016 4205 1121 4267 ignatio,
1138 4201 1306 4252 Communuoni

134 4294 184 4331 sec.
202 4279 412 4344 oraecdscripsit:
432 4275 603 4348 εὐχαριστία.
627 4279 702 4328 Fran·
736 4278 843 4343 privatus
869 4276 979 4325 aduerso.
1013 4268 1202 4335 Eriaog.l'164.
1227 4269 1252 4321 t.
1277 4268 1306 4320 tt.

133 4347 186 4397 rins
222 4348 320 4412 quidem
358 4347 486 4398 tectionem
521 4339 703 4398 σπουδάσατε
737 4344 860 4395 Gratiani:
897 4344 986 4392 Poncto
1014 4354 1071 4389 cura
1094 4338 1191 4400 dunque
1222 4335 1247 4387 tlt
1269 4337 1307 4389 tar

134 4413 204 4466 nihili
221 4415 328 4479 putabat.
735 4427 781 4464 uso
800 4410 871 4463 d'noa
888 4407 1018 4461 medcsima
1038 4401 1182 4458 Eucaristia.

204 4497 298 4550 Ρετιιε
316 4511 401 4550 suess.
1067 4490 1098 4543 tt
1181 4436 1326 4626 Ι
