2886 4882
401 211 767 274 munumentum.
795 215 862 273 xlx.
883 215 936 274 XX.
958 216 1022 274 lllll.
1263 216 1303 281 43

153 381 257 456 pus,
283 379 322 438 ad
361 377 486 438 dandum
512 394 579 437 sero
606 380 779 439 contrahere.
821 379 921 458 lliliges
950 391 981 440 ut
1008 382 1137 459 pupillam
1167 385 1240 442 oculi
1263 388 1301 444 tui

153 482 222 521 non
240 466 290 538 qni
314 463 371 521 tibi
393 463 528 538 loquetur
557 462 669 521 verbum
691 464 805 523 llomini.
848 465 878 523 ln
899 468 1057 524 memoriam
1079 476 1150 524 tuam
1172 469 1216 526 die
1238 487 1301 527 noc·

151 564 200 622 ape
222 546 378 605 moeson
411 546 506 605 iuditii
535 547 616 604 diem.
659 547 789 623 Exquiras
810 550 932 624 quotidie
960 549 1050 606 vultus
1072 559 1244 621 sanctorum,
1276 562 1304 610 et

153 647 291 688 nsermone
316 645 373 687 eos
396 637 592 705 perscrutans,
619 639 647 687 et
667 632 702 688 ad
723 632 920 689 exhortandum
942 633 1088 701 incedens,
1120 641 1147 689 et
1168 636 1301 693 meditans

152 714 252 785 suedo
274 714 403 770 animam
424 712 508 770 serbo
531 720 578 769 tuo
600 729 708 772 servare
730 716 836 789 possis3
866 724 893 772 et
922 715 1046 772 monibus
1067 717 1120 772 tuis
1142 718 1302 790 operaberis

150 797 378 854 indemtionem
408 803 584 872 peccatorum
607 805 724 855 tuorum.
766 798 825 856 llon
848 799 982 855 dubitabis
1005 799 1084 866 dare,
1114 814 1203 871 neque
1229 818 1302 858 mur-

149 879 250 949 ὼ,
272 895 344 937 eum
367 880 428 936 das.
468 879 556 948 ‚Omni
577 881 680 954 petenti
702 889 728 938 te
752 881 840 938 tribue
851 882 868 952 3⁶
900 898 1052 955 cognosces
1075 889 1163 937 autem
1186 883 1246 954 quis
1269 885 1304 939 sit

149 980 206 1020 ιω
231 961 381 1020 mercedis
406 962 565 1023 retributor.
608 962 735 1021 Servabis
766 982 836 1038 cquae
867 967 1012 1039 accepisti,
1035 981 1087 1021 nec
1109 964 1228 1029 addens,
1251 982 1303 1020 nec

149 1050 237 1105 hess.
282 1044 378 1103 lalus
409 1046 523 1103 odiosus
551 1045 600 1103 tibi
631 1047 684 1104 erit
702 1048 729 1103 in
750 1056 923 1122 perpetuum.
965 1047 1037 1104 luste
1060 1047 1200 1104 iudicabis.
1242 1047 1302 1103 Nou

148 1132 201 1186 irim
219 1128 392 1199 dissidium
414 1130 464 1187 scd
484 1145 578 1203 pacem
590 1129 748 1187 conciliabis
771 1130 841 1186 inter
857 1131 1063 1199 contendentes,
1087 1147 1135 1186 eos
1152 1129 1300 1186 associans.

148 1212 304 1271 bulteberis
325 1220 444 1286 peccata
462 1220 516 1269 tun
557 1211 616 1269 Non
632 1213 748 1270 accedes
772 1213 806 1269 ad
828 1213 979 1271 orationem
1002 1223 1074 1271 tuam
1087 1215 1114 1269 in
1130 1214 1298 1270 conscientia

147 1296 198 1355 ub
236 1294 320 1352 llaec
341 1303 387 1352 est
408 1297 451 1352 ria
467 1295 548 1353 lucis.

512 1428 563 1485 xx.
604 1430 647 1486 lle
666 1431 714 1487 oio
735 1430 918 1487 tenebrarum.

200 1525 249 1582 Vra
273 1532 370 1583 autem
391 1525 563 1586 tenebrarum
583 1527 692 1603 obliqua
714 1537 755 1585 est
774 1528 910 1602 plenaque
926 1526 1133 1583 maledictionis.
1162 1525 1209 1582 Est
1231 1525 1303 1581 enim

143 1611 168 1665 n
182 1609 282 1666 mortis
306 1617 440 1667 aeternae
467 1628 528 1668 cum
550 1612 701 1687 supplicio,
729 1612 757 1668 in
779 1629 833 1686 qua
860 1618 923 1666 sunt
951 1625 1020 1683 quae
1051 1610 1169 1683 perdunt
1190 1608 1304 1664 animaru

141 1693 280 1749 minum:
303 1691 471 1763 idololatria,
493 1696 644 1763 temeritas,
666 1694 748 1751 elatio
771 1695 806 1751 ob
828 1693 985 1768 potentiam,
1007 1692 1159 1760 simulatio,
1184 1708 1232 1748 cor
1255 1692 1304 1748 du·

140 1775 188 1847 plen,
208 1774 394 1844 adulter-ium,
414 1775 607 1849 homicidium,
628 1779 731 1853 rapina,
753 1775 897 1853 superbia,
920 1774 1118 1848 transgressio,
1140 1774 1227 1842 dolus,
1249 1791 1303 1830 ma·

139 1859 184 1927 lla,
205 1859 388 1932 arrogantia,
416 1860 592 1932 veneficium,
611 1863 713 1935 megia,
734 1861 857 1928 avaritia,
885 1859 977 1915 nullus
999 1859 1047 1915 uei
1068 1859 1156 1914 timor.
1199 1857 1227 1913 lu
1250 1874 1304 1929 qua

137 1949 182 1998 rut
200 1940 349 1999 bonorum
371 1952 574 2016 persecutores,
597 1961 694 2001 osores
714 1944 840 2013 veritatis,
863 1950 997 1999 amatores
1016 1941 1158 2009 mendacii,
1180 1957 1236 1997 nou
1258 1957 1304 1996 eo·

136 2032 295 2098 posennus
319 2025 476 2084 mercedem
499 2029 625 2094 iustitiae,
648 2045 702 2084 non
723 2026 843 2083 adiuncti
865 2027 899 2082 ad
911 2026 1021 2094 bonum,
1042 2025 1138 2080 viduae
1161 2022 1302 2097 etpupillo

133 2124 175 2163 non
196 2107 379 2165 attendentes
400 2125 433 2165 ex
454 2110 525 2168 iusto
546 2111 654 2178 iudicio,
677 2109 816 2182 vigilantes
838 2126 893 2166 non
914 2107 947 2164 ad
971 2109 1096 2164 timorem
1117 2107 1172 2173 bei,
1195 2107 1245 2162 sed
1270 2107 1303 2162 ad

131 2190 270 2260 ulmam,
296 2206 314 2246 a
336 2190 436 2265 quibus
458 2192 539 2269 louge
566 2211 598 2251 ac
620 2192 716 2268 procul
744 2200 808 2249 suut
828 2192 1008 2249 mansuetudo
1031 2197 1058 2247 et
1080 2191 1222 2263 patientia,
1256 2190 1302 2262 qui

131 2273 239 2348 filignnt
259 2289 344 2342 sana,
366 2285 559 2334 consectantur
580 2276 837 2344 remunerationem,
862 2292 917 2331 nou
939 2273 1103 2330 miserentur
1122 2273 1226 2347 inopis,
1248 2289 1302 2328 non

130 2356 251 2414 blomne
281 2357 313 2412 in
338 2359 452 2431 gratim
491 2359 584 2417 labore
614 2378 646 2416 ac
675 2359 811 2416 aerumnis
840 2357 975 2425 conlecti,
1015 2357 1048 2413 ad
1077 2357 1303 2413 obtrectationem

130 2443 265 2514 prompti,
297 2456 354 2496 nou
384 2453 581 2517 cognoscentes
603 2451 756 2500 creatorem
779 2457 874 2508 suum,
906 2439 1055 2496 liberorum
1083 2441 1304 2512 interemptores,

86 2532 88 2537 '
129 2523 326 2580 habertione
348 2536 555 2601 corrumpentes
576 2527 623 2583 Dei
646 2532 807 2590 creaturam,
829 2530 983 2579 aversantes
1005 2539 1130 2596 egenum,
1149 2521 1303 2596 opprimen-

130 2615 166 2662 tes
198 2605 354 2673 alllictum,
385 2607 496 2666 divitum
526 2609 663 2676 advocati,
694 2622 845 2682 pauperum
873 2606 958 2678 iniqui
987 2604 1106 2674 iudices3
1135 2622 1186 2679 per
1213 2603 1303 2659 omnia

130 2696 304 2762 peccatores.

480 2807 546 2863 lllll.
590 2808 724 2880 Epilogus
745 2806 956 2863 exhortatorios.

211 2903 345 2978 Aequum
374 2905 457 2978 igitur
482 2913 540 2973 est,
562 2913 591 2961 ut
616 2906 698 2962 bomo
728 2906 843 2964 edoctus
872 2905 995 2960 mandato
1017 2903 1136 2970 Domini,
1169 2909 1305 2975 quotquot

131 2989 208 3061 prius
232 2987 340 3058 scripta
360 2994 439 3056 suut,
461 2989 488 3042 in
510 2988 549 3044 eis
573 2988 699 3044 ambulet.
742 2990 791 3056 Qui
814 2989 884 3045 enim
908 3004 939 3043 ea
961 2988 1077 3061 perlicit,
1100 2987 1126 3041 in
1149 3002 1233 3058 reguo
1256 2985 1304 3040 oei

133 3148 192 3197 lem
232 3147 294 3196 llein
310 3145 598 3217 μαχομένουςθΰῡ),
615 3163 705 3214 μαχο-
739 3145 771 3198 τὸ
792 3144 968 3212 ponderante
991 3142 1171 3210 ἀγαπῶντες,
1197 3141 1262 3206 quod
1280 3142 1303 3190 in

130 3215 233 3281 μένοις
250 3215 312 3264 llen.
331 3215 400 3264 Voss.
413 3214 494 3263 Const.
512 3215 703 3277 bpost.Vll,10.
739 3216 806 3265 rrrrllo
838 3223 976 3264 nostrorum
1008 3220 1120 3275 quattuor
1147 3213 1201 3261 blss.
1234 3216 1304 3265 extat,

181 3280 498 3346 caesareumque
519 3283 555 3332 l'l.
738 3299 782 3332 nec
805 3291 841 3332 est
866 3283 890 3330 in
915 3283 939 3330 F.
980 3280 1063 3328 l'eram
1089 3279 1216 3328 lectionem
1244 3277 1303 3325 blen.

179 3349 232 3411 4³)
248 3348 309 3397 lbid.
329 3349 376 3409 l'll,
396 3349 434 3399 l'l.
738 3351 784 3399 inm
804 3349 917 3398 indicavit
930 3349 1072 3396 observans:
1094 3346 1156 3407 Lege
1169 3343 1304 3411 ἀγαπῶν-

184 3415 312 3479 crpxll
350 3417 374 3473 1)
392 3415 473 3465 Const.
491 3418 573 3478 bpost.
592 3416 638 3474 Vll,
658 3417 681 3467 8.
739 3433 789 3473 τας
813 3417 859 3464 boc
882 3416 969 3465 modo:
997 3414 1148 3480 μισοῦντες
1170 3407 1306 3476 ἀλήθειαν

184 3483 216 3544 2)
235 3481 334 3533 σκολιᾶ
350 3483 407 3532 Ο).
739 3482 910 3549 ἀγαπῶντας
931 3484 945 3531 i.
967 3499 987 3530 e.
1007 3479 1063 3528 odio
1085 3480 1200 3528 babentes
1219 3478 1305 3527 serite-

183 3550 214 3611 3)
231 3550 299 3612 l'ulg.
318 3551 367 3600 τοῦ
385 3557 439 3598 ante
456 3543 584 3601 θανάτου
601 3550 703 3599 omisis.
739 3552 768 3600 tis
786 3559 917 3610 nmatores3
948 3556 987 3597 sut
1011 3554 1075 3595 certe
1100 3546 1193 3595 videtur
1219 3547 1303 3595 deesse

133 3616 264 3667 scrut.
299 3617 358 3665 Dein
376 3615 453 3668 ἔστιν
471 3618 528 3666 OV.
739 3633 823 3666 raomen
850 3614 956 3681 ψεῦδος
977 3615 992 3664 i.
1015 3629 1036 3661 e.
1061 3613 1224 3674 mendacium,
1257 3614 1304 3661 boc

183 3684 213 3745 4)
231 3680 425 3735 ἀποτελοῦντα
443 3683 469 3744 C,
487 3682 662 3735 ἀπολλοῡντα
678 3683 703 3741 v,
738 3684 823 3733 modo:
843 3681 1010 3748 ἀγαπῶντες
1031 3677 1135 3743 ψεῦδος
1152 3680 1167 3730 i.
1187 3697 1206 3729 o.
1223 3694 1305 3729 nmen-

133 3750 299 3819 &nom-,m
315 3764 373 3829 (550)
392 3765 419 3815 ο,
739 3760 773 3801 les
792 3750 948 3800 mendacium.
984 3748 1032 3797 Clr.
1054 3746 1136 3795 Const.
1153 3748 1235 3810 Apost.
1254 3745 1270 3794 l.
1284 3762 1304 3794 c.

183 3834 212 3899 5)
230 3830 446 3900 eldmlolcrpele
463 3833 533 3882 nov
553 3833 617 3891 Cot,
637 3828 704 3881 tdo-
794 3834 835 3897 10)
854 3831 955 3900 ὀφανῷ
974 3832 999 3881 Β.

131 3902 268 3969 Ματθία
285 3901 362 3960 Μ’*
381 3896 580 3968 ‘mmmmm
600 3899 616 3948 C
636 3900 704 3949 νοω·
791 3918 832 3977 ll)
849 3910 1008 3980 ἆγαπόντες
1035 3914 1051 3962 F
1083 3920 1106 3962 et
1131 3915 1150 3959 ll
1179 3911 1202 3958 in
1233 3915 1304 3966 textu,

184 3970 213 4031 6)
229 3968 329 4051 θωχία
348 3967 404 4016 ov·
570 4032 575 4043 .
639 4029 645 4048 ,
739 3981 906 4050 ἀγαπῶντες
931 3984 955 4031 in
982 3996 1055 4043 marg.
1091 3978 1150 4028 Dein
1180 3968 1306 4026 ἀνταπό-

182 4037 210 4098 ῖ)
228 4034 427 4101 υπερηφανεία
445 4033 499 4082 OV.
534 4034 594 4082 llcm
614 4035 704 4084 eudo·
738 4048 822 4121 δωμα
839 4066 887 4099 m
905 4050 961 4098 op¹

132 4100 585 4231 “emissiones‘b
606 4149 624 4234 t
738 4133 832 4250 ...rb
845 4119 1305 4256 rutenensem

132 4234 473 4367 ”messer
489 4232 704 4362 nistre...
857 4265 991 4333 n...

133 4371 275 4423 llolsteniue
294 4375 360 4419 recte
377 4376 452 4429 notat,
470 4366 631 4431 supplendum
651 4382 704 4417 esse
790 4349 833 4414 13)
852 4349 961 4399 “mlv
979 4345 1004 4392 V·
