2886 4882
444 190 464 251 Ι.
487 190 676 254 minutulis
697 198 740 255 au
762 199 835 258 COR.
865 200 928 260 tvl.
951 200 1027 260 lllll.
1264 204 1320 266 103

131 361 255 426 amu,
278 358 362 418 bena
382 368 427 418 est
447 369 475 419 et
495 364 617 438 apprime
639 365 723 434 utilis,
746 366 876 423 voluntati
891 370 962 425 enim
977 370 1082 428 divinae
1098 388 1148 428 nos
1165 371 1321 447 agglutinat.

131 445 171 500 Sir
195 445 278 501 enim
303 444 376 502 dicit
399 461 479 502 sacer
499 463 605 508 sermo:
627 451 772 524 ,castigans
796 452 934 525 castigavit
957 470 999 508 me
1020 453 1167 522 Dominus,
1190 464 1219 511 et
1240 459 1320 514 morti

130 545 181 585 non
209 528 336 585 tradidit
366 544 427 596 me;
455 546 535 602 quern
562 532 634 587 enim
654 532 740 607 diligit
762 533 906 602 Donamus,
936 537 1041 608 arguit3
1077 536 1194 609 flagellat
1230 548 1320 597 antem

129 628 238 668 omnem
254 610 360 677 filium,
381 629 463 686 quem
479 615 602 687 suscipit.
631 616 767 690 Corripiet
783 613 877 683 enim‚‘
891 619 935 682 ait,
951 635 1002 685 ,rue
1018 619 1104 674 iustus
1123 621 1149 675 in
1165 622 1319 679 misericor·

129 696 179 762 dia,
201 704 232 751 et
256 694 419 768 increpabit
439 712 499 762 me3
528 696 619 754 oleum
651 707 740 755 auteur
771 707 945 773 peccatorum
975 717 1029 755 uon
1065 701 1216 775 impinguet
1237 714 1319 779 eaput

129 775 238 835 nem‘
275 776 309 834 lit
333 795 430 834 rursus
444 778 522 838 dicit:
537 779 649 848 'beatus
663 782 754 849 bomo,
777 800 857 856 quem
872 785 961 855 arguit
975 783 1119 850 llomiuus3
1141 786 1318 843 monitionem

129 878 194 918 vero
210 862 423 935 omnipotentis
443 879 477 919 ne
504 879 617 931 renuas3
640 867 698 938 ipse
723 866 793 921 euim
815 865 909 922 dolere
932 866 1004 933 lacit,
1026 875 1053 922 et
1071 883 1167 922 rursus
1184 869 1317 937 restituit3

130 946 291 1019 percussit,
314 952 344 1001 et
365 961 460 1001 manus
482 947 540 1002 eius
564 957 734 1004 sanaverunt.
777 948 870 1005 Series
893 950 926 1005 dc
949 949 1160 1006 necessitatibus
1183 959 1261 1006 eruet
1282 959 1318 1020 te,

130 1038 155 1084 et
174 1029 201 1083 in
226 1028 354 1101 septimo
377 1044 430 1083 uon
453 1037 545 1103 tanget
565 1037 591 1085 te
613 1031 720 1087 malum.
764 1030 792 1085 lu
816 1032 885 1087 lame
915 1031 1039 1088 liberabit
1071 1040 1258 1100 mamerto,
1289 1034 1316 1088 in

130 1110 238 1185 praelio
263 1127 332 1166 vero
354 1111 387 1167 de
406 1126 487 1167 mann
511 1112 577 1168 lerri
599 1113 686 1169 solvet
708 1123 743 1180 te,
766 1115 904 1187 allagello
927 1115 1034 1186 linguae
1059 1113 1211 1170 abscondet
1230 1124 1265 1182 te,
1289 1123 1317 1172 et

130 1211 184 1250 non
206 1193 325 1250 timebis
345 1211 360 1250 a
382 1194 459 1250 malis
482 1195 659 1252 venientibus.
687 1196 804 1252 lniustos
827 1207 854 1253 et
870 1198 979 1270 iniquos
991 1197 1139 1264 deridebis,
1163 1205 1189 1253 et
1207 1195 1315 1254 leroces

130 1276 237 1333 bestias
262 1294 320 1332 non
343 1278 469 1341 timebis3
492 1278 594 1334 bestiae
617 1281 687 1335 euim
711 1279 785 1336 lerae
807 1288 917 1353 pacatae
936 1279 1084 1335 eruiittibi.
1114 1279 1215 1335 Deinde
1232 1281 1313 1348 scies,

131 1361 205 1433 quod
231 1360 262 1415 in
283 1375 352 1432 pace
375 1361 427 1416 erit
449 1360 545 1417 domus
569 1369 629 1429 tua,
660 1361 788 1418 habitatio
810 1371 898 1418 autem
923 1362 1094 1418 tabernaculi
1122 1364 1160 1418 tui
1191 1378 1246 1418 uon
1269 1363 1313 1419 de·

131 1444 216 1499 ficiet.
247 1441 327 1499 Scies
348 1452 446 1509 autern,
468 1444 541 1515 quod
563 1444 678 1500 multum
700 1461 793 1500 semen
816 1454 901 1512 turrim,
923 1453 950 1500 et
971 1445 1049 1502 liberi
1072 1447 1110 1500 tui
1133 1454 1214 1501 erunt
1235 1445 1312 1517 quasi

130 1527 223 1582 omnis
247 1524 334 1581 herba
357 1527 452 1600 campi.
486 1525 627 1583 niventes
651 1528 677 1581 in
700 1527 883 1601 sepulelirum,
907 1536 1031 1600 tauquam
1048 1528 1211 1583 lriuneutum
1229 1536 1312 1583 matu·

131 1626 201 1677 mm,
226 1608 303 1682 quod
326 1608 497 1682 intempore
521 1619 711 1677 messuerunt,
739 1610 780 1666 uel
802 1612 872 1667 siem
894 1626 1008 1666 acervus
1030 1626 1117 1678 areae,
1141 1611 1168 1665 iu
1191 1618 1313 1683 tempore

133 1688 345 1766 comportatus.‘
387 1690 504 1759 Videtis,
527 1680 764 1766 dilecti,'protegi
787 1711 850 1758 eos,
881 1696 927 1765 qui
951 1711 964 1748 a
987 1694 1100 1748 llouuuo
1130 1694 1312 1766 castigantum

133 1791 194 1830 cum
218 1776 293 1831 euim
314 1773 403 1830 bouus
422 1774 465 1838 sit,
497 1775 610 1847 castigat
632 1793 682 1831 nos
706 1775 792 1843 lleirs,
823 1784 850 1831 ut
873 1785 966 1832 saneto
995 1777 1054 1832 cius
1078 1775 1219 1848 disciplina
1241 1793 1312 1832 com·

133 1855 325 1914 monebamus

136 2021 212 2081 lvd.
240 2023 391 2081 seditionis
414 2030 539 2078 auctores
557 2024 726 2094 presbyteria
749 2041 808 2080 sese
828 2025 986 2087 subiiciunt,
1008 2041 1042 2078 ue
1057 2025 1133 2081 Deus
1147 2029 1310 2098 cosperdnt.

224 2139 279 2194 l'os
303 2139 460 2210 igituruium
483 2138 625 2193 seditionis
649 2137 821 2195 fundamenta
844 2138 963 2205 iecistis,
984 2140 1010 2193 iu
1033 2138 1187 2196 obedientia
1210 2139 1310 2196 subditi

135 2230 225 2278 estote
249 2220 427 2293 presbyteris,
450 2228 476 2275 et
498 2221 698 2275 correctionem
720 2222 851 2295 suscipite
873 2221 898 2275 in
921 2222 1122 2293 poenitentiam,
1145 2240 1232 2295 genua
1250 2240 1310 2278 cor·

135 2306 209 2361 dium
228 2313 381 2360 vestrorum
405 2303 555 2359 flectentes.
597 2303 696 2359 Discite
726 2303 832 2372 subiici,
855 2304 1024 2377 deponentes
1046 2304 1192 2376 gloriosam
1214 2314 1241 2361 et
1262 2322 1305 2361 su·

133 2387 249 2462 perham
270 2387 377 2458 linguae
402 2395 506 2442 uestrae
528 2387 728 2458 arrogantiam3
759 2386 856 2443 melius
887 2388 959 2443 enisu
992 2394 1034 2442 est
1054 2388 1080 2440 iu
1105 2404 1187 2459 grege
1210 2387 1308 2441 Cliristi

133 2487 233 2545 parvm
255 2477 282 2524 et
303 2469 390 2525 bonae
406 2468 490 2524 laurac
505 2469 629 2541 reperiri,
652 2486 731 2541 quam
746 2470 826 2525 nimis
840 2468 1017 2543 splendentes
1032 2485 1080 2540 spo
1098 2468 1168 2522 illius
1185 2462 1307 2537 [Christi]

133 2554 206 2610 elici.
244 2552 290 2607 Sic
309 2554 380 2607 enim
402 2552 468 2607 dicit
489 2552 620 2624 sapientia
642 2567 751 2607 omnem
773 2554 896 2609 uirtutem
919 2551 1119 2626 complectens:
1141 2565 1223 2616 ‚ecco
1246 2564 1308 2621 pro·

133 2638 221 2693 leram
243 2634 320 2690 uobis
343 2636 395 2690 mci
418 2635 530 2708 spiritus
553 2634 709 2703 dictionem,
733 2633 839 2691 docebo
860 2643 947 2691 autem
970 2651 1018 2690 nos
1040 2650 1128 2689 meum
1145 2647 1308 2688 sermionem.

133 2721 267 2789 Quoniam
289 2717 424 2784 vocabam,
446 2726 473 2773 et
495 2734 548 2772 non
571 2717 723 2783 obediistis,
744 2726 771 2773 et
792 2717 968 2775 extendebam
992 2715 1082 2785 verba,
1106 2725 1133 2772 et
1154 2733 1207 2771 uon
1223 2723 1306 2770 alluu-

135 2861 344 2871 u—————-⁴

130 2942 183 2999 oriar
196 2942 303 3001 ἀτελεῖς
315 2941 433 2995 alnidum
447 2945 608 2993 nourinberc·
614 2942 705 3059 ploce
739 2942 837 2991 alterius
857 2943 1051 3004 ΚΟΨΕΤΛΙ,
1077 2941 1139 2991 nunde
1158 2941 1245 2991 llillins
1269 2941 1310 2990 dat

132 3012 230 3069 αὐτοῖς
261 3013 432 3081 παρέχοντος
456 3013 505 3060 τοῦ
537 3026 645 3079 nuspa
671 3010 704 3059 τὸ
738 3008 787 3061 οὐκ
806 3004 918 3074 ὄψεται,
937 3026 985 3073 qno
1000 3025 1072 3059 seusu
1083 3010 1194 3073 equidem
1208 3023 1308 3070 prorsus

131 3076 254 3145 ἐπήκοον
278 3077 309 3131 ἐν
335 3076 437 3145 εὐχαῖς.
472 3077 506 3127 lbi
533 3092 605 3141 quum
626 3077 652 3126 ll.
677 3078 704 3127 T.
739 3076 828 3127 neseio.
852 3078 920 3141 Apud
933 3077 991 3126 lxx
1003 3079 1056 3125 lntt.
1076 3077 1175 3138 legimus
1185 3090 1234 3123 sec.
1248 3073 1308 3123 eod.

134 3147 216 3201 Sancti
240 3162 285 3210 pro
311 3155 458 3196 mortuorum
483 3144 605 3193 arrimubus
630 3145 704 3194 inter·
738 3145 801 3194 illex.
826 3142 876 3211 οὐχ
900 3140 1016 3209 ἅψηται.
1041 3160 1089 3192 see.
1115 3143 1174 3191 Cod.
1197 3142 1245 3190 Val.
1275 3137 1308 3191 οὐ

133 3217 220 3267 cedere
244 3214 365 3274 dieantur,
392 3220 416 3262 ut
437 3214 499 3261 [leurs
523 3212 638 3261 benevole
663 3227 703 3260 eas
736 3208 776 3278 μὴ
794 3208 910 3276 ἅψηται.
935 3211 981 3260 loc.

132 3283 250 3346 accipiat,
282 3282 344 3331 haud
376 3279 460 3344 procul
493 3280 577 3328 abesse
611 3279 705 3328 uidetur

132 3350 203 3402 Philo
231 3348 260 3397 ab
288 3349 339 3412 ipso
374 3351 516 3396 Sarictorum
545 3346 703 3395 inuocatione.
791 3345 848 3408 Cup.
867 3345 932 3394 Ll'll.
971 3345 995 3407 l)
1015 3340 1249 3410 nordbertum:
1268 3359 1307 3392 ec-

133 3419 245 3469 Statuere
262 3417 334 3477 igitur
352 3429 495 3478 posssimus,
519 3412 618 3462 eandem
645 3413 703 3461 doe-
739 3411 826 3460 elesino
843 3412 968 3475 praesides
981 3411 1071 3475 absque
1085 3412 1132 3461 ulla
1147 3411 1307 3470 distinctione,

131 3485 219 3535 trinam
237 3483 307 3532 etiam
324 3481 478 3531 aClcmeutis
495 3496 566 3529 sensu
579 3496 626 3528 οοο
645 3480 704 3527 alie·
739 3495 767 3528 eo
787 3479 882 3542 quidem
900 3495 979 3535 sensu.
998 3494 1045 3541 qttt)
1065 3480 1161 3542 saepius
1179 3487 1309 3527 occurrunt

131 3567 189 3602 nam
207 3551 288 3600 luisse.
324 3549 393 3609 Quod
417 3556 495 3596 tamen
520 3564 568 3597 non
587 3556 633 3595 tam
654 3562 703 3595 rna·
738 3547 761 3594 iu
783 3547 884 3596 llermae
904 3547 966 3594 Post.

133 3620 247 3670 nilestmn
265 3625 309 3676 est,
326 3624 352 3665 ut
371 3630 464 3665 omnem
476 3630 513 3668 me
531 3615 703 3665 dubitationem
792 3613 818 3673 2)
836 3614 900 3663 llum
919 3613 1013 3676 phrasis
1032 3614 1054 3662 iu
1073 3613 1182 3662 Patribus
1201 3620 1224 3663 et
1244 3613 1307 3663 Con·

133 3685 258 3736 disiecisse
277 3684 415 3734 existimem.
445 3682 604 3741 Quamobrem
618 3682 638 3730 si
650 3681 703 3745 quis
738 3682 799 3729 ciliis
818 3681 938 3744 irruerem,
958 3679 1082 3743 desiimpta
1097 3680 1189 3728 videtur
1207 3694 1233 3728 eu
1246 3681 1306 3729 Ora-

132 3748 614 3816 illndxalrodcdyloneinterpolatorl
632 3748 703 3798 alicui
737 3750 802 3799 tione
827 3748 957 3802 llnuassis,
990 3763 1060 3811 epirum
1085 3747 1201 3811 qiiacdam
1231 3746 1306 3795 lliblia

133 3818 362 3878 adscriberemus,
379 3817 489 3881 equidem
501 3832 548 3865 nou
561 3816 703 3878 obstrepne-
738 3815 936 3878 complectuntur,
955 3830 1072 3878 quamque
1085 3816 1191 3863 referunt
1211 3812 1306 3861 Consti-

132 3888 187 3938 rim.
212 3887 306 3950 Lipsius
324 3903 347 3949 p.
366 3887 398 3936 m
417 3885 432 3933 Ι.
452 3903 472 3934 e.
739 3884 842 3932 lotiones
855 3882 1008 3945 spostolicae
1025 3883 1065 3930 lib.
1080 3884 1102 3929 2.
1121 3896 1173 3942 cap.
1186 3880 1225 3927 22.
1246 3877 1306 3954 llul-

187 3955 215 4017 ll
232 3952 377 4012 ruitum.
391 3951 538 4011 Prot.3,12.
552 3950 703 4009 Hebrlzli,
738 3958 774 3999 los
799 3965 854 3998 vero
878 3950 969 3998 siuiiles
992 3951 1015 3997 in
1039 3946 1202 4010 Scriptoribus
1230 3958 1305 3991 socrus

185 4022 212 4084 5)
230 4022 268 4071 rs.
289 4022 343 4074 tau.
363 4022 386 4069 ὃ.
738 4026 762 4067 et
782 4017 957 4066 Ecclesiasticis
975 4017 1088 4065 inuenies.
1117 4013 1164 4063 (οἱ.

187 4089 214 4150 6)
233 4089 249 4137 Ι.
268 4104 288 4138 e.
305 4087 389 4137 reiieio
407 4086 517 4149 gaudina
536 4085 704 4149 peecatoribus
789 4085 816 4148 3)
835 4085 904 4132 l‘rov.
917 4085 938 4143 l,
952 4084 1058 4134 23-31.
1090 4080 1187 4130 Librum
1205 4078 1306 4127 Prover-

132 4156 192 4208 mibl
210 4164 301 4219 parate.
322 4155 350 4204 ΙΙ.
738 4153 832 4202 bionum
854 4152 924 4200 etiam
954 4151 1064 4199 Clemens
1084 4147 1147 4196 Alea.
1172 4145 1259 4193 strom.
1279 4145 1306 4206 ll,

185 4224 213 4285 ῖ)
230 4223 280 4272 lob.
294 4224 317 4280 5,
338 4219 443 4272 17-26.
738 4220 778 4270 22.
797 4235 821 4283 p.
841 4221 897 4269 5⁰1.
921 4213 1081 4290 navdoerov
1099 4211 1204 4280 σοφίαν
1221 4212 1306 4276 appel-

121 4324 129 4337 .
186 4289 215 4354 8)
233 4290 273 4339 Sic
303 4289 363 4338 Edd.
397 4302 486 4337 omues.
525 4286 605 4336 Codex
631 4287 704 4336 dlstus
738 4289 785 4348 lat,
812 4287 916 4349 itemque
938 4285 1102 4342 Hepesrppus,
1126 4280 1235 4330 irenaeus
1260 4287 1305 4331 ete.

133 4357 232 4410 exhibet
249 4356 342 4410 OYin
360 4356 406 4405 llne
426 4355 514 4416 lineae,
543 4362 566 4405 et
588 4353 613 4402 in
637 4353 704 4404 initio
739 4353 802 4418 apud
819 4354 905 4403 Euseb.
925 4351 953 4401 ll.
973 4347 1000 4394 E·
1018 4343 1035 4402 Ι,
1055 4345 1097 4401 ²2.
1125 4347 1172 4399 cot.

998 4510 1157 4568 -
1208 4582 1212 4588 .
