2886 4882
111 237 172 302 468
272 233 408 294 HEREAE
429 232 569 292 PASTOR.
598 228 696 290 LIBER
714 233 745 290 11.
782 229 925 288 11111111.
949 224 1108 300 111.11.(Α)

113 402 237 461 inomni
274 418 312 457 re.
356 398 440 456 Indue
472 399 577 456 firmam
604 397 686 455 fidem
715 406 741 453 et
771 404 917 470 potentem.
960 388 1063 452 Fides¹'¹
1095 395 1288 453 enimomnia

114 484 286 558 repromittit,
309 491 337 540 et
358 483 447 539 omnia
469 490 653 549 eonsummat3
677 481 807 537 dubitatio
832 487 922 534 autem
944 495 999 534 uon
1014 477 1109 545 credit,
1133 494 1162 533 se
1186 477 1289 550 aliquid

114 569 317 639 impetraturam
347 565 472 621 omnibus
500 564 631 638 operibus
657 555 748 630 suis,¹⁹
776 579 844 634 quae
875 563 938 635 agit.
982 561 1060 617 Vides
1084 577 1168 632 ergo,
1192 559 1289 632 inquit,

114 650 189 723 quod
209 647 277 704 fides
300 648 443 704 desursum
466 657 509 703 est
530 666 545 702 a
567 647 630 713 Deo,
652 654 679 701 et
700 643 781 701 habet
802 645 926 700 virtutem
947 634 1107 717 magnam.²⁰
1151 641 1288 698 bubiano

78 740 201 788 vantem
224 740 350 787 terrenus
380 730 491 804 spiritus
520 737 562 786 est
584 737 612 785 et
633 747 647 784 a
672 727 795 794 diabolo,
829 727 954 783 virtutem
984 743 1038 781 non
1068 725 1181 781 babens.
1224 720 1288 780 *Tu

112 815 195 888 igitur
217 829 294 869 serva
316 803 464 869 virtutem²¹
487 810 559 879 fidei,
582 828 597 866 a
619 810 785 867 dubitatione
807 817 895 865 autem
917 809 1025 876 recede,
1050 825 1119 881 quae
1134 825 1190 863 non
1205 807 1289 863 habet

112 896 254 968 virtutem3
277 903 303 952 et
324 896 396 951 vives
419 895 482 962 Deo,
505 903 531 951 et
553 911 647 951 omnes
669 895 757 949 vivent
779 891 847 961 Deo,
876 893 1033 965 quicunque
1066 893 1134 947 baec
1163 887 1288 964 egerint!

553 1033 779 1099 MANDATUM
800 1032 836 1096 X.

114 1164 157 1220 De
178 1163 266 1218 enimi
287 1161 413 1223 tristitia,
435 1168 459 1215 et
480 1177 535 1214 non
558 1160 746 1214 contristando
767 1155 901 1229 Spiritum
922 1157 992 1220 Dei,
1014 1159 1063 1229 qai
1087 1160 1117 1214 in
1138 1158 1220 1212 nobie
1242 1167 1289 1213 est.

198 1271 237 1345 (a)
260 1275 278 1330 1.
321 1268 460 1348 †,bonge¹
483 1273 525 1329 iac
548 1290 562 1329 a
584 1281 609 1328 te
632 1289 738 1327 omnem
761 1273 914 1341 tristitiam3
937 1274 1036 1328 etenim
1053 1273 1118 1329 haec
1143 1289 1226 1328 soror
1247 1283 1289 1329 est

115 1359 289 1417 dubitationis
319 1365 347 1413 et
376 1353 547 1413 iracundiae‘
589 1355 656 1423 ,Quo
689 1353 791 1420 modo,‘
821 1355 945 1427 iuquam,
976 1356 1110 1422 domine,
1141 1372 1224 1412 soror
1247 1364 1290 1411 est

113 1441 230 1499 harumi
252 1440 330 1495 Aliud
351 1440 415 1495 mibi
438 1440 544 1495 videtur
567 1438 681 1504 tristitia,
705 1437 776 1492 aiiud
798 1438 945 1503 iracundia,
968 1437 1040 1492 aliud
1063 1435 1213 1494 dubitatio‘
1258 1439 1289 1494 Et

115 1525 166 1581 ait:
188 1524 256 1590 ,sine
279 1539 363 1579 sensu
385 1539 440 1578 non
462 1512 610 1594 intelligis.²
652 1520 770 1575 Tristitia
792 1520 864 1575 enim
886 1521 1004 1575 omnium
1020 1521 1163 1594 spirituum
1176 1523 1287 1593 nequis·

114 1597 210 1663 simns⁸
233 1590 289 1673 cst,
312 1613 339 1660 et
359 1607 477 1679 pessima
499 1605 585 1659 servis
614 1603 677 1671 θείς
708 1609 735 1658 et
764 1603 883 1657 omnium
914 1603 1026 1675 spiritus
1056 1597 1236 1671 exterminat,⁴
1262 1612 1289 1659 et

115 1680 229 1744 eruciat⁶
241 1687 369 1760 Spiritum
382 1695 519 1753 sanctum3
542 1687 677 1741 etiterum
691 1684 792 1740 salvum
806 1681 887 1739 iacit!
931 1683 1015 1758 ,Ego,‘
1027 1687 1144 1758 inquam,
1157 1686 1288 1753 domiue,

115 1771 247 1843 iusipiens
269 1785 337 1836 suun,
360 1776 388 1823 et
409 1784 464 1823 non
488 1766 608 1839 intelligo
631 1768 806 1840 quaestiones
826 1768 892 1822 istas
901 1759 921 1821 :⁶
943 1785 997 1840 quo
1011 1769 1092 1823 modo
1115 1770 1204 1842 possit
1227 1786 1288 1824 eru·

115 1853 196 1915 ciare,
219 1858 246 1904 et
261 1851 357 1904 iterum
372 1848 474 1905 salvum
495 1850 594 1916 iacere,
615 1865 668 1904 non
692 1847 829 1921 intelligo?
871 1848 968 1918 ,Audi,‘
991 1851 1084 1923 inquit,
1108 1859 1144 1917 ,et
1158 1851 1289 1924 intellige.

115 1931 156 1999 111,
180 1923 238 2003 qui⁷
261 1947 397 2001 nunquam
420 1931 606 2002 exquisierunt
618 1932 762 1998 veritatem,
785 1947 874 2004 neque
889 1933 1071 2005 inquisierunt
1090 1935 1122 1989 de
1139 1934 1288 2000 maiestate,

115 2013 164 2069 sed
185 2019 287 2067 tantum
310 2012 497 2079 crediderunt,
521 2021 584 2067 sunt
605 2011 715 2067 involuti
737 2014 763 2068 in
793 2016 910 2086 negotiis
939 2016 1077 2071 hominum
1106 2015 1289 2072 ethnicorum.

114 2090 161 2165 [Et
182 2094 251 2149 alius
273 2094 386 2149 mendax
408 2087 574 2167 Prophetes⁸
596 2102 645 2161 est,
669 2096 714 2168 qui
731 2095 821 2168 perdit
844 2113 941 2152 sensus
964 2115 1103 2154 servorum
1127 2099 1187 2164 Dei,
1212 2098 1288 2154 dubi·

115 2194 193 2234 orum
215 2185 322 2245 autern,
345 2176 528 2232 non'illorum
557 2178 603 2249 qui
626 2175 712 2232 fidunt
734 2179 760 2233 in
783 2177 896 2234 Domino
919 2180 1007 2253 plene.
1051 2180 1090 2236 iili
1120 2197 1187 2254 crgo
1212 2180 1288 2236 dubii

115 2260 194 2333 quasi
217 2258 250 2314 ad
273 2259 389 2315 divinum
413 2251 555 2332 Spiritum⁹
577 2261 701 2327 veniunt,
728 2268 755 2317 et
775 2262 943 2334 interrogant
965 2262 1056 2330 illurn,
1078 2264 1143 2335 quid
1163 2263 1216 2319 iilis
1249 2264 1288 2318 su·

113 2349 204 2398 turum
227 2342 270 2397 sit.
312 2342 343 2397 Et
365 2334 433 2397 ilie¹⁰
454 2343 568 2399 mendax
597 2343 762 2416 Prophetes,
785 2343 885 2399 nullam
913 2344 1016 2401 babens
1048 2348 1127 2402 inse
1162 2347 1287 2401 virtutem

113 2423 231 2498 Spiritus
254 2425 344 2493 divini,
367 2425 487 2498 loquitur
510 2425 561 2481 illis
584 2427 732 2481 secundum
755 2427 994 2497 interrogationem
1011 2428 1125 2495 illorum,
1147 2437 1175 2484 et
1196 2429 1288 2502 implet

113 2508 215 2563 animas
239 2506 345 2563 illorum
368 2509 518 2580 promissis,
542 2509 613 2565 sicut
635 2509 670 2564 iiii
694 2509 796 2564 volunt
839 2508 884 2564 llie
906 2518 993 2565 autem
1025 2510 1177 2584 Prophetes
1199 2512 1286 2566 inanis

114 2598 165 2654 eet,
188 2598 215 2645 et
236 2590 323 2645 inania
346 2590 496 2662 respondet
517 2591 652 2662 inanibus.
695 2591 829 2664 Quicquid
852 2585 946 2647 euim¹¹
970 2593 1153 2666 interrogatur
1175 2611 1190 2649 a
1211 2594 1285 2649 vanis

112 2671 285 2740 bominibus,
307 2688 373 2726 vana
394 2673 545 2746 respondet
567 2672 627 2728 illis.
670 2665 829 2740 Quaedam¹'
858 2683 947 2730 autem
969 2676 1050 2731 verba
1075 2693 1136 2731 vera
1157 2676 1286 2749 loquitur.

114 2752 241 2809 Diabolus
261 2754 332 2809 enim
354 2746 506 2828 adimplet¹³
529 2771 590 2810 curn
613 2757 711 2828 spiritu
734 2773 794 2825 suo,
817 2765 847 2811 ut
870 2758 979 2813 deiiciat
1001 2758 1117 2831 aliquem
1129 2775 1161 2814 cr
1188 2756 1286 2813 iustis.‘

196 2864 234 2937 (a)
257 2867 287 2922 11.
329 2867 498 2940 ‚Quicunque
522 2886 588 2942 ergo
612 2869 696 2926 fortes
720 2879 784 2926 sunt
808 2872 833 2926 in
858 2871 911 2929 side
934 2873 1046 2943 Domini,
1070 2882 1096 2930 et
1117 2873 1203 2948 induti
1223 2884 1287 2929 sunt

114 2942 245 3016 veritate,¹
268 2950 366 3006 talibus
389 2950 531 3023 spiritibus
552 2969 607 3006 non
630 2953 787 3025 iunguntur,
810 2956 860 3010 sed
883 2955 1026 3012 discedunt
1047 2957 1080 3012 ab
1101 2955 1161 3012 iilis.
1204 2955 1285 3024 Quot-

195 3052 257 3119 *Σὺ
278 3046 333 3119 οὖν
345 3053 469 3120 ὅούλοαε
489 3064 525 3143 τῇ
540 3054 609 3143 εὔχῃ
628 3077 699 3133 σου,
720 3065 756 3145 τῇ
777 3057 898 3142 δυνάμει
920 3069 971 3144 τῆς
991 3066 1122 3145 πίστεως,
1144 3062 1195 3127 καὶ
1215 3061 1285 3150 ζήσῃ

113 3145 153 3224 τῷ
177 3142 252 3222 Θεῷ,
272 3140 322 3201 κα)
343 3136 449 3213 πάντες
470 3141 500 3201 αἱ
516 3139 794 3222 καταφρονήσαντες.

194 3243 308 3333 ῒἎρον
328 3250 386 3315 dub
408 3259 461 3316 σοῦ
475 3249 644 3336 τὴνλύττην·
665 3256 784 3342 καὶγὰρ
799 3259 873 3341 αὕτη
885 3259 998 3343 ἀδελφή
1014 3264 1072 3325 ἐστι
1084 3269 1137 3343 τῆς
1148 3264 1286 3344 depellas*

111 3333 162 3398 nol
184 3341 236 3416 τῆς
256 3333 413 3416 ὀξνχολίας.
457 3341 538 3420 Παῖς,
562 3337 657 3423 κύριε,
679 3339 791 3424 ἀδελφή
813 3344 889 3407 ἐστιν
910 3343 1018 3425 αὖτῆςς
1041 3342 1131 3409 ’Άλλο
1160 3344 1216 3429 γάρ
1237 3370 1285 3426 μοι

169 3504 403 3567 18))(1τ111ατ11α1.
715 3511 808 3573 graeci,
839 3511 914 3560 Codd.
939 3521 961 3561 et
991 3513 1048 3561 libb.
1072 3513 1142 3576 impr.
1174 3514 1245 3562 iidem
1270 3530 1282 3562 a

171 3571 212 3635 19)
234 3575 279 3621 sibi
299 3574 360 3622 omni
379 3575 493 3635 imperare
512 3588 606 3636 operum
624 3591 680 3624 ano-
715 3578 836 3626 nonnullis
861 3579 922 3641 vulg.
941 3596 961 3628 c.
980 3579 1037 3629 Feb.
1057 3581 1091 3629 St.
1118 3589 1234 3630 mutatum
1259 3583 1282 3629 in

111 3651 163 3686 mm
182 3652 205 3699 p.
224 3653 248 3687 se
267 3641 358 3703 aliquid
382 3642 557 3704 impetratorum
576 3643 679 3691 omnibns
712 3647 837 3707 pessimos.

113 3706 222 3768 operibns
241 3707 292 3754 auis
310 3706 360 3755 Vat.
764 3711 791 3773 4)
809 3711 947 3761 Lectiouem
966 3714 1028 3775 vulg.
1051 3721 1072 3763 et
1091 3717 1193 3764 omrriom
1209 3717 1281 3777 apini-

164 3769 208 3833 20)
230 3773 286 3834 quio
305 3773 363 3832 fider
382 3788 397 3821 o
414 3790 507 3824 rursum
525 3781 559 3824 est
578 3778 645 3826 odeo
658 3784 679 3825 et
715 3784 752 3826 tna
769 3782 907 3828 eetemtinot
929 3781 1036 3842 corrigas
1055 3796 1082 3830 ex
1101 3781 1161 3832 Cod.
1177 3782 1228 3831 Pal.

113 3841 168 3902 quio
186 3853 294 3899 mopnnm
311 3839 379 3886 babet
397 3843 503 3890 virtutem
522 3842 571 3890 Vnt.
764 3844 790 3906 5)
810 3847 948 3895 contributa!
969 3848 1017 3896 Vnt.
1094 3877 1097 3882 ·

163 3905 207 3968 21)
225 3905 319 3953 babenti
329 3904 459 3968 interponit
468 3908 517 3957 Vat.
533 3909 678 3958 Graecorum
764 3913 790 3972 6)
810 3918 831 3958 ct
848 3928 895 3960 non
913 3916 1021 3976 inteitipo
1038 3917 1205 3964 cimititndines
1221 3917 1280 3965 istos

111 3970 166 4021 rbb.
184 3970 229 4020 καὶ
248 3965 353 4026 πάντες
370 3971 397 4020 οἱ
415 3972 680 4040 καταφρονήσαντες
714 3976 771 4036 Pal,
791 3978 892 4027 subinde
903 3983 1016 4042 quomodo
1033 3990 1109 4045 potest
1124 3984 1280 4032 contributione

111 4038 191 4087 tersio
203 4038 226 4086 in
236 4037 285 4085 Pal.
304 4045 341 4085 est
350 4045 372 4085 et
382 4041 467 4087 coeteri
477 4042 517 4101 qni
530 4042 556 4088 id
566 4045 677 4091 sentiunt.
713 4043 763 4093 Vat.
789 4043 836 4092 cfr.
856 4044 876 4092 11
889 4044 943 4096 Cor.
963 4048 986 4104 i,
1007 4049 1045 4097 111.

161 4103 239 4153 Mand.
262 4104 288 4153 11.
325 4103 460 4164 1)Graeea
485 4105 515 4153 ad
534 4107 579 4155 boc
599 4108 678 4158 Mand.
763 4111 789 4172 1)
808 4114 848 4174 qui
867 4112 954 4162 excidit
971 4114 1034 4175 Vat,
1060 4115 1100 4163 ubi
1118 4130 1172 4163 mox
1189 4116 1231 4164 sed
1249 4110 1280 4163 trit

111 4167 158 4230 leg.
179 4170 261 4220 Doctr.
279 4170 309 4219 ad
329 4170 479 4219 nantoani.
501 4172 538 4220 11.
555 4187 579 4235 p.
598 4174 655 4223 257.
711 4179 856 4227 crediderunt
880 4186 902 4227 et
920 4186 973 4229 aunt
991 4183 1065 4230 notati
1086 4184 1112 4230 in
1128 4183 1235 4244 nepociis
1257 4185 1278 4225 et

161 4235 188 4295 2)
209 4239 324 4299 inteiiiqea
343 4238 392 4287 Vnt.
415 4239 423 4284 i
442 4251 524 4300 supra.
711 4245 804 4294 diviciis
823 4248 869 4294 omi
887 4247 1003 4296 bominum
1021 4250 1170 4298 ethnicorum.

161 4299 188 4360 3)
206 4305 363 4366 nequiorVat.
382 4305 674 4367 Deiurevocauipessimo
761 4311 788 4374 8)
807 4311 855 4360 cn.
883 4313 961 4362 Mand.
991 4315 1042 4375 11.;
1074 4314 1148 4364 crem.
1179 4313 1278 4363 Romani

109 4364 164 4415 uine
181 4365 231 4415 ntia
248 4384 306 4420 sana
323 4372 417 4422 ratione
445 4379 469 4421 et
495 4379 579 4421 eontra
598 4380 674 4422 textus
709 4377 779 4427 Hom.
797 4378 829 4438 2,
850 4380 887 4427 15.
904 4386 928 4428 et
947 4379 976 4438 3,
1001 4379 1083 4444 23sq.
1119 4382 1185 4439 Quae
1209 4381 1278 4431 uncis
