2886 4882
457 248 548 306 visio
572 251 601 318 ΙΙ,
625 251 651 306 3.
674 253 701 308 4.
734 249 778 318 ΙΙΙ,
804 252 828 307 Ι.
851 252 877 308 2.
1194 251 1256 313 577

78 413 146 470 λατο
175 408 280 483 δεῖξαι,
316 402 392 483 [διά]
424 412 475 485 τῆς
502 408 696 488 πρεσβυτέρας
717 406 859 488 ἐκείνης’,
888 413 924 494 τῇ
945 409 1027 471 νυκτί
1055 407 1071 430 ”
1160 435 1209 491 μοι
1228 407 1250 492 η’

77 490 255 571 πρεσβυτέρα
284 491 332 552 καί
370 485 449 550 εἶπεν
478 485 561 553 Ἐπεί
589 489 682 564 οῦτως
710 487 810 570 ἐνδείγς
845 491 893 552 καί
923 493 1081 564 σπουδαῖος
1108 495 1161 566 ες”
1193 500 1247 557 τοῦ

77 574 197 656 γνῶναι*
225 567 334 648 πάντα,
368 571 437 635 ἐλθέ
466 574 506 647 είς
533 569 584 636 τόν
613 571 702 656 άγρδν
729 571 807 635 δ’που
827 575 979 653 γρουίζεις,
1012 574 1061 634 καί
1081 576 1146 656 περὶ
1168 574 1247 657 ὥραν

78 657 210 736 πέμπτην
240 653 330 734 μέλλω
351 653 574 737 φανισθήσομαί
595 658 671 731 σοιῦ,
703 656 752 720 καί
775 658 857 732 δείξω
878 654 897 716 δ
919 658 967 717 δεῖ
983 674 1014 717 σε
1036 657 1117 717 ίδεῖν.
1155 653 1248 738 Ἠρτό.

78 760 150 819 τησα
171 735 265 818 αὐτὴν
336 762 377 800 ων
404 741 517 819 Κυρία,
548 742 590 812 είς
610 748 696 803 ποῖον
717 738 807 803 τόπον
836 745 888 801 τοῦ
909 735 1018 821 άγροῦς
1043 736 1161 811 Ὅπου,
1192 765 1247 820 φη.

78 825 142 904 σίν,
174 821 277 894 θέλεις.
326 820 505 902 Εξελεξάμην
531 821 622 886 τόπον
650 821 739 886 καλὸν
758 820 1005 902 ἀνακεχωρηκότα.
1050 821 1129 902 ΠρΙν
1148 818 1180 881 δέ
1200 829 1248 882 λα-

78 911 163 984 λῆσαι
193 901 284 984 αὐτην
314 905 363 967 καί
394 906 484 967 εἰπεῖν
513 902 603 969 τόπον
611 906 631 982 ,⁰
658 907 731 989 λέγει
757 930 805 984 μοι
836 903 922 980 Ἥξω
952 905 1013 966 έκεῑ
1038 901 1114 965 ὅπου
1142 903 1247 977 θέλεις.

74 985 236 1071 Ἐγενόμην
255 977 324 1064 οὖν,
347 985 482 1066 ἀδελφοί,
505 990 546 1063 είς
567 986 617 1052 τόν
640 987 749 1073 σἰγρόν,
771 989 818 1051 καί
841 985 996 1067 συνόψισα
1017 984 1070 1061 τάς
1091 984 1177 1066 όίρας,
1198 989 1247 1048 καὶ

77 1063 174 1152 ἦλθον
196 1073 237 1144 είς
257 1067 308 1133 τόν
328 1068 418 1133 τόπον
439 1070 517 1134 ὅπου
538 1070 612 1154 αὐτὴ
634 1072 731 1136 ἐλθεῖν
752 1072 864 1151 έμελλε,
885 1072 935 1134 καί
954 1071 1051 1151 βλέπω
1072 1070 1248 1149 συμψέίλιον

78 1157 209 1234 κείμενον
231 1151 434 1232 ἐλεφάντινον,
463 1156 512 1218 καί
539 1156 587 1218 ἐπί
607 1162 659 1217 τοῦ
679 1156 870 1236 συμψελλίου’
891 1156 982 1218 έκειτο
1005 1152 1188 1235 κερβικάριον
1208 1160 1247 1216 λι-

78 1245 164 1315 νοῦν,
192 1240 241 1301 καί
269 1235 366 1301 ἐπάνω
392 1240 504 1300 λεντίου
534 1238 733 1320 έξηπλωμένον
760 1241 842 1301 λίνον
870 1240 1053 1320 καρπάσιον.8
1090 1234 1172 1300 Ἰδῦν
1194 1229 1249 1301 οῦν

77 1328 167 1385 ταῦτα
187 1324 303 1402 κείμενα
323 1322 373 1384 καί
394 1322 503 1402 μηδένα
524 1319 595 1385 όντα
616 1323 647 1385 ἐν
669 1330 708 1408 τῷ
729 1321 828 1406 τόπῳ,
858 1321 1007 1402 ἐκθαμβος
1027 1318 1175 1403 ἐγενόμην,
1197 1322 1245 1384 καί

79 1402 147 1469 ωσεί
166 1402 270 1487 τρόμος
293 1430 327 1485 με
350 1405 450 1485 ἔλαβε,
480 1405 529 1468 καί
550 1407 584 1467 αί
602 1407 693 1486 τρίχες
713 1431 770 1486 μου
792 1403 900 1487 ὀρθαί·
927 1405 977 1467 καί
998 1401 1065 1466 τόσεί
1086 1407 1176 1485 φρίκη
1198 1429 1248 1484 μοι

77 1496 244 1571 προσῆλθε,
276 1487 370 1569 μόνου
403 1513 460 1567 μου
489 1485 582 1562 ὄντος.
621 1487 675 1548 Ἐν
702 1489 816 1571 ἐμαυτῷ
849 1475 904 1549 οὖν
928 1484 1082 1569 γενόμενος
1107 1486 1157 1548 καί
1178 1512 1247 1567 μνη-

79 1573 163 1645 σθεΙς
184 1579 235 1652 της
256 1570 344 1650 δόξης
365 1578 417 1632 τοῦ
439 1577 514 1634 θεοῦ
535 1571 585 1634 καὶ
605 1567 702 1650 λαβών
723 1571 852 1652 θάρσος,
874 1569 941 1647 θείς
961 1568 996 1632 τά
1014 1567 1121 1652 γόνατα
1143 1569 1247 1650 ἐξωμο-

77 1653 224 1738 λογοόμην
251 1660 290 1738 τῷ
318 1656 409 1737 κυρίῳ
438 1651 490 1727 τάς
516 1650 657 1734 άμαρτίας
687 1678 743 1732 μου
772 1649 811 1726 τίς
832 1651 881 1714 καί
901 1650 1049 1736 πρότερον.
1092 1649 1179 1714 Ἡδὲ
1197 1645 1247 1734 ἦλ-

77 1747 135 1801 θεν
155 1734 224 1817 μετά
245 1739 403 1799 νεανίσκων
424 1735 466 1811 έξ,
496 1735 561 1810 οῦς”
582 1738 630 1799 τιαΙ
652 1734 792 1819 πρότερον
813 1732 966 1817 έωράκειν,
996 1738 1045 1798 καί
1066 1731 1177 1816 ἐστάθη
1198 1762 1248 1816 μοι

77 1823 128 1884 καί
159 1826 338 1902 κατηκροᾶτο
376 1820 607 1900 προσευχομένου
637 1821 687 1882 καί
717 1819 980 1902 ἐξομολογουμένου
1006 1825 1047 1905 τῷ
1077 1821 1168 1905 κυρίῳ
1197 1818 1248 1895 τάς

78 1901 218 1985 άμαριίας
244 1928 309 1983 μου.
354 1903 413 1965 Καί
441 1899 601 1985 άψαμένηό
630 1929 687 1983 μου
715 1903 788 1986 λέγει
814 1899 926 1985 Ἑρμᾶ,
959 1909 1068 1967 παῦσαι
1094 1907 1159 1986 περί
1188 1910 1246 1967 τῶν

79 1984 225 2069 άμαρτιῶν
246 2007 300 2050 σου
320 1983 408 2049 πάλιν
430 1985 552 2069 ἐρωτᾶν·
584 1986 675 2068 ἐρώτα
696 1987 832 2069 καὶπερὶ
853 1984 1056 2070 δικαιοσύνης,
1086 1988 1136 2050 ίνα
1156 1984 1248 2074 λάβῃς

79 2072 163 2153 μέρος
194 2097 220 2133 τι
249 2073 278 2147 ἐξ
300 2068 390 2150 αὐτῆς
410 2067 480 2150 μετά
501 2078 624 2135 σεαυτοῦ
645 2073 687 2144 είς
706 2067 757 2132 τόν
778 2067 861 2134 οίκόν
882 2091 943 2135 σου.
986 2072 1045 2133 Καί
1066 2069 1192 2155 ἐξήγειρέ
1212 2096 1248 2152 με

77 2161 130 2235 τῆς
157 2151 251 2237 χειρός
278 2155 327 2217 καί
349 2151 410 2236 άγει
431 2177 466 2232 με
487 2157 528 2229 είς
548 2152 580 2217 τό
602 2153 796 2234 συμψέλλιον,
825 2153 873 2216 καί
895 2154 968 2237 λέγει
999 2161 1059 2227 τοῖς
1085 2159 1248 2229 νεανίσκοις

77 2235 213 2322 Ὑπάγετε
234 2238 284 2300 καί
304 2238 488 2314 οἰκοδομεῖτε.
533 2235 620 2300 Μετὰ
641 2235 674 2300 τό
695 2234 879 2318 ἀναχωρῆσαι
900 2233 968 2310 τοῦς
988 2238 1173 2314 νεανίσκους,
1195 2237 1247 2313 μό-

78 2346 137 2384 νων
172 2319 258 2424 η’μῦν
291 2317 464 2403 γεγονότων,
501 2320 574 2403 λέγει
609 2345 658 2401 μοι
687 2318 822 2383 Κάθισον
851 2314 916 2383 σΙδε.
968 2319 1054 2401 Λέγω
1088 2316 1161 2406 αῦτη
1189 2325 1246 2381 Κυ-

79 2407 139 2487 ρία,
169 2428 243 2483 αφες
271 2400 340 2478 τοῦς
370 2405 580 2486 πρεσβυτέρους
608 2410 723 2487 πρῶτον
752 2405 882 2467 καθίσαι.
915 2400 956 2464 “A
976 2421 1022 2464 σοι
1043 2401 1130 2484 λέγω,
1164 2405 1245 2480 φσί,

80 2487 214 2552 κάθισον.
253 2485 393 2561 Θέλοντός
415 2511 473 2566 μου
494 2489 535 2561 είς
555 2483 591 2550 τδι
612 2486 691 2563 δεξιά
713 2487 783 2568 μέρη
805 2487 929 2549 καθίσαι
950 2481 1005 2548 οῦκ
1026 2485 1104 2547 είασί
1124 2509 1165 2563 με,
1187 2483 1245 2547 αλλ’

79 2569 188 2635 ἐννεόει
209 2595 258 2651 μοι
279 2577 314 2657 τῇ
335 2570 405 2651 χειρὶ
439 2571 488 2631 ίνα
510 2572 549 2644 είς
569 2567 605 2633 τά
625 2568 758 2652 άριστερά
778 2570 850 2651 μέρη
871 2568 1016 2632 καθίσω.“
1052 2568 1249 2649 Λογιζομένου

80 2679 137 2736 μου
159 2646 214 2718 οὖν
234 2655 284 2717 καί
304 2653 496 2732 λυπουμένου,
521 2653 566 2717 ὅτι
587 2651 641 2717 οῦκ
663 2655 740 2717 είασέ
760 2678 794 2733 με
815 2655 857 2727 είς
876 2650 912 2715 τά
933 2648 1012 2728 δεξιά
1029 2651 1100 2732 μέρη
1116 2654 1247 2730 καθίσαι,

79 2739 151 2821 λέγει
180 2763 229 2819 μοι
256 2743 365 2844 Λυπγῑ,
393 2736 500 2817 Ἑρμᾶ,
541 2735 576 2800 ‘0
604 2740 644 2812 είς
672 2736 708 2799 τά
738 2733 818 2812 δεξιά
846 2733 934 2808 τόπος
963 2733 1056 2798 άλλων
1084 2734 1159 2810 ἐστί,
1189 2737 1247 2798 τῶν

78 2819 137 2903 ἤδη
161 2821 393 2904 είιηρεστηκοτων
414 2826 454 2905 τῷ
476 2826 540 2906 θεῷ
561 2821 611 2884 καὶ
630 2821 792 2884 παθόντων
812 2816 884 2902 όπέρ
907 2825 959 2881 τοῦ
980 2814 1121 2897 ὀνόματος
1144 2815 1247 2881 αὐτοῦ·

80 2906 123 2968 σοί
152 2905 183 2969 δέ
211 2902 304 2969 πολλὰ
330 2907 420 2968 λείπει
447 2904 496 2966 ίνα
526 2902 585 2984 μετ’
620 2901 717 2967 αὐτῶν
743 2906 885 2990 καθίσης·
916 2899 979 2964 ἄλλ’
1004 2898 1044 2974 οἷς
1065 2901 1193 2980 έμμένεις
1212 2907 1248 2988 τῇ

80 2987 235 3069 άπλότητι,
264 2997 380 3070 μεῖνον,
409 2988 460 3050 καί
488 2990 621 3062 καθίσεις
642 2985 704 3067 μετ’
729 2984 825 3050 αὐτῶν
863 2985 913 3047 καί
934 2984 1000 3048 ὅσοι
1023 2981 1059 3046 άν
1080 2984 1249 3067 ἐργάσονται

24 3134 26 3139 .
80 3068 114 3133 τά
138 3073 255 3135 ἐκείνων
274 3074 342 3155 ίργα
363 3072 413 3135 καί
436 3067 632 3155 όπενέγκωσιν
653 3068 672 3133 ά
694 3070 800 3134 ἐκεῖνοι
817 3039 1010 3152 όπένεγκαν.”

165 3254 197 3311 ΙΙ.
239 3245 289 3317 Τί,
320 3246 414 3325 φημί,
443 3240 630 3327 όπένεγκανι;
654 3241 777 3317 Ἄκουε,
805 3244 891 3323 φησί·
919 3240 1071 3325 μάστιγας,
1107 3237 1250 3317 φυλακάς,

83 3329 204 3407 θλίψεις
223 3324 357 3410 μεγάλας,
379 3324 530 3406 σταυροός,
552 3329 655 3407 θηρία,
675 3325 758 3389 ἕνεκα
779 3332 832 3388 τοῦ
853 3323 996 3405 ὀνόματος
1017 3330 1069 3386 τοῦ
1090 3332 1179 3388 θεοῦ·
1202 3319 1251 3385 διά

81 3418 166 3475 τοῦτο
194 3412 311 3475 ἐκείνων
339 3409 398 3471 ἐστί
424 3405 459 3470 τά
481 3406 561 3483 δεξιά
581 3408 652 3488 μέρη
674 3416 726 3472 τοῦ
749 3405 938 3490 άγιάσματος,
968 3407 1016 3469 καί
1038 3404 1072 3478 δς
1092 3403 1144 3467 ἐὰν
1164 3403 1250 3488 πάθη

82 3493 131 3557 διά
160 3501 212 3558 τοῦ
241 3491 384 3574 ὀνόματος
405 3492 457 3555 τοῦ
479 3497 568 3554 θεοῦ
598 3497 656 3553 τῶν
677 3490 708 3553 δέ
729 3497 839 3554 λοιπῶν
859 3489 895 3552 τά
915 3484 1048 3569 άριστερά
1069 3487 1141 3567 μέρη
1164 3486 1249 3548 ἐστίν.

79 3576 166 3640 Ἀλλά
195 3576 382 3660 ἀμφοτέρων,
409 3575 460 3638 καί
487 3581 545 3637 τῶν
571 3574 603 3636 ἐκ
624 3575 727 3649 δεξιῶν
747 3574 797 3637 καὶ
817 3579 875 3635 τῶν
897 3571 953 3647 [ἐξ]
977 3567 1134 3651 άριστεροῖν
1155 3577 1249 3648 καθη-

138 3796 164 3856 2)
184 3810 266 3857 apogr.
301 3792 447 3854 ἐναντίον,
484 3793 650 3858 suprascripto
736 3791 763 3852 8)
787 3790 818 3838 ita
842 3802 941 3850 prorsus
961 3787 1019 3836 Ιιοοο
1038 3787 1062 3835 in
1083 3801 1168 3850 apogr.

83 3859 196 3926 ἐκείνης.
365 3910 367 3914 ,
736 3858 762 3919 ΙΙ)
783 3852 819 3914 έξ,
839 3849 901 3910 οδςε
920 3869 1003 3917 apogr.
1021 3851 1050 3911 ἐξ
1066 3839 1106 3906 οὗ.

134 3931 160 3989 3)
180 3926 230 3986 είςῑ
254 3929 285 3977 ita
304 3944 387 3992 apogr.
738 3924 779 3986 ΙΙΙ)
796 3919 942 3990 άιμαμένηε
978 3936 1061 3983 apogr.
1096 3916 1250 3988 ἁψαμένου.

136 3999 163 4060 Ι)
182 3999 230 4047 τοῦ
242 3997 363 4061 ynam:
382 3997 413 4045 ita
426 3995 568 4057 corrigenda
585 3993 652 4043 vide·
686 3990 751 4039 Ιδοιο
767 4005 813 4053 pro
831 3987 939 4056 ἐρωτᾶν
957 3988 1028 4036 habet
1045 3986 1147 4066 έρωτμῖ.

84 4065 279 4126 Ιιοῑυεοεείγῑυισ
291 4064 439 4126 apographi:
463 4061 513 4123 τὴν
529 4057 653 4128 γνώμην.
741 4057 783 4121 ΙΙ)
801 4057 927 4106 καθίσωε
945 4070 1027 4117 apogr.
1043 4056 1167 4116 καθησω.
1232 4116 1237 4128 .

136 4132 163 4195 5)
180 4131 271 4199 μέλλω
288 4125 508 4199 ηανισθὴσομαί
529 4141 587 4179 σοις
619 4127 652 4175 ita
739 4124 780 4187 12)
800 4120 970 4188 ὑπίνεγκανι
984 4122 1015 4169 ila
1024 4135 1106 4182 apogr.
1120 4121 1168 4199 Νγο
1177 4132 1252 4178 οιτςιε

84 4213 185 4262 prorsus
206 4212 289 4260 apogr.
685 4192 826 4241 mutavimus
837 4189 904 4253 quod
916 4196 969 4236 ειιῑο
982 4187 1061 4246 habet,
1079 4185 1254 4252 ἐργάσονται.

135 4266 161 4326 6)
180 4261 281 4315 τόπονε
308 4263 343 4312 sic
362 4264 452 4327 absque
465 4261 576 4312 articulo.

135 4333 161 4395 ἵ)
181 4331 366 4400 συμψελλίουῑ
385 4345 441 4402 συμ
450 4331 474 4380 in
487 4344 570 4394 apogr.
579 4327 652 4378 omis·
739 4327 796 4391 Cap.
812 4325 839 4373 ΙΙ.
878 4322 902 4382 1)
919 4321 950 4368 ita
974 4334 1056 4368 rursus
1074 4333 1165 4395 ειγοητ.Ι
1187 4316 1254 4394 Ιοίιε

85 4416 136 4450 ενοι
154 4409 213 4448 οισι.
688 4392 774 4458 [δῆσε
793 4392 841 4442 aha
859 4387 927 4445 νοιίε
939 4386 1032 4437 inclusa
1049 4387 1096 4448 ips1
1112 4383 1255 4435 οεΙιΙιεΙιιοσε.

152 4486 244 4536 Ριῐοεε
265 4497 350 4536 ινοετ.
857 4464 1048 4592 ιλ
1086 4549 1090 4557 ¹
