2886 4882
650 270 812 329 lentulus.
1233 274 1312 333 xxm

126 438 250 489 etonem
259 444 348 509 qnam
362 428 409 489 hic
424 438 478 502 ost,
493 429 650 490 editionem
665 438 809 509 exoptent,
830 438 861 489 nt
876 428 947 489 nihil
961 448 1054 511 aspira.
1095 431 1195 513 ltaque
1206 433 1313 495 llhrnm

129 528 219 592 spuere
244 511 330 592 potui
360 511 581 590 diligentissime
601 512 703 591 relegi,
733 520 763 571 et
788 528 853 571 rum
875 514 1082 591 exemplaribus
1103 514 1214 576 Latinis
1240 528 1313 577 cod⁴

130 597 192 669 tuli,
215 604 252 655 ut
272 612 357 655 mese
377 612 425 656 me
443 612 550 674 operae
570 595 645 655 lrsrrd
666 596 824 674 poeriteat.
866 595 939 656 Nam
960 596 1021 656 loca
1035 598 1176 676 quaedam
1195 616 1227 659 ea
1249 601 1311 661 col·

130 680 259 751 latione,
280 688 312 739 et
332 678 496 739 doctissimi
516 678 644 741 hominis
664 678 789 739 consilio
809 678 849 737 ite
865 678 942 755 mihi
965 679 1130 740 restituisse
1146 681 1260 755 rideor,
1280 691 1313 743 ut

130 764 286 823 nerninem
314 760 437 821 arbitrer
468 762 615 822 hominem
644 780 709 822 esse
737 760 861 832 honnnt,
890 761 938 840 qni
961 762 986 821 ei
1009 761 1077 821 rellt
1103 780 1194 843 seqtto
1214 767 1312 827 animo

130 843 1069 988 11111111,6111111111111111
1098 848 1323 990 'wi-ii-

133 1011 257 1072 loannis
278 1010 421 1071 &nonem
443 1009 681 1089 interpretatione
701 1010 787 1070 latins
808 1028 842 1070 ex
864 1010 971 1070 tlodiee
986 944 1184 1071 Bibliithffcrne
1194 1002 1314 1109 ilaspssri

132 1093 330 1174 slipulpryclr
350 1093 529 1155 excudendas
549 1094 658 1154 emerit
678 1093 776 1171 'ligeri
799 1094 895 1159 1559.
918 1094 1039 1173 primus,
1058 1093 1101 1154 nti
1126 1093 1190 1172 ipse
1211 1106 1313 1175 optnth'

135 1177 235 1250 lum,
264 1194 332 1237 curn
353 1177 454 1236 l‘aetei
474 1177 631 1237 editionem
661 1177 815 1255 ignoraret
857 1176 963 1236 Eanum
985 1184 1098 1255 septem
1128 1176 1320 1256 interpolatae,

134 1259 290 1329 dictmtur,
318 1258 445 1341 qninqhe
472 1259 680 1339 supposititiae.
730 1259 867 1319 Eiusdem
898 1260 1079 1319 recensionis
1100 1268 1181 1320 sunt:
1207 1260 1328 1321 ¹Senttti’·

136 1343 287 1423 llertyris·
302 1341 404 1422 ignatii
431 1342 601 1402 Antiochino
622 1341 839 1421 Archiepisropi
863 1342 1008 1421 Epistelnc
1035 1342 1121 1421 (ld)-
1144 1360 1186 1421 gr.
1207 1350 1243 1404 et·
1257 1344 1313 1415 lat,

134 1427 320 1506 hutverpiae,
341 1444 375 1486 ex
396 1425 511 1487 officina
531 1424 738 1503 christophori
754 1424 877 1485 Plautini
896 1427 991 1499 15663
1007 1458 1048 1469 -
1062 1426 1160 1486 Sancti
1181 1424 1315 1505 Martyris

137 1508 250 1587 lgrmtii,
270 1507 442 1570 Antiochiae
461 1508 681 1587 hrchiepiseopi
695 1508 849 1587 Epistolae,
891 1509 973 1569 Nnrte
994 1510 1110 1569 denum
1132 1526 1198 1570 cnm
1214 1510 1315 1571 Letim

136 1593 379 1672 interpretatione
399 1611 415 1651 e
435 1592 554 1670 regione
569 1592 687 1652 Graecis
708 1592 849 1671 apposite,
870 1590 899 1651 in
922 1592 1015 1652 lneem
1030 1592 1131 1663 editoe,
1152 1593 1315 1673 recognitae

136 1686 166 1736 et
194 1676 283 1736 Notis
308 1675 475 1736 illustratae.
525 1674 582 1735 Per
610 1675 821 1735 Martialem
859 1675 1122 1747 llaestraeum,
1158 1676 1315 1737 [tortorem

138 1759 332 1837 Theologum.
373 1757 494 1819 Parisiis
520 1758 612 1830 16083
634 1790 674 1801 -
694 1758 746 1818 Ed.
771 1758 836 1818 lac.
858 1758 1009 1818 Usseril
1028 1776 1070 1837 gr.
1090 1766 1120 1818 et
1139 1756 1188 1819 lat.
1209 1756 1314 1820 tironii

142 1842 230 1903 1641.
273 1841 406 1921 Quinque
419 1840 565 1902 constduit
585 1840 655 1901 Cdd.
668 1842 746 1907 diss,
768 1840 922 1920 dequibus
944 1841 1007 1921 ipse
1028 1841 1058 1901 in
1072 1840 1326 1902 Adnotationihns

139 1944 165 2001 p.
185 1928 217 1985 4.
239 1970 265 1985 .„
287 1924 469 1987 0xonienses
485 1924 560 1985 duee
581 1924 650 1985 hlss.
673 1922 903 2000 (vetustiori-me
924 1924 1101 1997 halincurth,
1123 1925 1314 1986 recentiorem

139 2030 156 2065 e
177 2006 409 2087 llrgdalenensis
430 2007 550 2085 Colli-gii
578 2006 757 2067 Bibliotheca
777 2008 913 2087 petitum)
941 2026 1006 2068 rum
1028 2005 1109 2068 lihris
1139 2008 1227 2069 editis
1244 2007 1315 2068 dilir

139 2100 240 2166 genter
260 2090 380 2151 reutidi.
420 2090 545 2151 Etcum
566 2089 770 2151 intellexissem
791 2091 821 2151 in
835 2090 907 2151 llihl.
930 2091 960 2151 V.
981 2090 1024 2151 (ll.
1036 2092 1186 2151 dlexrtndri
1205 2090 1316 2167 Petenti

140 2174 295 2235 semoris
311 2173 416 2245 Paris,
442 2173 522 2233 Pauli
544 2173 604 2245 lilii,
623 2173 853 2235 vetustissimum
874 2174 1018 2254 excrnplor
1038 2175 1114 2257 eliud
1135 2173 1315 2236 consetrori:

142 2256 276 2337 ‹pricquid
306 2264 337 2317 ct
363 2254 431 2317 illnd
461 2255 638 2325 continebat,
666 2254 864 2318 humanissimi
894 2254 991 2317 Claud.
1021 2256 1143 2318 Strmrii
1166 2256 1326 2319 Senatorio:

143 2339 242 2400 itidem
255 2340 346 2401 Paris.
359 2339 531 2400 heneficium
543 2358 608 2399 sunt
622 2348 766 2400 secutus...
788 2340 860 2400 Huic
873 2347 902 2400 et
913 2348 1038 2400 veterem
1047 2340 1326 2419 lnterptetationemff

143 2420 414 2503 aliam,2hncr1srpro
443 2422 592 2494 ineditam,
617 2430 717 2483 mutire
742 2422 864 2483 drtomm
892 2422 968 2482 hlss.
995 2422 1134 2482 Codicum
1164 2421 1326 2481 cellatione?

143 2506 368 2567 emendatiorem
388 2508 491 2567 lectam
512 2504 653 2566 snhiunri.
1234 2576 1238 2583 ,
1276 2514 1279 2527 ·

207 2588 386 2651 isaacus?
407 2587 567 2650 Vossius
596 2608 630 2649 ex
652 2587 759 2649 Codice
788 2586 916 2648 hledieeo
939 2588 957 2647 7
978 2587 1060 2647 lunt·
1075 2585 1148 2647 lvd
1176 2582 1313 2644 sex·ln·e-·

146 2671 238 2733 rioms
261 2672 363 2752 ignatii
383 2670 529 2752 Epistulas
550 2669 600 2745 (nd
621 2672 811 2750 Smyrnaeus.
837 2671 1042 2751 Polycarpum,
1065 2668 1225 2750 Ephesios,
1254 2667 1317 2728 111·

147 2756 275 2831 artreios,
304 2754 551 2835 Philadelphieos,
576 2754 747 2831 Trallcsios)
769 2755 882 2835 primus
903 2758 1004 2834 grecor
1026 2752 1116 2815 edidit
1136 2768 1201 2813 cnm
1224 2753 1316 2813 inter·

146 2838 306 2915 pretatione
332 2848 429 2901 vetere
460 2838 547 2899 latina
578 2855 653 2899 novo
681 2838 768 2897 textui
798 2838 1003 2919 respondenti,
1035 2854 1121 2917 qttam
1153 2834 1316 2919 lacobus

147 2919 339 2995 tisserius,
373 2921 616 3001 hruhicpisropus
651 2922 849 2981 Amnachanns
879 2942 895 2982 e
929 2921 1042 2983 duohns
1076 2921 1144 2981 hies.
1164 2936 1201 2979 ’1.
1235 2919 1316 2979 1644

147 3004 249 3065 Osortii
274 3004 478 3084 pohlimrertt·
515 3003 673 3084 Epistolenr
694 3004 730 3064 nd
750 3005 911 3078 llomanos,
941 3022 1014 3084 (pirae
1034 3004 1064 3064 in
1085 3016 1189 3084 gmeco
1210 3001 1327 3089 Codice,

148 3086 252 3159 deerat,
272 3088 392 3149 Vossius
419 3108 454 3149 ex
474 3086 584 3149 Usscrii
605 3094 701 3147 retere
729 3087 815 3148 letina
836 3087 969 3149 versione
989 3095 1017 3147 ot
1038 3080 1189 3167 prolixiori
1216 3094 1326 3166 graeca*

149 3170 318 3232 recensione
337 3171 453 3251 ingenio
473 3172 546 3232 duce
570 3168 724 3230 restituere
751 3170 885 3243 tentant,
913 3180 942 3231 et
961 3188 987 3230 a.
1013 3171 1091 3231 1616
1110 3166 1316 3231 hrirsteledami

150 3252 252 3314 edidit:
281 3254 446 3335 „Epistolne
475 3252 615 3331 genuinae
643 3252 671 3313 S.
695 3254 795 3331 lgmtii
819 3254 968 3331 Martyris,
997 3270 1069 3333 quae
1090 3270 1168 3313 rrnnc
1189 3251 1322 3332 primum·

150 3336 246 3397 luceru·
262 3334 361 3398 rident
382 3356 416 3398 er
436 3334 609 3397 hihliothera
621 3334 644 3394 F
646 3334 796 3397 terentina.
838 3332 1319 3415 1111111111619111111111116111ι

149 3419 247 3497 qenes
266 3418 351 3499 vulgo
365 3420 614 3481 circmnlcmntnr.
655 3419 699 3480 sd
722 3420 792 3480 haee
806 3416 834 3480 S.
849 3418 995 3480 Barnabae
1008 3419 1145 3498 Epistola.
1185 3416 1320 3489 Accessit

150 3502 291 3563 universis
310 3502 461 3565 translatio
481 3506 590 3563 retns.“
630 3502 761 3581 dmhigo,
781 3503 837 3563 otri
859 3503 949 3582 gloria
969 3500 1120 3563 tribuenda
1133 3501 1186 3571 'sit
1208 3500 1238 3561 in
1256 3500 1317 3561 Go-

149 3584 212 3645 dice
232 3584 363 3647 llodiceo
383 3584 546 3647 hreriorem
567 3583 766 3647 recensionem
788 3586 942 3655 detexisse,
970 3586 1064 3647 hucne
1086 3580 1254 3656 holstenio,
1277 3598 1317 3644 'an

150 3666 245 3728 leuco
275 3668 387 3729 l’ossio.
420 3668 479 3729 'llle
505 3668 612 3749 qttippe
640 3674 707 3728 ante
734 3668 867 3729 Vossinrn
895 3686 958 3729 earn
979 3668 1170 3749 descripsisse
1197 3667 1319 3738 videtur,

148 3756 180 3809 et
199 3749 287 3811 htine
306 3751 401 3813 rosit
442 3750 477 3811 ln
496 3750 675 3812 llihliothece
695 3750 896 3811 llnrhcrr'riiana
917 3750 1254 3832 Romae'eutcgraplhom
1276 3748 1319 3808 ri·

148 3831 217 3894 dere
248 3842 304 3895 est
346 3834 610 3897 Theodericus
635 3833 843 3895 lluinartns
870 3835 986 3896 tandem
1013 3834 1173 3914 Epistolem
1201 3832 1237 3894 ad
1258 3831 1319 3890 llo·

149 3932 252 3977 manos
272 3934 376 3997 graeco
390 3916 498 3979 invenit
517 3918 621 3979 latinae
641 3915 731 3977 reteri
749 3917 875 3978 versioni
896 3919 1128 3999 respondentem,
1147 3916 1227 3978 dctis
1249 3926 1322 3993 qliae

148 3998 278 4060 sincerae
305 4000 441 4063 dicuntur
465 4000 567 4079 ignatii
596 3998 723 4077 llartprii
749 3998 903 4074 insertam,
936 4020 1007 4083 quse
1034 3998 1131 4062 Codex
1162 3998 1236 4059 1451
1270 3992 1328 4053 lli-¹

148 4080 310 4144 hliothecae
335 4084 442 4164 Regiae
469 4082 616 4146 Parisinae
642 4082 736 4163 (prins
766 4084 836 4144 ded.
863 4084 1046 4145 Celhertinus
1076 4082 1150 4161 466)
1183 4076 1320 4149 eontinet,

147 4182 270 4245 eumque
293 4166 372 4229 1689
392 4164 512 4229 Parisiis
533 4166 563 4229 in
583 4166 681 4241 „Actis
702 4164 857 4247 Martyrum
880 4166 1148 4247 sinceris“pri1nus
1170 4159 1268 4222 edidit.

232 4247 320 4310 index
353 4248 512 4311 editionum
544 4248 686 4311 brevioris
719 4250 897 4310 recensionis
934 4257 1025 4310 exstat
1058 4264 1103 4325 ap.
1132 4243 1320 4307 lacobsonum

150 4329 217 4407 (PP.
239 4332 327 4411 App.)
348 4351 377 4412 p.
393 4332 489 4394 cxlx„
529 4334 657 4407 Quarum
678 4333 903 4411 praestantiores
925 4339 1000 4402 sunt,
1022 4346 1094 4409 (ptine
1115 4328 1186 4389 duce
1207 4326 1320 4390 'l'homa

150 4411 275 4475 Smithio
287 4412 407 4491 (tironii
424 4414 527 4493 1709),
542 4423 611 4497 post
626 4433 693 4477 enm
706 4414 884 4477 adornarunt
897 4414 919 4473 l.
933 4415 965 4474 h.
978 4414 1051 4489 lies
1062 4408 1203 4489 (Basilcne
1218 4410 1317 4490 1741)·
