2886 4882
511 973 934 1066 CLEMENTIS

587 1164 798 1222 uutstout
826 1165 858 1220 ΙΙ.

639 1345 804 1353 -—-—

131 1463 153 1519 Ι.
195 1464 347 1537 llepnifice
370 1468 404 1522 de
427 1464 547 1534 Christo,
571 1469 677 1539 period
697 1468 814 1524 satutem
835 1484 886 1523 nor
913 1468 1038 1528 occavit,
1067 1466 1240 1522 sentiendum
1262 1471 1310 1519 est.

218 1595 336 1668 Fratres,
360 1600 395 1655 ita
418 1601 520 1656 sentire
544 1618 592 1657 vos
614 1609 722 1676 oportet
746 1600 778 1657 de
802 1600 863 1657 lesu
886 1600 1009 1666 Christo,
1039 1607 1165 1670 tanquam
1188 1595 1220 1651 de
1243 1595 1308 1665 beo,

134 1687 261 1752 tauquam
284 1681 317 1737 de
340 1683 429 1739 iudice
453 1685 572 1740 rivorum
595 1693 621 1740 et
643 1692 831 1752 mortuorum3
851 1701 901 1740 nec
923 1683 1065 1740 decetnos
1082 1678 1192 1736 humilia
1206 1678 1308 1735 sentiro

135 1763 169 1818 de
191 1762 277 1820 salute
300 1774 406 1833 nostra,
430 1765 493 1823 duna
514 1768 585 1823 enim
608 1767 746 1823 humiliter
768 1769 899 1824 sentimus
922 1767 956 1823 de
979 1765 1033 1834 illo,
1056 1779 1137 1839 parva
1159 1764 1238 1820 etiam
1257 1778 1307 1819 nos

135 1855 298 1920 recepturos
320 1866 470 1921 speremus.
514 1849 618 1922 Quique
649 1851 819 1924 negligenter
841 1850 909 1907 haee
939 1847 1079 1915 audimus,
1110 1847 1187 1920 quasi
1218 1845 1308 1903 tenuia

136 1929 199 1997 sint,
221 1947 381 2004 peccamus,
405 1933 576 2000 nescientes,
599 1934 670 1990 uude
693 1934 778 1990 vocati
799 1935 883 1990 simus
906 1943 934 1990 et
955 1950 970 1988 a
990 1950 1044 2007 quo
1067 1940 1094 1988 et
1114 1931 1141 1986 in
1164 1947 1243 2003 quem
1270 1929 1308 1986 lo-

136 2013 207 2080 cum,
227 2020 253 2068 el
273 2023 372 2086 quauta
394 2016 554 2071 sustinuerit
576 2017 651 2073 lesus
674 2017 796 2073 Christus
820 2018 872 2091 pati
895 2024 1010 2090 propter
1032 2032 1090 2072 nos.
1121 2013 1203 2082 Quam
1227 2013 1308 2086 igitur

137 2111 187 2150 uos
210 2097 233 2151 ei
257 2095 380 2154 dabimus
399 2100 655 2168 remunerationem,
677 2109 722 2156 aut
744 2117 824 2173 quiem
849 2100 963 2156 trucmm
987 2100 1097 2172 dignum
1112 2114 1216 2160 eurum,
1239 2112 1308 2168 uuae

136 2177 215 2233 uobis
237 2177 296 2253 ipse
318 2180 409 2237 dedit't
439 2182 541 2251 Quanta
563 2199 627 2239 vero
649 2183 673 2240 ei
696 2183 827 2239 debemus
849 2183 1001 2238 benellcial
1032 2181 1096 2235 Nam
1119 2179 1206 2235 lucem
1228 2178 1308 2234 uobis

135 2260 248 2334 largitus
269 2271 327 2331 csl3
349 2272 475 2337 tauquam
497 2274 574 2338 pater
597 2265 667 2322 lilios
692 2283 741 2320 nos
764 2265 921 2339 appellarit,
944 2271 1089 2337 pereuntes
1113 2279 1163 2317 rius
1185 2261 1309 2319 serravit

135 2343 245 2412 Qualem
267 2347 320 2418 ipsi
342 2347 448 2403 laudem
471 2348 630 2416 tribuemus,
653 2356 698 2403 aut
719 2348 893 2412 mercedem,
916 2364 969 2418 «pue
992 2360 1200 2416 compensemus
1239 2359 1308 2414 quae

135 2427 315 2501 accepimus?
344 2432 390 2503 qui
421 2439 511 2488 mente
541 2448 649 2487 eramus
678 2428 797 2496 debiles,
828 2427 974 2482 adorantes
1003 2425 1107 2499 lapides
1141 2432 1168 2477 et
1190 2423 1261 2495 ligna
1282 2433 1310 2480 et

134 2526 231 2566 aurum
259 2518 287 2567 et
308 2522 447 2586 argentum
470 2523 497 2570 et
519 2531 580 2581 ees,
603 2513 743 2569 homiuum
776 2527 875 2583 opera,
903 2518 931 2566 et
960 2518 1015 2565 tota
1045 2507 1097 2562 vita
1126 2513 1219 2560 uestra
1241 2504 1309 2562 nibil

133 2592 209 2650 aliud
237 2600 310 2662 eret,
343 2613 422 2669 quam
454 2614 538 2655 mors.
583 2595 752 2652 Obscuritate
782 2595 864 2667 igitur
894 2591 1069 2658 circumdati,
1101 2597 1128 2644 et
1148 2588 1233 2644 visum
1263 2587 1309 2643 tali

134 2675 252 2749 ealigine
275 2677 385 2751 plenum
407 2680 547 2749 habentes,
571 2679 666 2736 oculos
689 2678 916 2752 recuperavimus,
939 2693 998 2732 eam
1020 2671 1154 2740 nebulam,
1177 2689 1231 2746 qua
1254 2672 1309 2729 cio·

134 2759 276 2832 gebamur,
299 2760 370 2817 illius
391 2764 527 2820 voluntate
552 2763 731 2836 deponentes.
774 2761 838 2816 Nam
861 2761 1005 2818 miseratus
1028 2766 1071 2815 est
1093 2773 1152 2820 nos,
1176 2765 1203 2813 et
1226 2757 1312 2813 nisce·

132 2841 212 2898 ribus
234 2853 387 2901 commotus
411 2846 498 2902 salros
521 2847 602 2916 lecit,
625 2863 685 2902 curn
708 2853 860 2919 spectasset
882 2845 907 2899 in
941 2842 1021 2900 nobis
1050 2840 1162 2897 multum
1185 2855 1309 2895 errorem

132 2933 228 3000 atque
241 2926 393 2997 interitum,
424 2946 475 2985 nec
498 2929 577 2987 ullam
600 2947 650 2986 nos
672 2928 773 2985 habere
797 2946 873 3001 spem
895 2927 999 2993 salutis,
1020 2925 1072 2982 nisi
1095 2940 1161 2990 eam,
1185 2939 1254 2996 quae
1275 2920 1308 2978 ab

130 3010 195 3082 ipso
220 3017 270 3065 est.
314 3010 422 3068 Vocant
442 3014 514 3070 enini
537 3030 595 3081 nos,
618 3013 664 3086 qui
686 3029 740 3068 oon
756 3029 873 3078 ernanus,
895 3020 921 3068 et
935 3009 1018 3066 voluit
1038 3006 1152 3065 enilrilo
1167 3021 1229 3061 esse
1248 3022 1310 3061 nos.

217 3214 249 3271 ll.
294 3217 428 3283 Ecclesia,
447 3222 529 3294 prius
549 3221 660 3285 sterilis,
682 3221 825 3276 vocatione
845 3221 968 3291 pontium
987 3220 1057 3274 mire
1079 3216 1227 3289 foecundo.

219 3366 340 3433 ,Laetare
364 3370 473 3437 sterilis,
495 3387 565 3444 quae
588 3387 642 3424 non
666 3370 755 3442 paris,
782 3386 893 3442 erumpe
916 3377 943 3424 et
964 3368 1057 3434 clama,
1080 3383 1149 3439 quae
1172 3382 1225 3421 nou
1250 3382 1309 3439 par·

133 3448 220 3514 turis,
244 3451 370 3522 quoniam
393 3454 467 3508 multi
487 3453 534 3509 filii
556 3453 689 3518 desertae,
711 3452 796 3525 magis
820 3469 900 3525 quem
920 3453 986 3518 eius,
1009 3467 1078 3523 quae
1102 3449 1184 3505 habet
1204 3445 1309 3505 virum!

133 3530 213 3598 Quod
236 3532 317 3588 dixit:
350 3534 459 3604 ,laetare
482 3537 591 3603 sterilis,
615 3552 683 3608 quae
707 3552 760 3591 non
783 3533 874 3608 paris‚‘
897 3552 948 3590 nos
970 3534 1086 3602 indicat3
1116 3533 1215 3588 sterilis
1238 3532 1310 3588 enim

134 3619 195 3669 erat
216 3614 334 3671 ecelesia
366 3627 474 3685 nostra,
504 3627 647 3691 antequam
676 3618 703 3674 ei
725 3617 778 3673 dati
807 3627 901 3674 essent
929 3617 985 3673 lilii.
1028 3616 1105 3685 Quod
1135 3634 1198 3673 reru
1229 3615 1309 3672 dixit:

135 3694 239 3764 ,clame
259 3715 328 3771 quae
351 3717 405 3757 nou
429 3699 564 3775 parturis,‘
587 3701 639 3759 hoe
661 3701 738 3757 dicit:
762 3718 859 3774 preces
874 3708 982 3756 nostras
998 3700 1076 3775 plane
1092 3700 1125 3756 ad
1140 3701 1222 3756 lleurn
1240 3699 1309 3755 rele-

138 3856 347 3867 .—.----.-.„-—.,

133 3957 252 4072 priapeio,
274 3957 368 4006 lloisius
387 3955 442 4036 {trel
455 3959 480 4007 el
492 3954 577 4010 ἀκοὺο
601 3976 630 4010 εν
650 3962 707 4010 τῶν
792 3960 818 4021 5)
830 3955 1077 4021 “Oeen-:terunciu
1096 3967 1121 4006 ut
1137 3957 1233 4018 saepius
1246 3954 1310 4016 npud

135 4037 189 4088 nep
221 4026 362 4088 Χριστοῦ,
383 4037 480 4090 ωσπερ
489 4027 706 4106 μικρων,,Ἆύί-
740 4026 805 4076 Lxx.
830 4027 856 4076 ll.
893 4027 974 4077 Potius
993 4045 1025 4070 =
1044 4029 1120 4082 iusto,
1149 4025 1238 4085 officio,
1258 4036 1309 4070 mu-

135 4097 207 4138 tonus
224 4091 282 4141 Καὶ
296 4089 375 4160 ἡμεῖς
392 4091 418 4140 ol
429 4090 576 4152 deonerare
590 4109 705 4154 τουτων,
740 4096 795 4157 nio,
822 4097 888 4157 iure,
913 4095 1009 4144 omnino
1035 4093 1060 4142 ld
1090 4090 1155 4156 quod
1172 4086 1310 4138 inviolabile

135 4150 233 4235 ὦσῃερ
250 4161 369 4228 μικρῶν,
388 4157 477 4209 llirrius
496 4162 553 4211 Καὶ
571 4162 597 4211 nt
615 4178 707 4228 παρα·
741 4169 777 4209 est
795 4170 865 4226 atqrre
885 4169 999 4210 sunctum.

134 4239 272 4286 κουοντες,
293 4238 372 4276 (oum
426 4231 519 4296 repnte,
533 4230 599 4279 errius
611 4244 706 4278 sensum
792 4230 819 4288 ot
841 4231 879 4278 rs.
904 4230 959 4288 115,
977 4230 1000 4277 3.

135 4290 214 4369 rprsio
241 4292 313 4342 lutiua
346 4242 432 4343 reddi.
476 4296 545 4347 ante
574 4295 635 4345 coni.
661 4295 707 4345 atiel
792 4298 818 4353 it
836 4295 991 4353 nomttt.
1010 4287 1310 4351 manutenentes.

136 4355 348 4417 ωνᾶκούοντες.
794 4362 850 4426 Cep.
869 4363 896 4411 ll.
939 4362 962 4425 l)
981 4359 1034 4409 lsai.
1054 4360 1093 4419 ot,
1115 4357 1135 4408 l.
1162 4355 1213 4405 Gal.
1233 4357 1312 4418 4,27.
