2886 4882
380 231 578 288 §hbllhll'll
602 233 631 286 S.
653 233 785 289 texant.
815 235 880 291 llll.
904 235 948 291 lh.
969 236 1001 293 Σ.
1216 236 1278 299 3δῖ

99 400 161 473 lpse
182 406 272 452 autem
295 415 356 453 cum
378 408 433 453 tota
456 408 536 454 nocte
557 399 628 471 apud
650 416 681 455 se
702 402 865 472 cogitasset.
893 416 1011 474 quonam
1039 405 1121 459 ruodo
1149 422 1212 461 eum
1234 406 1274 463 ul·

98 483 254 537 cisteretur
280 484 472 554 promeritis.
502 490 529 536 et
555 499 673 553 quionaui
701 484 784 538 uodo
813 485 987 555 epraescnti
1016 485 1068 539 rita
1097 486 1274 557 subduceret,

98 566 192 619 statuit
214 563 288 618 illurn
311 565 376 619 leus
397 563 503 619 tradere
523 565 723 631 decorandum,
745 575 775 620 ut
797 565 941 621 dilaniatus
970 564 1004 621 ab
1034 569 1076 622 eis
1095 567 1213 626 Sanctus
1234 572 1274 629 in·

98 648 203 703 teriret
246 646 325 701 l'isus
346 657 388 702 est
409 648 482 702 enim
495 646 654 720 Imperatori
676 648 721 702 bic
741 649 837 705 mortis
858 648 957 704 modus
978 647 1061 722 longe
1089 654 1275 722 grai-testum.

97 729 164 785 Cum
192 729 264 785 hanc
292 747 350 785 reni
379 748 446 802 ergo
472 729 581 784 Senatui
612 747 689 786 uiane
717 733 960 797 communicasset,
996 733 1048 805 ipsi
1076 747 1186 805 garoque
1214 736 1274 793 eius

96 813 210 886 quidem
231 811 375 868 laudarunt
396 814 574 879 sententiam3
595 814 645 868 sed
667 814 871 881 consrduerunt,
892 831 926 869 ne
948 813 1016 871 haec
1038 813 1133 870 bestiis
1154 815 1273 873 abiectio

98 893 178 951 beret
197 895 372 950 Antiochiae:
403 893 451 959 Νι,
471 894 587 960 aiebant,
610 898 651 951 sic
672 897 757 970 magis
778 897 961 953 desideratum
982 905 1009 952 ct
1030 896 1180 969 ιιΙιιὶιιιιιιι
1199 896 1273 971 apud

96 994 164 1033 suos
185 979 260 1032 eires
282 977 428 1033 reddamus
450 976 590 1049 lgnatium.
611 980 732 1052 martyrii
754 980 881 1035 nimiarum
903 978 956 1035 tine
977 996 993 1035 e
1014 980 1068 1034 rita
1088 980 1274 1037 excedentem.

95 1060 277 1128 Quamobrem
300 1061 426 1115 dicebant
449 1068 578 1132 oportere
599 1077 662 1116 eum
674 1061 786 1118 ltomam
808 1060 908 1117 abduci
929 1062 1055 1129 vinctura,
1077 1070 1106 1118 et
1127 1061 1181 1117 illic
1202 1061 1273 1119 tradi

96 1144 202 1199 bestiis.
232 1140 279 1197 Sic
294 1144 406 1198 enimet
421 1141 573 1215 prolixitate
588 1144 694 1199 itineris
709 1146 817 1217 gravius
832 1143 937 1200 subibit
952 1143 1125 1218 supplicium,
1138 1143 1273 1218 simulque

96 1226 225 1281 ltomanis
257 1228 381 1297 quisnam
404 1227 442 1281 sit
471 1225 659 1298 ignorantibus
692 1227 829 1283 ridebitur
857 1243 920 1284 esse
950 1236 1109 1301 peremptus
1137 1235 1272 1300 tanquan

96 1326 168 1364 unus
190 1326 223 1364 er
245 1308 392 1365 maleficis.
423 1316 450 1363 et
471 1324 504 1363 ne
533 1309 642 1364 minima
674 1309 785 1383 quidem
814 1312 868 1367 erit
896 1318 993 1383 postea
1017 1310 1078 1366 eius
1107 1310 1179 1383 apud
1210 1308 1274 1365 illos

96 1407 238 1448 memoria.

182 1540 225 1596 tx.
267 1542 333 1597 Cum
362 1541 413 1597 boc
443 1557 510 1613 crgo
537 1539 686 1613 placuisset
713 1550 741 1596 ιι
772 1541 798 1595 in
828 1540 917 1614 ipsum
946 1540 998 1595 lata
1027 1539 1125 1596 luisset
1146 1541 1273 1614 protinus

96 1624 248 1690 sententia,
278 1624 428 1697 lmperator
450 1623 522 1678 illum
545 1638 640 1678 rursus
662 1623 823 1695 producite
845 1622 985 1689 custodia,
1012 1622 1066 1678 hoc
1086 1624 1145 1679 eius
1167 1630 1273 1697 postra-

95 1724 170 1763 mum
193 1707 296 1762 taciens
317 1707 476 1780 periculum.
519 1706 550 1760 Ei
577 1707 664 1777 primo
693 1707 803 1779 quidem
830 1705 944 1761 multum
973 1704 1107 1761 bonorum
1129 1704 1273 1778 promissis

96 1788 225 1846 athletam
248 1789 393 1846 deliniebat
414 1806 444 1842 ac
468 1787 655 1855 demulcebat3
678 1788 776 1845 deiude
798 1789 878 1844 etiam
901 1805 998 1844 rursus
1020 1787 1099 1844 minis
1120 1788 1206 1861 inagis
1219 1796 1273 1844 ιιι·

95 1874 191 1929 ritans.
233 1873 378 1945 Postquam
408 1879 496 1927 autem
523 1888 585 1927 eum
608 1872 674 1928 vidit
695 1889 746 1928 nec
768 1871 866 1928 cedere
889 1871 1045 1945 promissis,
1074 1886 1165 1944 neque
1186 1870 1272 1927 ruinas

95 1955 259 2024 formidare,
292 1955 441 2029 desperans
472 1957 583 2010 omnino
612 1954 671 2010 lore
707 1963 736 2011 ut
756 1962 923 2022 mutaretur,
951 1953 985 2010 ad
1016 1951 1139 2010 enectum
1162 1952 1273 2010 deduxit

95 2056 128 2095 ea
164 2054 233 2111 quae
263 2038 422 2094 denunciata
451 2037 566 2094 lucrant.
615 2037 647 2093 Et
676 2055 736 2095 euni
764 2039 890 2094 iussisset
918 2036 1058 2111 prioribus
1092 2037 1216 2109 graviora
1246 2034 1273 2093 ai

96 2122 199 2195 imponi
226 2122 345 2189 vincula,
382 2121 463 2175 tradit
488 2120 595 2176 cohorti
628 2120 738 2177 militari
777 2129 805 2177 et
832 2121 914 2175 mittit
943 2119 1070 2185 Romam,
1092 2118 1274 2192 praecipiens,

96 2221 157 2259 cum
178 2203 331 2259 advenisset
353 2202 457 2257 civibus
487 2203 545 2257 dies
569 2202 653 2257 lestus
676 2202 801 2275 publicae
830 2202 995 2257 celebritatis
1025 2199 1207 2273 ludorumque
1230 2216 1273 2255 so·

95 2282 233 2354 lemnium,
257 2303 317 2341 eum
339 2285 408 2339 tradi
429 2285 525 2340 hestiis
545 2285 579 2338 ad
600 2299 769 2339 communem
790 2283 888 2339 theatri
908 2282 1131 2348 delectationem,
1158 2290 1189 2336 ιιι
1209 2296 1273 2335 eon·

95 2368 235 2425 venientes
257 2369 291 2432 ci,
312 2368 386 2438 qriod
409 2367 474 2420 dixit
495 2366 602 2420 divinus
623 2364 739 2431 Paulus,
763 2367 822 2437 ipse
846 2379 956 2434 ortoque
977 2361 1057 2417 lieret
1077 2361 1273 2436 ,spectaculum

97 2453 209 2518 mundo,
231 2458 257 2505 et
280 2448 396 2522 augelis,
419 2456 445 2502 et
468 2444 639 2502 hominihus!

180 2601 211 2655 x.
254 2598 354 2671 llartpr
376 2614 441 2670 ergo
469 2612 530 2651 eum
550 2593 668 2649 ultimam
691 2591 760 2648 illam
781 2592 933 2664 accepisset
956 2589 1133 2655 sententiani,
1162 2588 1273 2661 deoque

96 2684 218 2740 elamore
240 2699 352 2755 magno,
375 2689 405 2735 ιιι
427 2686 638 2735 consentaneum
660 2685 732 2743 erat,
761 2676 863 2748 egisset
883 2675 998 2747 gratias,
1028 2689 1090 2729 cum
1111 2687 1206 2743 magna
1227 2686 1272 2726 vo·

95 2768 199 2840 luptate
221 2774 248 2820 ιι
275 2765 374 2820 laetitia
397 2762 449 2817 sibi
471 2761 585 2834 imponit
606 2758 720 2815 vincula.
763 2757 796 2815 Et
819 2757 969 2831 lmperator
995 2755 1105 2829 quidem
1134 2752 1274 2827 egreditur

96 2857 192 2905 contra
214 2847 312 2903 Persas
334 2864 394 2901 euru
418 2861 468 2901 suo
490 2843 620 2899 exercitu
661 2841 842 2913 Theopliorus
863 2848 953 2896 ιιιιιιιι
974 2838 1021 2895 ubi
1042 2836 1174 2894 ecelesiae
1196 2834 1274 2908 priua

96 2931 168 2993 bene
191 2938 233 2985 est
252 2937 378 3003 precatus
401 2936 428 2983 et
449 2942 560 3000 gregem
582 2940 660 2980 suum
683 2923 738 2979 beo
760 2922 957 2979 commendavit
979 2938 1039 2978 cum
1062 2918 1198 2986 lacrimis,
1218 2918 1274 2974 vin·

99 3022 160 3070 ctus
182 3012 349 3085 sequebatur
369 3010 477 3066 milites.
521 3008 623 3065 Deinde
651 3007 692 3062 sie
714 3005 863 3062 Seleuciam
893 3020 947 3060 uon
969 3011 1114 3067 cunctans,
1142 3016 1196 3056 non
1218 3000 1274 3055 ani·

98 3114 172 3153 mum
195 3095 378 3168 despondens,
401 3110 455 3148 non
479 3108 508 3147 se
530 3089 631 3164 aliquid
655 3105 735 3163 grave
758 3090 868 3144 omuino
889 3088 945 3161 pati
967 3102 1031 3160 prae
1054 3083 1200 3153 celerans,
1224 3080 1274 3138 aed

99 3177 235 3235 alacribus
264 3178 334 3233 veuit
365 3175 495 3248 pedibus,
526 3181 554 3229 et
582 3170 748 3228 amilitibus
770 3173 797 3227 tn
820 3186 912 3227 narem
937 3169 1088 3226 immittitur
1109 3172 1191 3239 atque
1213 3178 1275 3221 cum

99 3262 140 3317 eia
164 3260 274 3334 appellit
295 3260 445 3331 Smyrnam.
481 3257 528 3311 llic
550 3255 648 3310 salutat
670 3253 848 3327 Polycarpum
870 3254 987 3309 divinum
1010 3248 1171 3325 apostolum,
1193 3262 1275 3320 quem

100 3344 260 3416 Smyruensi
289 3341 443 3415 praefuisse
471 3337 619 3402 eeclesiae,
650 3352 711 3391 cum
740 3334 834 3407 lguatii
857 3335 954 3392 luisset
974 3330 1194 3405 condiscipulus,
1223 3331 1275 3387 iam

100 3427 228 3500 superius
256 3425 371 3480 dirimas
399 3438 430 3477 ac
461 3419 665 3476 declaravimus.
715 3417 782 3473 Eum
810 3435 875 3492 ergo
904 3417 1014 3484 salutat,
1047 3414 1167 3489 glorians
1193 3420 1275 3485 atque

101 3506 224 3583 gaudeus
258 3507 291 3562 de
325 3505 448 3562 vinculis.
498 3502 567 3570 Quid
596 3501 667 3556 eninr
696 3500 721 3557 ei
751 3508 858 3575 poterat
893 3516 956 3554 esse
983 3497 1079 3554 maiori
1106 3500 1275 3563 ornamento,

100 3607 181 3665 quam
204 3589 306 3663 adspici
329 3589 384 3662 pati
408 3603 457 3660 pra
480 3583 603 3649 Domino,
626 3582 673 3657 qui
695 3599 757 3638 eum
778 3583 819 3638 sic
840 3581 990 3637 dilexeratt
1015 3577 1114 3634 belnde
1131 3585 1276 3651 postquam

101 3673 217 3745 reliquis
238 3672 380 3745 Episcopis
403 3679 431 3725 ιι
451 3666 623 3742 Presbyteris
652 3670 680 3720 et
701 3663 839 3721 biaeonis·
857 3661 1022 3720 reddidisset
1050 3659 1178 3717 decentes
1206 3658 1275 3715 salu·

101 3756 217 3811 tationes
247 3752 386 3827 (quoniam
416 3752 491 3808 multi
523 3746 723 3806 concurrebant
752 3765 784 3805 ei
814 3745 937 3804 ecelesiis
960 3744 1040 3802 Asiae
1067 3751 1095 3799 et
1123 3740 1275 3798 civitatibus

103 3865 311 3875 ———--.

153 3916 180 3971 5)
201 3912 387 3965 παντάπασιν
404 3910 430 3959 N.
644 3954 653 3971 ,
754 3907 782 3970 3)
800 3906 833 3956 Ιιι
851 3904 924 3954 AEN
943 3919 966 3967 p.
980 3903 1020 3969 τῷ
1038 3902 1097 3967 θεῷ
1111 3895 1277 3967 παραθέμε-

155 3983 182 4044 6)
198 3979 381 4048 ἐψηφισμένα
398 3977 469 4027 AEN
490 3984 513 4025 ιι
522 3975 557 4024 hl.
570 3990 608 4038 ap.
619 3972 670 4023 Cot.
706 3989 754 4031 νος
771 3972 834 4034 vulg.

153 4047 181 4112 7)
199 4050 232 4097 lta
257 4052 285 4107 t,
314 4055 337 4096 et
354 4046 385 4094 lta
409 4044 504 4094 invento
533 4058 571 4106 ap.
590 4041 672 4091 Peter·
756 4041 783 4105 4)
800 4039 835 4088 hl.
854 4037 1040 4106 σκυθρωπῶν.
1058 4034 1111 4083 Cot.
1219 4093 1224 4105 ⁵

104 4131 229 4169 mannaim:
248 4113 398 4177 ἐνδιιῆναι
419 4113 464 4161 ΕΝ
483 4110 544 4171 vulg.
757 4109 783 4171 5)
802 4107 826 4155 lu
845 4107 864 4156 N
882 4120 951 4155 runnu
970 4120 1019 4153 ιιι.
1031 4098 1069 4159 ὥς
1086 4113 1158 4163 supra
1170 4093 1276 4145 additum

157 4184 183 4242 a)
204 4182 279 4231 lCor.
298 4184 321 4241 l,
334 4184 358 4231 b.
709 4184 762 4224 aute
782 4171 919 4243 ἀνωιέρω.

157 4250 214 4313 Cap.
233 4251 259 4298 ll.
297 4249 320 4312 l)
341 4249 407 4298 Ordo
426 4262 492 4296 racc.
523 4245 546 4292 ln
567 4244 585 4292 Ε
604 4240 676 4293 ἐκεῖ·
761 4242 787 4301 6)
806 4236 1047 4315 ἔδὴλιισεΑΕΝ.ι
1080 4296 1088 4314 ¹

108 4333 158 4383 νην
176 4313 333 4383 ἀπόφασιν.
760 4308 788 4373 t)
808 4300 1015 4377 σιμιηνόμιιιι
1035 4314 1091 4352 arro
1111 4298 1138 4347 Ε.

156 4378 385 4452 attenuaverit.
762 4376 789 4434 8)
808 4371 880 4425 πολὺ
898 4373 928 4423 N.
