2886 4882
267 228 405 296 titulat:
428 228 567 285 Pnsrota.
608 227 706 286 ldBEll
728 227 758 284 11.
802 224 949 281 1111111Λ1ο
970 222 1024 283 Vll.
1045 222 1112 282 1111.
1129 219 1174 295 (Ι)
1242 221 1303 283 468

132 407 160 454 et
190 398 263 452 vives
294 396 350 452 beo
380 403 408 450 et
436 403 465 449 tu
497 402 523 449 et
552 394 709 466 quicunque
739 392 859 448 timuerit
893 390 968 446 illum
999 398 1026 446 et
1052 397 1198 465 praecepta
1229 390 1303 449 illi·

129 479 298 537 custodierit
341 477 405 533 llam
428 486 455 532 ct
479 477 567 532 omnis
589 492 681 531 rerum
705 482 799 530 natura
821 475 904 529 lleum
927 464 1023 529 timet'
1066 473 1098 528 lli
1124 490 1191 547 ergo
1213 474 1304 531 virent

131 566 359 638 inperpetuum,
383 561 430 632 qui
452 561 546 615 timent
578 558 666 625 illum,
693 565 721 612 et
748 564 892 630 praecepta
924 555 995 611 illius
1025 556 1229 612 custodiverint.
1271 555 1305 615 lli

130 655 229 713 autem,
251 645 297 717 qui
322 638 405 713 [uon]
430 643 526 697 timent
547 642 639 709 Deum,
661 648 689 696 et
710 648 853 713 praecepta
877 637 948 695 illius
970 639 1125 712 negligunt,
1147 655 1201 695 non
1224 647 1305 697 crunt

130 732 157 786 in
178 718 254 784 uita.³

542 835 705 908 [urrunnun
730 833 882 906 cernuum]

214 954 251 1028 (n)
274 956 365 1012 Omnis
387 955 469 1028 igitur
497 964 619 1011 creatura
640 956 703 1023 llci,
725 953 834 1010 dicebat
861 954 937 1022 mibi,
968 951 1066 1027 duplex
1097 963 1153 1021 cst;
1184 972 1244 1011 nam
1277 964 1305 1012 et

132 1044 218 1098 omnis
241 1040 404 1096 abstinentia
425 1037 523 1111 duplex
546 1046 596 1094 est
639 1038 667 1093 ln
690 1036 852 1110 quibusdam
874 1045 961 1093 autem
975 1034 1136 1093 abstinentia
1149 1038 1305 1094 necessaria

133 1136 181 1194 est,
206 1132 232 1180 et
255 1125 281 1178 in
306 1120 465 1195 quibusdam
489 1120 618 1177 abstineri
642 1137 696 1176 non
721 1118 811 1178 debet.
855 1119 886 1175 Et
899 1120 951 1174 dixi
974 1118 1029 1174 illi:
1052 1120 1209 1176 demonstra
1231 1120 1305 1190 mibi,

134 1208 252 1273 domine,
275 1223 290 1260 a
312 1196 378 1278 quo¹
400 1204 537 1259 abstinere
561 1203 682 1269 debeam,
705 1211 732 1258 et
753 1220 767 1257 a
792 1218 846 1276 spuo
870 1218 924 1257 non
954 1201 1090 1259 abstinere
1112 1202 1232 1259 debeam.
1273 1202 1306 1261 111

135 1291 199 1346 dixit
221 1288 302 1344 anibi:
324 1304 338 1341 a
357 1286 428 1341 malo
452 1285 566 1351 abstine,
590 1294 617 1341 et
638 1303 653 1340 a
676 1285 747 1340 bonu
770 1284 825 1339 noli
848 1282 994 1342 abstinere.
1037 1285 1103 1341 Nam
1122 1286 1260 1360 quomodo
1281 1286 1307 1343 si

134 1373 244 1428 abono
267 1378 327 1426 actu
348 1378 373 1424 te
396 1368 569 1436 abstinueris,
593 1367 721 1424 delictum
749 1358 892 1434 admittis,²
920 1368 960 1424 sic
989 1386 1050 1426 cum
1080 1369 1192 1426 amalis
1223 1368 1306 1427 rebus

134 1454 305 1520 abstinueris,
328 1451 455 1508 iustitiam
477 1468 600 1524 magnam
625 1451 763 1523 operaris,
786 1456 812 1504 et
833 1450 945 1522 gratiam
964 1452 1152 1526 consequeris.
1194 1451 1305 1511 Abstine

134 1555 198 1611 ergo
221 1535 254 1592 ab
273 1535 345 1591 omui
367 1534 447 1602 malo,
469 1542 496 1590 et
517 1534 545 1589 id
569 1533 643 1606 quod
664 1532 765 1588 bouum
780 1539 821 1587 est
842 1549 899 1605 age.
941 1533 974 1589 Et
987 1535 1039 1590 dixi
1052 1533 1105 1592 illi:
1129 1533 1225 1607 quales
1243 1542 1308 1593 sunt

134 1621 241 1677 domine
265 1617 404 1691 nequitiae
416 1616 493 1681 istac,
508 1634 523 1671 a
540 1616 640 1691 quibus
654 1632 696 1671 me
710 1615 846 1671 abstinere
859 1614 966 1672 tabeat
987 1617 1065 1682 Audi,
1076 1617 1177 1691 inquit:
1199 1617 1306 1677 abstine

134 1702 167 1760 ab
190 1700 333 1767 adulterio,
356 1698 389 1754 ab
409 1699 549 1767 ebrietate,
570 1699 604 1756 ab
625 1698 763 1765 iniustitia,
787 1717 801 1754 a
822 1697 922 1755 delitiis
953 1699 1078 1774 plurimis
1101 1708 1129 1756 ct
1149 1701 1305 1771 luxuriosis,

133 1796 161 1842 et
183 1781 452 1840 commessationibus
475 1782 579 1850 multis,
607 1780 837 1856 praeabundantia
859 1798 974 1852 census,
1003 1801 1017 1839 a
1040 1800 1207 1858 supervacua
1229 1782 1302 1841 exul·

138 1868 239 1923 tatione
262 1874 288 1922 ct
307 1882 322 1919 a
344 1865 509 1922 conscientia
538 1865 621 1933 mala,
650 1883 665 1921 a
694 1863 828 1938 proluntla
856 1858 1000 1939 sapientia³
1028 1875 1057 1924 et
1084 1885 1099 1922 a
1127 1868 1307 1941 persuasione

136 1948 290 2024 superbiae,
312 1966 327 2003 a
348 1947 490 2005 mendacio
512 1955 540 2004 et
561 1965 576 2002 a
598 1947 775 2015 detractione,
798 1947 831 2002 ab
851 1947 991 2022 hypocrisi
1004 1959 1030 2006 et
1042 1949 1074 2006 ab
1091 1951 1164 2005 omui
1176 1949 1308 2006 memoria

135 2033 258 2096 malitiae,
281 2031 328 2089 sed
357 2039 384 2087 ct
412 2031 444 2088 ab
479 2031 551 2086 omni
582 2029 757 2105 blasphemia.
802 2030 837 2085 tte
872 2030 999 2089 iulatione
1027 2041 1116 2089 autem
1147 2033 1306 2090 iniuriarum

136 2133 240 2172 memor
261 2133 322 2172 csse
346 2114 408 2183 noli,
431 2114 649 2170 maledictionem
670 2129 703 2169 ne
727 2113 856 2170 senseris.
900 2114 955 2172 llae
977 2126 1066 2171 autem
1090 2115 1173 2171 malae
1197 2107 1309 2190 operae⁴

137 2201 162 2254 in
185 2199 236 2253 vita
258 2199 397 2254 bominum
429 2197 578 2269 nequiores
608 2196 726 2252 omnium
757 2205 827 2252 sunt
870 2196 908 2252 Ab
940 2198 982 2254 lris
1012 2214 1078 2270 ergo
1111 2198 1247 2255 abstinere
1278 2214 1308 2255 se

136 2282 215 2337 debet
237 2298 331 2337 servus
354 2279 410 2347 ttet,
434 2280 561 2351 quoniam
585 2279 631 2351 qui
653 2278 759 2335 abillis
782 2295 836 2334 non
859 2277 1035 2347 abstinuerit,
1065 2279 1153 2336 virere
1176 2281 1232 2336 Deo
1253 2295 1309 2336 nou

136 2365 245 2437 poterit
286 2364 364 2430 dudi,
388 2363 483 2433 inquit,
507 2370 535 2417 et
555 2362 705 2434 sequentia.
749 2362 820 2429 Quae
844 2369 915 2430 suut,
938 2363 1056 2435 inquam,
1074 2362 1163 2418 adbuc
1178 2362 1308 2417 dominat

138 2446 169 2502 m
191 2446 256 2501 dixit
276 2445 359 2500 milri:
382 2443 472 2499 adbuc
499 2444 550 2500 alia
583 2445 665 2500 multa
694 2452 765 2511 sunt,
797 2462 812 2500 a
843 2443 941 2516 quibus
974 2443 1101 2502 omuibus
1133 2461 1228 2501 servus
1260 2443 1309 2502 bei

136 2528 273 2584 abstinere
296 2526 408 2583 debeat:
432 2543 465 2581 ne
488 2526 589 2583 lurtum
612 2527 699 2595 iaciat,
724 2544 757 2583 ne
781 2527 909 2599 abneget,
932 2544 965 2583 ne
996 2527 1181 2582 testimonium
1209 2525 1308 2583 salsum

137 2612 217 2677 dicat,
240 2626 274 2666 ne
295 2609 414 2666 alienum
437 2610 621 2683 concupiscat,
644 2628 678 2667 ne
700 2627 744 2666 res
760 2618 853 2684 turpes
876 2611 988 2678 adamat,
1011 2626 1045 2667 ne
1068 2608 1308 2679 illudatbominos,

137 2711 170 2750 ne
194 2694 248 2749 sint
266 2692 381 2766 gloriosi
402 2708 436 2749 ne
458 2693 513 2748 sint
533 2694 661 2767 superbi,
683 2701 710 2749 et
733 2710 801 2767 quae
833 2709 894 2749 cum
922 2693 965 2749 bis
997 2692 1093 2750 similia
1121 2701 1193 2749 sunt
1236 2689 1310 2750 llaec

137 2793 192 2833 nen
215 2784 294 2850 putas
316 2775 384 2832 mala
406 2777 487 2832 esset
510 2776 605 2850 inquit
646 2776 678 2831 m
699 2777 736 2832 ait
756 2777 835 2832 mibi:
864 2778 978 2835 maxime
1007 2778 1099 2851 iniqua
1125 2776 1192 2832 baec
1222 2775 1309 2833 serris

136 2882 308 2966 κατνχήσεως,
328 2880 578 2965 κίψηλοφροστίνης
598 2884 648 2946 καί
668 2882 878 2966 ὑπερηφανίας,
899 2885 950 2949 καί
969 2882 1107 2965 ψεύδους,
1129 2882 1178 2947 καί
1190 2888 1310 2948 muiu-

136 2975 209 3045 λτᾶς,
231 2970 280 3031 καί
300 2966 490 3046 ὑποκρίσεως,
511 2969 562 3030 καί
574 2971 775 3049 μνησικακίας,
797 2969 846 3031 καί
860 2966 956 3049 πάσης
973 2969 1165 3074 βίασφηρίας.
1212 2972 1312 3032 Ταῦτα

136 3050 171 3114 τὰ
192 3053 260 3134 ἔργα
280 3050 394 3132 πονηροί
414 3053 473 3114 ἐστι
495 3058 531 3138 τῇ
552 3057 610 3139 ζωῇ
630 3058 688 3116 τῶν
707 3049 882 3136 ἀνθρώπων.
931 3050 1048 3115 Τούτων
1069 3075 1125 3115 ουν
1144 3056 1203 3115 τῶν
1221 3051 1312 3136 ἔργον

141 3138 188 3197 dei
206 3133 430 3217 ίγκρατεύεσθαι
456 3132 508 3198 τὸν
529 3137 637 3198 δοῦλον
663 3142 716 3199 τοῦ
743 3140 828 3201 Θεοῦ.
871 3132 905 3199 ‘0
925 3133 979 3220 γὰρ
1011 3133 1050 3217 μὴ
1072 3131 1312 3220 ἐγκρατευόμενος

137 3215 249 3281 τούτων
270 3214 306 3280 οὗ
328 3217 448 3281 δύναται
471 3224 555 3298 ζῆσαι
573 3225 613 3323 api
636 3221 709 3306 Θεῷ.
745 3216 854 3284 ”Aeone
870 3220 901 3283 dl
914 3216 1009 3284 καὶτὰ
1025 3218 1179 3284 ἇκόλονθα
1190 3215 1310 3286 τούτων.

139 3342 177 3352 -
200 3302 259 3386 Καί
278 3301 370 3364 πολλά
390 3304 469 3378 εἰσιν,
492 3299 548 3380 ἀφ’
574 3326 616 3365 ων
637 3303 684 3365 δεῖ
701 3298 752 3365 τὸν
773 3306 880 3368 δοῦλον
899 3311 951 3368 τοῦ
972 3307 1049 3368 Θεοῦ
1070 3304 1084 3367 ί
1102 3301 1309 3387 τερατεύεσθαι.

138 3383 240 3466 κλοπὴ,
262 3388 383 3464 ψεῦδος,
405 3382 602 3466 ιἰττοστέρησις,
624 3387 879 3470 ψευδομαρτυρίαι,
900 3390 1056 3466 πλεονεξία,
1081 3391 1239 3464 nictantia,
1261 3386 1312 3453 καί

137 3466 192 3531 ὅσα
211 3466 324 3544 τούτοις
343 3468 438 3551 ὅμοια.
482 3469 524 3529 Et
543 3461 598 3531 οὖν
625 3470 708 3531 δοκεῖ
734 3489 781 3533 σοι
809 3469 924 3555 πονηρὰ
951 3465 1026 3534 elenu
1053 3476 1160 3548 ταῦτα,·
1189 3508 1229 3520 -
1251 3470 1313 3536 Καί

194 3640 220 3697 9)
240 3642 300 3687 enim
320 3654 365 3688 otu.
380 3638 439 3696 vat,
457 3639 497 3701 qui
517 3638 621 3687 annectit
638 3653 708 3701 opero
796 3639 824 3702 3)
842 3642 913 3688 nitent
932 3638 982 3686 l’al.

140 3706 243 3752 amaricat
262 3707 420 3767 iniquitatum.
440 3705 560 3754 llnluerim
568 3706 629 3755 llaec
648 3709 709 3754 enim

143 3774 221 3820 cureio
242 3776 296 3818 sarit
317 3786 389 3832 opero
406 3773 563 3834 iniquitatum.

193 3838 234 3899 ld)
253 3839 277 3885 in
296 3839 333 3886 bis
353 3851 376 3898 p.
395 3839 424 3884 ab
443 3839 474 3885 iia
491 3836 541 3887 Vnt

797 3730 872 3778 bland.
893 3729 951 3777 Vlll.
990 3726 1015 3785 11
1035 3731 1092 3794 quid
1110 3745 1134 3793 p.
1155 3746 1238 3795 οροο,
1257 3729 1311 3780 teto

744 3813 757 3842 c
778 3798 835 3859 qnid
856 3812 880 3858 p.
899 3813 912 3844 ο
932 3811 977 3860 qao
997 3796 1046 3846 rat.

798 3863 825 3915 21
844 3865 933 3911 omittis
943 3862 1000 3923 rat,
1012 3865 1068 3914 item
1074 3881 1159 3927 mopso
1166 3880 1189 3926 p.
1196 3877 1310 3924 maenam.

1088 3931 1234 3981 Αείίοοῑίνιιεο
1255 3945 1311 3993 pro·

744 3997 832 4056 [andos
842 3996 864 4044 h.
879 3995 894 4043 l.
903 3997 966 4045 idem
986 4006 1022 4047 est
1040 4014 1068 4047 ec
1080 4001 1215 4057 immeritos,
1227 3999 1311 4047 tm

684 4107 687 4115 .
746 4065 811 4112 dicam
831 4071 857 4112 ut
876 4063 951 4113 babes
968 4064 994 4114 in
1012 4066 1102 4115 Salust.
1119 4064 1188 4128 epist.
1206 4062 1311 4114 llitbrid.

746 4130 776 4178 ad
795 4131 875 4178 Arsam
896 4130 982 4195 Cupido
999 4133 1116 4196 prolatando
1134 4133 1258 4194 inrperis'et
1272 4131 1311 4180 di·

745 4198 872 4256 m'tiorurn,¹
892 4198 929 4247 rel
949 4214 1057 4256 οτοοκκτ,
1076 4200 1178 4260 innotus,
1196 4211 1244 4260 qno
1262 4196 1311 4246 atl-

193 4262 221 4322 2)
238 4264 313 4313 omisi
337 4279 404 4313 voce.
432 4263 474 4313 sed
498 4268 622 4325 praecepto
644 4263 710 4310 illios
747 4271 785 4312 tur
802 4265 900 4322 Quintil.
925 4264 1025 4314 declam.
1043 4263 1084 4323 tv,
1106 4265 1142 4313 l'l.
1178 4264 1269 4315 Secreto
1285 4271 1309 4314 et

141 4344 188 4377 κον
204 4332 322 4390 custodit,
350 4346 411 4394 qnae
436 4330 460 4378 in
480 4329 529 4378 Pal.
552 4335 710 4392 praepostere
745 4333 864 4392 protom
884 4347 923 4381 ers
941 4332 956 4379 i.
976 4347 996 4381 e.
1015 4330 1147 4390 divinandi,
1165 4328 1309 4383 bariolstttll.

142 4403 272 4446 occurrunt
291 4404 350 4459 pun
365 4399 436 4446 tenua
797 4398 825 4459 4)
844 4399 901 4448 boso
918 4403 994 4448 uuna
1010 4397 1072 4447 nab
1091 4412 1157 4463 apere
1174 4397 1226 4448 eet

193 3907 233 3967 ll)
253 3903 366 3953 SlCtlsslll
389 3904 484 3952 131νᾶ1.
513 3905 581 3969 Apud
601 3905 653 3956 Cot.
683 3907 709 3954 El
797 3927 825 3990 3)
846 3931 980 3992 sapientiae
1003 3931 1044 3981 Μ

141 3974 231 4036 quidem
250 3974 323 4021 nralto
343 3977 396 4019 sant
414 3972 501 4031 adbuc,
529 3976 646 4038 aquibus
667 3974 708 4021 ob·
1047 3969 1053 3980 '

140 4041 224 4088 stinere
245 4041 311 4088 debet
329 4054 409 4088 seruos
427 4039 478 4087 bet.

192 4107 233 4165 tat
253 4108 390 4169 aaeputione
401 4120 448 4156 scr.
458 4106 518 4167 tat,
532 4108 626 4155 tumbis
636 4120 660 4169 p.
669 4107 710 4154 irs.

194 4172 234 4235 1³)
253 4190 304 4223 ease
324 4176 386 4223 κνοίο
404 4174 454 4223 vat.
