2886 4882
266 245 404 304 uenatu
440 246 580 305 aaaron.
624 245 722 304 ttuutt
743 247 786 304 111.
829 245 963 306 8111111.
983 248 1030 308 an
1046 246 1089 322 (Ι)
1201 250 1261 315 527

87 404 157 469 erat⁴
184 413 244 469 sine
273 412 384 483 herbis3
412 413 509 468 tertius
539 413 624 487 spinis
653 411 815 486 tribulisque
843 413 950 487 plenus.
996 414 1116 482 Quartus
1145 417 1262 477 habebat

87 495 186 552 herbas
209 497 384 563 cantandas,
409 512 523 568 quarum
546 497 673 570 superior
701 512 767 570 pars
796 504 856 552 erat
882 496 991 565 viridis,
1021 501 1142 570 proxima
1169 511 1260 576 autern¹

86 595 149 653 pars
172 596 187 633 a
208 578 346 635 radicibus
368 580 453 645 sicca3
482 579 612 651 quaedam
641 594 707 635 vcro
731 577 814 634 herba
837 579 961 636 eiusdem
988 582 1104 650 montis,
1132 600 1194 640 eum
1218 582 1261 643 sol

87 661 256 729 incaluisset,
278 662 377 717 virides
400 660 509 717 fiebant.
551 661 665 729 Qraintus
688 678 767 718 mous
790 677 872 735 asper
892 669 960 730 erat,
982 662 1030 720 sed
1045 664 1144 720 virides
1161 665 1260 724 herbas

87 743 212 800 habehat.
256 744 354 800 Sextus
377 753 466 800 autem
488 752 650 800 monstotus
665 745 796 800 scissuris
811 752 870 800 erat
891 744 999 819 plenus,
1024 746 1186 817 quibusdam
1207 749 1260 806 exi·

86 828 155 899 guis,
177 827 338 899 quibusdam
366 842 431 882 vero
461 826 589 882 scissuris
617 827 776 883 maioribus.
818 826 872 883 Sed
902 828 1040 884 scissurae
1070 828 1130 885 illae
1161 829 1259 895 herbas

87 908 230 977 habehant,
252 925 307 965 noa
322 909 397 966 valde
412 909 522 981 quidcru
544 909 643 979 laetas3
665 910 751 982 magis
764 909 837 964 enim
850 909 921 966 velut
935 911 1071 967 marcidae
1092 911 1259 971 videbantur.

86 992 223 1064 Septimus
245 1009 309 1048 aero
333 1008 410 1046 mans
432 991 533 1047 hilares
562 991 662 1046 herbas
684 991 814 1060 habebat,
842 1001 971 1065 totusque
1001 1001 1061 1050 erat
1086 993 1201 1062 fertilis,
1230 1003 1259 1051 ot

87 1090 167 1130 oruue
189 1066 287 1147 genus*
307 1074 441 1148 pecudum
463 1074 658 1146 volucrumque
672 1073 853 1130 vescebantur
874 1075 900 1130 in
916 1075 1012 1131 eoilern
1027 1085 1128 1132 monte.
1171 1076 1258 1145 Quen·

88 1165 169 1228 toque
191 1156 372 1213 vescebantur
392 1155 453 1212 illae
476 1157 601 1212 volucres
623 1156 663 1210 rel
685 1172 801 1229 pecora,
824 1164 897 1212 tamo
929 1157 1028 1215 herbae
1051 1161 1150 1216 montis
1172 1161 1259 1233 ipsius

87 1239 214 1294 laetiores
237 1237 423 1295 crescebant·
449 1239 565 1295 Octavam
594 1255 705 1312 quoque
727 1255 806 1294 anons
830 1238 950 1295 secribus
972 1241 1068 1314 plenus
1090 1252 1159 1311 erat,
1178 1251 1207 1299 et
1227 1259 1258 1301 et

87 1322 129 1376 lais
153 1321 273 1378 lontibus
295 1321 500 1394 adaquabantur
522 1337 602 1377 ornne
622 1336 710 1394 genus
733 1319 838 1377 lloruini
870 1331 1019 1381 creaturae.
1061 1324 1156 1382 Nouus
1178 1339 1257 1393 maur

86 1404 184 1460 nullom
207 1405 317 1461 omnino
339 1421 436 1478 aquam
460 1404 596 1472 habebat,
624 1412 754 1476 totusque
783 1410 843 1460 erat
874 1405 1036 1475 destitutus,
1055 1414 1082 1463 et
1103 1409 1257 1473 mortiferas

86 1495 230 1560 serpentes
242 1486 358 1543 habehat
372 1473 535 1543 hominihus
543 1485 670 1543 omnihus
687 1478 873 1560 pernitiosas.⁰
913 1486 1039 1545 Decimus
1049 1505 1129 1545 mons
1141 1490 1258 1549 hahebat

87 1571 215 1625 maximas
238 1570 361 1637 arbores,
383 1586 540 1643 specusque
563 1578 622 1626 erat
643 1577 726 1636 totus,
749 1577 777 1623 et
798 1569 849 1624 suh
870 1569 964 1626 umbra
981 1570 1110 1629 arborum
1124 1563 1256 1646 pecudes*

87 1652 211 1707 iacebant
233 1652 440 1724 requiescentes
463 1661 490 1708 et
510 1654 683 1726 remigantes
726 1648 888 1707 Undecimus
905 1669 984 1710 mons
998 1654 1092 1711 densis
1112 1653 1256 1722 arboribus

87 1728 238 1806 [repletus]
262 1742 329 1802 erat,
353 1733 521 1808 arboresque
543 1734 603 1793 illae
625 1736 684 1791 aliis
706 1741 787 1806 atque
809 1733 868 1790 aliis
889 1744 1001 1794 ornatae
1023 1744 1101 1793 eraut
1114 1737 1257 1808 fructibus,

87 1817 121 1870 ita
143 1824 173 1871 ut
196 1817 352 1889 quicunque
374 1818 500 1886 vidisset,
521 1818 730 1892 concupisceret
756 1816 919 1875 manducare
942 1819 976 1875 de
998 1819 1133 1876 fructibus
1155 1837 1257 1878 aaron.

87 1897 269 1955 birodecimus
290 1916 355 1956 uero
377 1917 456 1957 moos
477 1909 550 1957 totus
573 1901 703 1958 candidus
724 1908 784 1955 erat
801 1907 980 1974 etaspeotum
993 1895 1117 1960 hilaretu⁰
1131 1903 1256 1972 habebat

87 1981 193 2056 sibique
215 1998 293 2039 mons
316 1984 360 2040 ille
380 2000 513 2041 summum
535 1983 687 2057 praebebat
708 1981 846 2040 decorem.

169 2144 206 2218 (a)
225 2148 255 2204 ll.
299 2142 364 2205 laru¹
386 2151 412 2205 in
436 2149 524 2205 medio
545 2165 641 2222 campo
670 2148 791 2204 ostendit
817 2149 881 2205 mihi
912 2159 1016 2222 petram
1044 2168 1167 2225 maguam
1194 2170 1258 2210 aaa·

86 2230 184 2298 didam,
201 2247 271 2304 quae
288 2231 320 2286 de
335 2232 395 2303 ipso
408 2239 596 2286 exsurrexerat
609 2245 714 2301 eampo.
757 2229 849 2302 anue
863 2239 940 2302 petra
952 2231 1032 2287 altior
1049 2233 1102 2288 illis
1117 2236 1256 2292 montibus

86 2321 152 2379 erat,
175 2320 202 2367 et
223 2312 259 2367 ita
282 2320 340 2367 erat
361 2311 499 2383 quadrata,
521 2319 551 2366 ut
565 2318 661 2384 posset
670 2317 754 2365 totum
772 2311 868 2367 orbem
879 2313 1023 2370 sustinere.
1065 2314 1148 2371 Vetus
1167 2324 1256 2373 autem

86 2402 144 2450 erat
164 2401 240 2467 petra
262 2391 313 2458 illa,
336 2400 440 2466 portam
463 2393 579 2449 excisam
602 2391 723 2458 habens,
754 2393 831 2448 cuius
863 2391 963 2449 dolatio
994 2409 1081 2467 araper
1099 2395 1168 2452 lacta
1190 2398 1256 2454 milri

86 2475 236 2531 videbatur.
264 2475 345 2530 Porta
367 2483 456 2530 autem
480 2475 540 2548 ipsa
561 2474 719 2548 plusquam
743 2473 785 2528 sol
807 2473 974 2546 splendebat,
987 2478 1022 2531 ita
1035 2484 1128 2549 utesso
1141 2479 1256 2536 mirarer

86 2560 112 2614 in
136 2557 282 2631 splendore
304 2565 400 2630 portae
423 2557 490 2613 eius.
534 2556 611 2612 Circa
639 2561 744 2628 portam
772 2562 861 2611 autem
891 2557 975 2630 ipsam
1004 2557 1109 2614 stabant
1136 2560 1254 2633 virgines

87 2639 246 2709 duodecim,
269 2656 301 2696 ex
323 2638 422 2711 quibus
444 2646 589 2713 quattuor,
610 2653 680 2712 quae
709 2636 837 2694 tenebant
865 2639 979 2712 angulos
1006 2640 1127 2697 eiusdem
1159 2641 1255 2715 portae

87 2722 280 2797 dignitosiores
307 2723 372 2778 mibi
394 2738 456 2778 esse
486 2722 661 2788 videbantura
690 2737 751 2776 nam
779 2728 808 2778 et
834 2728 957 2780 caeterae
987 2724 1137 2797 dignitosaa
1167 2734 1254 2784 erant.

86 2805 199 2862 Stabant
218 2814 307 2861 autem
327 2804 353 2860 in
375 2813 504 2878 quattuor
525 2794 662 2878 partibus'
688 2812 800 2878 portae,
827 2811 855 2860 et
883 2805 910 2860 in
937 2807 1026 2863 medio
1055 2822 1147 2864 earum
1175 2807 1256 2868 binae

86 2889 204 2961 virgines
223 2889 336 2944 vestitae
360 2888 455 2944 linteas
477 2889 581 2944 tunicas
595 2896 622 2944 et
637 2887 768 2944 decenter
782 2887 887 2945 cinctae
905 2897 989 2957 eraut,
1013 2889 1119 2946 nudatis
1134 2891 1255 2950 humeris

86 2971 186 3026 dextris
215 2977 351 3044 tamquam
380 2971 498 3044 aliquem
525 2971 627 3028 lascem
655 2977 813 3043 portantes:
840 2971 881 3026 sie
907 2980 984 3028 eraut
1010 2981 1129 3046 paratae.
1171 2974 1254 3034 Valde

87 3054 157 3108 euim
184 3053 284 3110 hilares
317 3062 394 3109 eraut
424 3063 452 3108 et
480 3051 595 3110 alacres.
636 3053 710 3108 llaec
735 3068 796 3109 curn
821 3053 970 3149 qidissem,
1000 3055 1097 3111 iterum
1123 3073 1166 3113 nae
1194 3058 1255 3131 ipsa

85 3134 210 3201 mirabar,
234 3136 308 3208 quod
331 3145 383 3192 tam
405 3152 515 3210 magnas
537 3153 581 3192 res
605 3144 632 3192 et
653 3135 807 3208 praeclaras
829 3152 888 3210 apsa
908 3136 1041 3195 videbam.
1084 3137 1138 3195 Sed
1157 3156 1254 3198 marsus

85 3216 213 3273 movebar
233 3227 346 3292 propter
365 3220 482 3293 virgines
504 3218 571 3286 illas,
594 3217 667 3292 quod
691 3218 725 3273 ita
748 3218 856 3275 fortiter
873 3227 984 3290 starent,
1006 3229 1134 3295 tauquam
1149 3223 1253 3281 eaelum

87 3339 90 3343 .
105 3338 293 3345 .—.-—--—.-

86 3395 221 3457 splendebat
251 3394 300 3443 Pal.
342 3394 376 3442 lld
406 3394 533 3443 caelestem
567 3393 655 3442 Christi
690 3395 794 3444 dexteris
806 3402 923 3460 tanlquam
932 3398 1035 3460 aliquam
1043 3399 1183 3459 [ercembert.
1195 3402 1253 3450 Gra·

85 3461 232 3511 maiestatem
250 3476 278 3510 ea
298 3461 398 3509 reseras.
689 3464 723 3508 tio
735 3469 896 3521 :venustas
913 3469 940 3511 nt
957 3463 1054 3520 Quintil.
1075 3464 1182 3515 Prooen.
1197 3467 1213 3515 l.
1227 3469 1252 3518 6.

135 3530 163 3587 ὁ)
180 3532 263 3577 lamam
281 3528 339 3590 (sir)
354 3527 444 3590 absque
457 3527 653 3576 salsamentariae
689 3527 769 3576 Gratia
787 3529 811 3576 in
832 3527 904 3587 vultu,
923 3528 1057 3578 iucunditas
1075 3530 1099 3579 iu
1115 3545 1234 3582 sermone.

136 3595 162 3654 6)
183 3595 248 3643 Circa
272 3596 331 3642 raim
363 3610 413 3642 rem
440 3601 530 3657 portum
560 3595 652 3641 stabant
738 3595 766 3651 9)
783 3595 846 3658 quod
873 3600 920 3642 tem
944 3595 1043 3643 delicate
1068 3605 1145 3647 errent
1169 3606 1192 3649 et
1217 3602 1252 3650 ita

85 3662 204 3710 duodecim
220 3663 324 3722 rirqincs
343 3661 392 3708 llat.
687 3663 780 3720 sortiter
803 3665 890 3710 stererat
908 3660 972 3720 Vah,
995 3661 1019 3710 in
1046 3663 1092 3712 lina
1115 3668 1253 3728 portandam

138 3727 164 3788 l)
184 3729 350 3789 dipnitosiores
365 3727 421 3786 Vah,
441 3729 496 3777 dein
517 3735 538 3777 el
554 3729 653 3791 diquore
688 3729 796 3777 baberent
813 3742 836 3790 p.
853 3734 998 3790 portaturus.

85 3802 168 3844 cetere.
188 3793 272 3842 Videre
293 3793 349 3842 licet
366 3807 393 3842 ex
412 3810 432 3842 o.
453 3796 490 3844 13.
510 3803 534 3845 et
553 3797 590 3846 15.
609 3812 653 3844 uec
741 3797 781 3857 ltl)
798 3796 941 3857 disputarem
956 3795 1006 3846 Vnt.

86 3877 133 3910 nou
152 3875 179 3909 ex
197 3860 245 3909 llis.
263 3861 293 3919 3,
319 3860 343 3909 8.
368 3860 431 3909 dona
450 3863 554 3925 Spiritus
576 3863 651 3912 sancti

83 3927 314 3991 perhasduodeeim
325 3927 573 3991 virginessigntucsrt.
591 3931 653 3978 ban·
739 3927 765 3990 1)
783 3929 852 3992 quasi
870 3930 946 3991 (elipe
972 3939 1030 3980 erat.
1066 3930 1184 3979 &curatas
1202 3928 1251 3980 rat.

85 3995 153 4044 datus
173 3995 242 4044 locus
258 4002 341 4044 uester
359 3994 389 4042 ab
407 3995 472 4058 Orig.
490 3997 554 4046 born.
573 3997 611 4046 13.
628 3996 652 4044 iu
736 3993 763 4058 ὃ)
782 3997 857 4044 outais
878 3995 928 4045 Pal.

86 4062 171 4112 Erech.
190 4070 213 4112 et
231 4063 261 4111 ab
279 4061 377 4125 authuo
390 4063 493 4112 hrrctore
508 4063 590 4127 operis
607 4062 651 4112 im·
736 4062 764 4122 ll)
779 4064 925 4124 perstitimus
945 4064 994 4114 Pal.

86 4130 187 4190 perlecti
204 4131 228 4178 iu
246 4130 326 4179 llatth.
337 4131 375 4188 19,
383 4129 423 4180 28.
440 4131 492 4179 l‘id.
506 4129 652 4179 Coteleriuru
735 4125 763 4193 l)
780 4143 866 4192 pecora
885 4129 935 4180 rat.

84 4195 114 4243 ad
132 4195 155 4244 h.
175 4197 190 4246 1.
516 4228 520 4233 -
737 4196 764 4259 8)
781 4202 877 4260 aspectat
895 4199 968 4246 litare
987 4195 1036 4245 l’al.

134 4261 160 4322 8)
181 4262 259 4312 laetat
277 4271 355 4314 autera
378 4264 555 4325 interpretatura
573 4277 653 4312 euram

84 4329 198 4391 sirpiuaan
217 4336 238 4377 rt
258 4332 286 4379 he
306 4332 358 4380 biae
374 4333 457 4379 restite
475 4331 546 4378 lineis
565 4331 652 4379 tunicis
738 4330 795 4395 Cap.
813 4330 842 4381 ll.
879 4330 903 4390 ll
921 4329 979 4378 Nam
992 4327 1042 4382 est.

85 4400 106 4445 rt
131 4395 207 4445 dacem
231 4397 327 4447 inuncta
351 4399 443 4459 reseris
469 4395 531 4463 (sic)
548 4397 652 4448 brachiis
737 4397 764 4461 2)
779 4403 859 4461 parter
877 4396 926 4446 l‘al.
