2886 4882
357 224 379 282 l.
400 224 592 289 Gffllill'llS
615 228 658 287 tt
679 229 752 287 cett.
783 229 849 288 Llll.
870 230 933 289 tlt.
955 232 1005 291 tt.
1028 232 1092 291 Ll'l.
1263 235 1318 297 101

152 388 402 465 ”insuperabilem
426 392 639 467 perfectionem!
674 396 799 455 Famulus
821 398 963 455 hominum
986 398 1071 456 lihere
1093 400 1247 475 alloquitur,
1269 421 1320 478 pro

150 473 212 544 plebe
235 476 443 534 remissionem
465 477 593 550 postulat,
613 477 657 535 vel
679 482 800 556 seipsum
823 500 875 538 uua
898 498 959 538 curn
982 483 1020 537 eis
1046 483 1131 540 deleri
1153 487 1228 558 petit.

160 623 211 678 lll.
258 627 323 695 Qui
348 626 488 684 charitate
507 629 607 703 plenus
626 638 680 693 ert,
702 647 781 686 omne
803 633 935 687 domuum
959 634 1050 694 subit,
1074 635 1221 690 dummodo
1239 654 1300 708 poa

571 729 702 785 ecclesiae
722 731 892 786 restituatur.

211 807 283 876 Quis
309 809 402 881 igitur
430 809 501 864 inter
529 826 577 865 vos
599 827 767 884 generosus,
795 814 856 887 quis
887 813 1063 881 misericors,
1093 814 1154 886 quis
1187 813 1320 872 charitate

142 889 246 961 plenus?
293 890 395 946 Dicat:
423 892 465 959 ,si
487 901 600 966 propter
619 912 661 950 me
683 895 782 951 seditio
805 904 832 952 et
860 895 997 952 discordia
1026 903 1054 951 et
1081 896 1228 952 schismata
1260 905 1320 954 orta

141 981 198 1041 sunt,
220 973 359 1041 discedo,
383 973 461 1042 abeo,
483 991 648 1050 quocunque
670 977 818 1046 volueritis,
840 987 867 1034 et
888 996 957 1052 qnae
980 978 1125 1034 multitudo
1142 980 1259 1047 iusserit,
1283 980 1318 1036 la·

140 1058 191 1123 rio;
212 1056 312 1113 solum
340 1056 444 1112 Christi
466 1075 531 1130 grex
553 1059 579 1113 in
602 1077 668 1133 pace
692 1060 773 1134 degat
796 1078 858 1117 cum
879 1062 1036 1118 constitutis
1051 1060 1237 1136 preshyteris!
1268 1063 1319 1131 Qui

138 1139 180 1194 loc
203 1138 329 1207 lecerit,
351 1156 479 1213 magnam
501 1140 553 1197 sihi
573 1142 684 1215 gloriam
707 1144 733 1199 in
755 1145 868 1201 Domino
890 1144 1061 1213 conciliabit,
1083 1153 1109 1201 et
1130 1146 1217 1201 omnis
1240 1144 1319 1203 locus

137 1239 189 1279 cum
209 1223 351 1297 excipiet.
392 1222 509 1292 ,llomini
530 1226 601 1280 euim
623 1234 665 1282 est
694 1234 765 1283 terra
789 1235 817 1284 et
838 1226 979 1301 plenitudo
1000 1227 1076 1285 otiis}
1119 1227 1190 1284 llaec
1217 1228 1319 1285 laniunt

136 1315 157 1360 ct
174 1307 293 1375 lanient,
318 1306 369 1379 qui
392 1305 517 1372 divinam,
540 1309 618 1365 cuins
641 1326 777 1382 utinquam
802 1311 931 1384 poemtet,
959 1313 1036 1367 vitam
1058 1312 1158 1366 vivunt

486 1455 537 1511 tv.
574 1459 666 1514 Huius
686 1459 830 1515 charitatis
851 1462 985 1534 exemplo.

210 1571 246 1629 Ut
273 1582 371 1629 autem
393 1575 472 1629 etiam
495 1574 616 1648 exempla
648 1576 768 1648 goudium
795 1576 983 1650 proferamus:
1014 1576 1089 1633 multi
1119 1593 1198 1650 reges
1222 1586 1250 1632 et
1271 1596 1317 1650 git·

134 1658 317 1721 tornatores,
352 1656 484 1730 pestifero
508 1665 630 1731 tempore
654 1660 807 1727 saeviente,
842 1676 901 1714 cirin
925 1660 1034 1716 oraculo
1064 1669 1158 1714 essent
1180 1661 1319 1726 admoniti,

135 1742 209 1797 morti
234 1756 271 1796 se
298 1740 377 1812 ipsos
401 1739 578 1807 tradiderunt,
602 1749 632 1796 ut
653 1759 704 1797 suo
727 1743 857 1813 sanguine
883 1743 956 1796 circs
978 1742 1134 1797 lihcrnront.
1178 1742 1259 1808 hlulti,
1284 1759 1317 1798 no

133 1824 232 1880 diutius
257 1822 365 1878 seditio
388 1821 515 1890 duraret,
537 1841 552 1879 a
572 1823 725 1880 ciuitatibus
748 1825 806 1879 suis
829 1833 1010 1880 secesserunt.
1053 1822 1150 1879 ttntms
1173 1825 1317 1880 internos

134 1906 337 1979 cognorimus,
367 1906 414 1978 qui
433 1923 463 1961 se
487 1907 561 1979 ipsos
582 1908 608 1961 in
631 1906 737 1962 vincrda
761 1909 954 1974 coniecerunt,
989 1916 1017 1961 ιιι
1044 1905 1111 1960 ulios
1141 1908 1315 1963 redimerent

132 1988 203 2045 lulti
228 1991 263 2045 in
286 1989 446 2044 servitutem
468 2005 498 2045 se
520 1990 595 2062 ipsos
623 1988 799 2057 addixerunt,
829 2000 857 2045 et
878 1998 990 2063 accepto
1013 1989 1102 2061 pretio
1126 1990 1167 2044 sni
1190 1989 1258 2045 alios
1281 1990 1316 2045 ci-

131 2071 242 2129 laan
268 2071 370 2127 llultae
381 2070 517 2138 mulieres,
537 2072 621 2144 gratia
641 2071 730 2128 divina
746 2072 947 2139 corroboratae,
970 2068 1054 2126 virilia
1071 2071 1152 2127 multo
1163 2080 1317 2143 gesseruut

130 2154 210 2211 Beata
236 2153 341 2220 ludith,
363 2170 424 2208 cum
446 2154 512 2210 urhs
533 2156 715 2211 circumsessa
736 2164 818 2221 esset,
841 2155 946 2227 rogavit
967 2153 1107 2219 seniores,
1127 2163 1156 2209 ut
1177 2155 1229 2210 sihi
1251 2154 1316 2210 lice·

131 2247 170 2294 ret
193 2242 225 2293 in
252 2237 468 2310 alienigenarum
492 2246 580 2292 castra
603 2239 691 2306 erire3
715 2247 739 2293 et
763 2236 886 2310 periculo
902 2254 932 2292 se
947 2235 1091 2303 abiiciens,
1113 2246 1227 2310 propter
1243 2255 1314 2292 anm·

131 2338 187 2377 rem
212 2320 325 2395 patriae
347 2319 495 2393 populique
518 2321 624 2376 obsessi
648 2337 759 2393 egressa
782 2329 838 2385 est3
859 2328 886 2374 et
908 2318 1016 2374 tradidit
1038 2319 1108 2375 Dotis
1132 2319 1315 2392 Olophernem

131 2405 156 2460 in
177 2420 285 2461 manus
308 2400 441 2459 mulieris.
482 2403 540 2458 Non
564 2403 661 2458 minori
684 2401 806 2475 periculo
828 2402 907 2457 etiam
929 2401 1050 2476 perlecta
1080 2403 1105 2456 in
1130 2399 1183 2456 fide
1207 2401 1314 2467 Esther,

130 2496 159 2543 nt
179 2486 338 2543 duodecim
361 2484 447 2540 trihus
470 2484 552 2542 lsrael
573 2485 606 2540 ah
637 2485 745 2540 instanti
774 2485 856 2539 exitio
879 2484 1022 2547 liheraret,
1046 2500 1074 2538 se
1098 2483 1183 2554 ipsam
1206 2481 1314 2536 obiecit

128 2568 197 2626 Nam
225 2570 252 2625 in
276 2568 379 2622 ieiunio
400 2576 427 2623 et
449 2566 634 2623 humiliatione
656 2576 767 2640 precata
796 2575 839 2622 ost
859 2583 949 2624 remim
979 2567 1098 2622 omnium
1129 2563 1313 2638 inspectorem

130 2651 300 2717 dominnm,
322 2650 477 2705 seculorum
499 2649 599 2716 hc11m3
629 2651 674 2722 qui
699 2650 778 2705 animi
801 2651 859 2705 eins
882 2650 1059 2706 humilitatem
1082 2664 1198 2704 cernens
1230 2664 1314 2722 popu·

130 2734 186 2791 lum
212 2733 349 2797 liberavit,
372 2733 450 2787 cuius
470 2734 554 2806 gratia
578 2731 620 2788 illa
643 2731 795 2806 periculum
818 2731 947 2789 snhierat.

130 2899 199 2955 tvl.
222 2897 430 2955 Admoneomus
451 2906 474 2953 et
496 2900 681 2972 corripiamus
702 2915 753 2955 nos
772 2899 910 2965 inuicem,-
933 2902 982 2973 qut
1003 2902 1086 2957 talem
1107 2900 1316 2972 ooatipotionem

427 3000 603 3064 horrescit,
626 2999 716 3055 Deum
737 2999 818 3054 hodet
835 3005 1022 3070 protectorem.

222 3113 340 3169 Oremus
362 3114 443 3187 igitur
465 3121 492 3170 et
513 3131 563 3170 nos
587 3130 635 3188 pro
659 3115 713 3181 eis,
742 3115 786 3187 qui
810 3115 836 3169 in
857 3114 966 3187 aliquod
989 3123 1130 3186 peccatum
1153 3112 1222 3186 lapsi
1244 3118 1316 3180 suot,

136 3206 166 3253 ut
190 3196 346 3252 moderatio
375 3206 402 3252 et
423 3197 558 3253 humilitas
581 3199 620 3252 eis
643 3197 826 3264 concedatur,
858 3207 886 3252 ιιι
908 3214 961 3251 nim
994 3197 1087 3264 nobis,
1118 3198 1165 3253 sod
1188 3194 1317 3252 voluntati

137 3279 250 3335 diuinae
274 3279 378 3334 cedant
399 3278 445 3334 Sic
468 3280 539 3335 enim
561 3280 721 3335 misericors
741 3281 841 3335 mentio
865 3296 959 3335 eorunm
983 3279 1053 3351 apud
1067 3280 1150 3336 Deum
1166 3289 1194 3336 et
1208 3286 1316 3335 sanctos

138 3361 285 3417 fructuosa
306 3362 367 3432 orit,
388 3371 416 3418 et
437 3361 518 3418 linem
541 3378 618 3418 sittim
642 3371 833 3435 consequetur.
864 3364 1049 3429 assumamus,
1073 3363 1175 3431 dilecti,
1198 3360 1316 3435 discipli·

138 3461 212 3510 nam,
227 3452 340 3517 propter
355 3462 434 3519 quam
453 3462 532 3502 nemo
546 3446 626 3501 irasci
650 3444 738 3500 dehet.
764 3446 928 3512 dilnmnitio,
951 3462 1003 3517 qna
1018 3445 1061 3500 alii
1078 3446 1145 3501 alios
1164 3460 1315 3501 eomnnonc·

194 3653 223 3714 5)
242 3651 328 3703 lodith.
346 3652 375 3714 8,
394 3653 435 3703 30.
478 3654 551 3704 Clem.
575 3653 639 3703 Alex.
663 3653 679 3701 l.
699 3652 714 3702 l.
750 3652 891 3703 difficillima
921 3654 1091 3716 interpretatur
1120 3657 1168 3715 sic,
1200 3663 1226 3703 ut
1253 3651 1318 3714 τοὺς

141 3737 164 3784 p.
185 3720 244 3771 titt.
749 3717 845 3786 ἁγίους
863 3723 892 3770 ad
912 3722 1038 3771 ecclesium
1066 3724 1166 3773 celerat:
1187 3722 1238 3779 ,Die
1265 3724 1316 3770 lirn-

193 3788 221 3847 6)
240 3788 275 3836 lta
288 3788 334 3837 lac.
347 3787 371 3836 in
389 3789 463 3837 ultera
478 3788 523 3847 ed,
536 3789 560 3838 iu
572 3787 648 3852 priori
660 3802 713 3837 cum
748 3787 807 3837 bitte
825 3804 865 3838 um
884 3789 922 3838 die
941 3789 1157 3840 wiederonlnahme
1179 3789 1222 3837 der
1240 3788 1316 3848 gelul-

139 3855 219 3920 requ.
239 3851 356 3922 eddor’ix
376 3840 461 3919 ἦττον
478 3847 521 3919 αὖ,
541 3856 713 3906 llsHTTO·
749 3856 818 3904 lunen
845 3857 904 3905 wind
929 3857 991 3905 noch
1016 3873 1044 3904 an
1065 3858 1121 3908 Gott
1148 3855 1197 3905 und
1223 3871 1251 3902 ιιιι
1278 3854 1316 3901 dio

141 3925 221 3974 NEI.
257 3923 353 3972 Esther.
372 3923 386 3972 'l
407 3931 431 3970 et
448 3922 471 3973 8.
749 3923 861 3985 heiligen,
880 3925 932 3973 also
950 3940 980 3972 nn
999 3923 1171 3985 diegemcinde
1184 3920 1316 3983 periclitet‘

193 3989 252 4055 Ca'p.
270 3990 327 4039 ttt.
365 3989 390 4053 l)
408 3984 589 4057 ἐντυγχάνειν
607 4009 639 4034 =
658 4004 713 4040 ora·
749 3991 818 4050 Qiiod
840 3992 891 4041 lteri
914 3992 1004 4055 nequit.
1028 3991 1170 4055 deprecatio
1189 3988 1251 4037 einim
1274 3985 1316 4033 illa

140 4059 206 4108 tione
224 4057 383 4108 intercedere.
747 4054 775 4122 (ἡ
797 4057 862 4126 μετ’
890 4059 1045 4126 οικιιρμιόν
1066 4057 1162 4127 μνεία)
1191 4066 1316 4130 commune

192 4126 209 4176 2
240 4126 292 4175 Gal.
309 4125 334 4186 ll,
354 4125 376 4175 l.
748 4133 785 4175 est
807 4127 880 4176 totius
907 4126 1024 4175 ecclcsiae
1052 4126 1165 4173 olllsium.
1207 4122 1269 4181 Ergo
1295 4134 1316 4167 st

192 4194 209 4244 ³
239 4194 341 4260 μνεία,
365 4207 409 4242 rut
426 4192 536 4249 Paulina,
563 4193 628 4242 llom.
649 4193 671 4252 l,
689 4194 712 4243 9.
748 4210 802 4243 cera
825 4202 889 4244 esset
909 4191 1054 4255 Hilgenfeldl
1071 4188 1250 4252 interpretatio,
1276 4202 1316 4235 ec·

140 4261 280 4325 llilgenleld
304 4259 361 4323 (die
390 4261 472 4324 lpost
500 4260 600 4323 Venter)
626 4275 649 4323 p.
672 4260 712 4319 90,
748 4261 820 4310 clesia
838 4270 913 4311 semet
937 4261 1013 4324 ipsam
1030 4256 1214 4317 imploratisstl·
1250 4255 1316 4313 ΟΜ

140 4338 190 4380 not
212 4331 235 4379 5.
264 4327 422 4391 (assentiente
453 4327 572 4386 Gundert,
597 4327 713 4376 Zeitschr.
748 4344 819 4393 quum
842 4330 875 4379 ita
898 4328 961 4386 sint,
986 4338 1034 4372 non
1060 4334 1189 4381 possumus
1213 4337 1261 4372 non
1286 4321 1316 4371 de

140 4399 180 4449 lirr
206 4396 295 4446 lother.
321 4395 406 4447 Theol.
433 4396 510 4456 1854,
532 4393 613 4461 tte),
641 4395 712 4446 verbe
748 4397 891 4447 Sanctorum
908 4389 1058 4444 invocatione
1075 4399 1139 4450 quae
1158 4398 1256 4443 uocatur
1274 4404 1316 4440 co·
