2886 4882
475 253 658 310 MANDATUM
682 254 748 313 vul.
775 258 816 313 ΙΧ.
847 259 875 314 X.
1200 261 1260 322 597

80 411 176 474 πίστιν
196 405 250 492 τὴν
278 407 396 491 ἰσχυρὰν
426 411 476 473 καὶ
504 407 648 491 δυνατήν·
676 410 697 494 ἡ
725 411 779 495 γδιρ
807 417 902 489 πίστις
929 413 1023 479 πάντα
1052 418 1260 504 ἐπαγγέλλεται,

81 493 175 558 πάντα
196 502 312 572 τελειοῖ,
335 493 357 575 η’
377 493 408 556 δὲ
430 496 568 574 διψυχία,
591 492 630 575 μὴ
658 496 907 560 καταπιστεῦυυσα
929 500 1031 578 ἑαυτῆ,
1060 501 1166 565 πάντά
1188 503 1260 570 ἀπο.

81 576 211 662 τυγχάνει
238 585 296 639 τῶν
323 579 413 660 ἐργων
440 575 531 658 αὐτῆς
559 570 601 641 ῶν
628 576 757 658 πράσσει.
802 582 922 656 Βλέπεις
948 563 1020 661 ούύ,
1043 586 1150 663 φησίν,
1173 586 1260 670 ότιῆ

80 666 173 735 πίστις
195 659 312 724 ἀνωθέν
333 661 393 725 ἐστι
412 658 492 743 παρὰ
516 667 568 724 τοῦ
589 665 706 741 κυρίου,
729 664 779 726 καὶ
800 665 855 744 ἔχει
877 663 1003 746 δύναμιν
1024 664 1165 749 μεγάλην·
1186 667 1206 749 ἡ
1227 671 1259 734 δέ

81 747 203 824 διψυγία
232 745 359 845 ἐπίγειον
379 742 493 824 πνεῦμά
514 745 570 807 ἐστι
592 741 671 827 παρὰ
692 753 745 809 τοῦ
766 746 915 829 διαβόλου,
938 746 1062 852 δύναμιν
1083 747 1121 829 μὴ
1146 751 1257 829 ἔχουσα.

80 826 125 890 Σύ
156 819 210 891 οὖν
231 830 349 890 δουλευε
375 835 410 909 τῆ
432 826 534 914 ἐχούση
562 825 686 909 δύναμιν
715 838 749 917 τῇ
770 833 864 894 πίστει
886 833 936 895 καλ
967 829 1024 897 ἀπο
1047 838 1099 913 τῆς
1121 835 1259 914 διψυχίας

79 909 208 991 ἀπόσχου
236 918 288 992 τῆς
314 909 353 992 μὴ
383 893 503 992 ἐχούσης
522 911 662 992 δύναμιν,
685 914 733 975 καλ
755 912 826 1001 ζήση
848 922 887 1000 τῷ
908 923 986 1001 θεῷ·
1015 917 1064 978 καὶ
1084 915 1190 990 πάντες
1211 914 1259 997 ζὴ·

79 1016 177 1058 σονται
198 1001 237 1079 τῷ
259 1001 321 1081 θεῷ
344 995 374 1057 οί
392 1002 481 1058 ταῦτα
502 998 706 1076 φρονήσαντες.

526 1216 742 1275 ΕΝΤΟΛΗ
770 1211 806 1277 I'.

162 1353 178 1407 1.
218 1334 307 1424 Ἆρον
329 1339 387 1406 ἀπὸ
410 1351 549 1421 σεαυτοῦ,
572 1346 662 1424 φησί,
685 1340 739 1425 τὴν
759 1343 870 1425 λύπην·
901 1349 949 1409 καλ
970 1342 1025 1429 γάρ
1047 1343 1121 1427 αὐτὴ
1145 1344 1257 1431 ἀδελφή

76 1426 134 1487 ἐστι
156 1433 207 1507 τῆς
228 1429 367 1508 διψυχίας
388 1428 509 1506 καὶτῆς
537 1426 693 1507 ὀξυχολίας.
740 1432 820 1509 Πῶς,
843 1432 928 1507 φημί,
950 1427 1040 1508 κύριε,
1065 1428 1177 1510 ἀδελφή
1199 1432 1258 1495 ἐστι

77 1507 202 1586 τούτων,
226 1507 314 1572 ”Amo
342 1507 396 1593 γάρ
424 1534 473 1588 μοι
501 1513 584 1571 δοκεῖ
609 1505 683 1571 εἶναι
705 1507 855 1589 όξυγολία,
878 1512 927 1573 καλ
949 1507 1016 1574 ἀλλο
1045 1514 1183 1593 διψυγία,
1207 1518 1257 1577 καλ

76 1589 144 1656 ἀλλο
166 1591 250 1672 λύπη.
290 1591 442 1664 Ἀσύνετος
463 1587 497 1666 εί,
521 1589 667 1672 ἀνθραπε.
714 1589 759 1654 Ού
781 1600 859 1666 νοεῖς
874 1591 918 1655 ότι
938 1590 1050 1674 ἡλύπη
1064 1593 1181 1659 πάντων
1198 1603 1257 1660 τῶν

76 1676 248 1754 πνευμάτων
267 1675 446 1755 πουηροτίρα
468 1674 535 1753 ἐστί,
559 1676 609 1738 καλ
630 1672 779 1753 δεινοτάτη
802 1683 862 1750 τοῖς
882 1675 998 1750 δούλοις
1018 1685 1071 1740 τοῦ
1097 1686 1183 1756 θεοῦ,
1207 1681 1257 1743 καλ

76 1755 155 1839 παρὰ
176 1755 281 1822 πάνται
311 1757 345 1820 τδι
366 1755 515 1837 πνεύματα
537 1760 728 1838 καταφθείρει
750 1759 802 1821 τὸν
823 1756 1054 1838 ἄνθρωπονκαὶ
1076 1762 1198 1845 ἐκτρίβει
1219 1760 1251 1826 τό

78 1848 192 1921 πνεῦμα
218 1837 251 1904 τὸ
278 1838 362 1925 ἀγιον
384 1841 432 1903 καί
453 1838 540 1904 πάλιν
561 1839 658 1918 σώζεις
677 1839 770 1924 Ἐγώ,
793 1844 869 1922 φημί
876 1843 898 1920 ,²
920 1843 1017 1923 κύριε,
1040 1841 1179 1919 ἀσύνετός
1200 1849 1257 1926 εἰμι

78 1926 127 1987 καὶ
150 1923 185 1987 ού
208 1931 298 1987 συνιῶ
319 1921 370 1998 τάς
390 1921 558 2006 παραβολάς
577 1922 691 1998 ταύτας.
736 1929 809 1999 Πῶς
829 1922 884 2008 γάρ
906 1924 1026 1989 δύναται
1046 1927 1185 2009 ἐκτρίβειν
1206 1930 1256 1992 καλ

78 2008 165 2071 πάλιν
187 2006 294 2086 σώζειν,
318 2006 353 2070 οὐ
375 2015 441 2072 νοῶ.
479 2005 598 2091 Ἄκουε,
622 2011 725 2089 φησίν
756 2009 786 2070 οἱ
805 2010 946 2089 μηδέποτε
967 2009 1170 2092 ἐρευνήσαντες
1191 2013 1258 2093 περλ

78 2099 130 2171 τῆς
151 2089 292 2172 ἀληθείας
318 2092 391 2172 μηδὲ
418 2089 635 2172 ἐπιζητήσαντες
660 2092 726 2171 περὶ
752 2097 805 2171 τῆς
832 2092 982 2172 θεότητος,
1004 2092 1204 2168 πιστεύσαντες
1225 2095 1257 2158 δὲ

78 2174 185 2255 μόνον,
217 2175 431 2254 ἐμπεφυρμίνοι
460 2174 503 2236 δέ3
530 2179 736 2256 πραγματείαις
763 2176 812 2236 καί
833 2173 947 2237 πλούτω
968 2177 1018 2237 καλ
1039 2180 1149 2254 φιλίαις
1175 2178 1256 2240 ἐθνι-

80 2267 155 2334 καῖς,
177 2258 227 2319 καὶ
249 2256 347 2330 άλλαις
375 2263 494 2329 πολλαῖς
515 2259 721 2338 πραγματείαις
742 2263 793 2318 τοῦ
814 2244 1054 2330 αίῶνοςτοότου.
1088 2257 1177 2321 Ὅσοι
1199 2251 1254 2321 οὖν

77 2338 190 2412 τούτοις
210 2337 412 2420 πρόσκεινται,
443 2336 479 2399 οὐ
501 2345 602 2400 νοοῦσι
623 2333 674 2412 τάς
694 2336 862 2420 παραβολᾷς
882 2346 935 2417 τῆς
957 2337 1111 2419 θεότητος·
1141 2342 1253 2403 ἐπισκο-

79 2430 197 2486 τοῦνται
217 2422 271 2506 γάρ
286 2419 345 2485 ύπδ
358 2424 468 2484 τούτων
485 2427 542 2482 τῶν
561 2420 693 2502 πράξεων
715 2421 764 2481 καί
784 2424 1031 2502 καταφθείρονται
1052 2423 1102 2484 καλ
1123 2426 1253 2504 γίνονται

77 2507 287 2588 κεγερσωμένοι.
331 2506 390 2566 Καὶ
411 2501 450 2577 ῶς
476 2505 507 2565 οί
532 2501 696 2582 ἀμπελῶνες
723 2504 754 2563 οί
771 2504 852 2564 καλοί
880 2502 950 2566 όταν
974 2501 1118 2583 ἀμελείαις
1138 2503 1252 2585 τύχωσι,

78 2596 245 2672 χερσοῦνται
266 2586 325 2651 ἀπὸ
343 2594 401 2650 τῶν
416 2584 559 2649 ἀκανθῶν
570 2588 618 2649 καί
639 2589 771 2666 βοτανῶν
783 2588 932 2665 ποικίλων,
954 2584 1047 2662 ούτεος
1059 2589 1090 2650 οί
1100 2584 1254 2668 ἀνθρωποι

80 2676 110 2736 οί
129 2669 331 2747 πιστεύσαντες
350 2671 400 2734 καὶ
430 2672 470 2743 είς
497 2668 603 2743 ταύτας
631 2665 682 2742 τάς
710 2667 827 2750 πράξεις
856 2667 907 2744 τὰς
935 2666 1043 2745 πολλάς
1071 2671 1257 2746 ἐκπίπτοντες

79 2752 132 2832 τάς
153 2755 363 2840 προειρημένας
382 2752 605 2816 ἀποπλανῶνται
627 2747 686 2815 ἀπὸ
700 2758 751 2831 τῆς
766 2754 897 2827 διανοίας
916 2750 1022 2831 αύτῶν,
1043 2755 1256 2837 καταγίνονταί

78 2842 127 2904 καλ
156 2840 242 2904 οὐδὲν
271 2838 345 2914 ὅλως
365 2843 491 2900 νοοῦσιν.
537 2838 576 2898 Οί
604 2835 635 2898 δὲ
665 2832 760 2915 φόβον
789 2835 899 2915 ἔχοντες
919 2842 994 2899 θεοῦ
1015 2837 1064 2899 καλ
1085 2837 1256 2919 ἐρευνῶντες

79 2926 144 3008 περὶ
170 2924 310 3005 θεότητος
343 2923 392 2985 καὶ
419 2918 561 3000 ἀληθείας
595 2920 644 2982 καὶ
670 2915 722 3000 τὴν
755 2920 878 2999 καρδίαν
906 2918 1015 3022 ἐηοντες
1041 2917 1114 3000 πρὸς
1141 2918 1253 3002 κύριον,

77 3007 173 3071 πάντα
194 3005 228 3071 τά
249 3006 386 3153 λεγόμενα
408 3003 507 3078 αὐτοῖς
527 3003 682 3104 ταγύγουσι
702 3002 751 3064 καλ
771 3007 900 3080 νοοῦσιν,
924 3001 970 3064 ότι
982 3004 1078 3083 ἐχουσι
1096 2999 1254 3103 τὸνηόβον

67 3099 129 3161 ,τοῦ
151 3094 256 3174 κυρίου
291 3116 309 3152 ν
330 3090 456 3193 ἑαυτοῖς·
478 3085 554 3150 ὅπου
576 3112 631 3170 γαρ
652 3083 669 3148 ό
690 3083 790 3164 κύριος
810 3092 947 3164 κατοικεῖ,
970 3085 1033 3149 ἐκεῖ
1063 3086 1113 3148 καὶ
1140 3105 1254 3160 συνεσις

75 3171 173 3254 πολλή.
219 3170 386 3252 Κολλήθητι
408 3197 461 3234 ουν
482 3177 522 3256 τῷ
543 3173 643 3257 κυρίῳ,
666 3170 716 3232 καλ
736 3165 831 3230 πάντα
852 3168 985 3249 συνήσεις
1006 3169 1056 3231 καλ
1076 3166 1199 3250 νοήσεις.

160 3330 191 3386 11.
225 3318 334 3384 ’Ἀκουε
365 3311 432 3394 οὖν,
465 3321 573 3398 φησίν,
606 3316 727 3398 ἀνόητε,
749 3323 812 3392 πῶς
832 3316 853 3398 ἡ
874 3318 951 3400 λύπη
974 3318 1047 3399 αῦτη
1069 3318 1190 3402 ἐκτρίβει
1210 3313 1253 3382 ιδι

75 3414 190 3486 πνεῦμα
211 3402 243 3467 τὸ
265 3403 349 3486 ἀγιον
370 3401 420 3463 καὶ
441 3399 529 3464 πάλιν
550 3399 639 3474 σώζει.
672 3399 767 3464 Ὅταν
789 3397 806 3462 ό
826 3403 952 3483 δίψυχος
964 3400 1133 3481 ἐπιβάληται
1150 3403 1255 3482 πρᾶξίν

75 3517 159 3568 τινα,
182 3489 231 3551 καλ
251 3485 358 3567 ταύτης
379 3481 506 3570 ἀποτύχη
527 3482 576 3545 διά
597 3481 651 3563 τὴν
671 3485 810 3563 διψυχίαν
831 3481 943 3585 αὐτοῦζ
963 3480 985 3584 η
1005 3480 1082 3562 λύπη
1103 3481 1176 3562 αῦτη
1198 3483 1253 3544 εἶσ-

75 3571 227 3653 πορεύεται
247 3573 288 3645 εἰς
309 3567 360 3632 τόν
381 3568 548 3645 ἄνθρωπον,
571 3567 620 3629 καλ
633 3572 720 3630 λυπεῖ
731 3566 763 3630 τὸ
780 3573 894 3646 πνεῦμα
914 3589 946 3627 το
969 3564 1053 3647 ἀγιον
1067 3565 1117 3626 κοιλ
1131 3564 1254 3647 ἐκτρίβει

77 3655 157 3719 αὐτό.
202 3649 275 3715 Είτα
295 3651 384 3717 πάλιν
404 3648 425 3732 ἦ
446 3648 581 3731 ὀξυχολία
602 3647 672 3712 ὅταν
702 3655 835 3734 κολληθῇ
856 3654 895 3732 τῷ
918 3645 1066 3732 ἀνθρώπῳ
1086 3647 1152 3730 περί
1181 3644 1253 3728 πρά-

77 3736 184 3823 γματός
197 3762 284 3814 τινος,
308 3738 526 3822 καλπικρανθῇ,
548 3729 635 3796 πάλιν
655 3729 676 3812 ἦ
697 3730 773 3811 λύπη
787 3728 979 3812 εἰσπορεύεται
997 3731 1038 3804 είς
1057 3725 1110 3808 τὴν
1128 3732 1253 3811 καρδίαν

78 3829 130 3885 τοῦ
151 3818 313 3903 ἀνθρώπου
335 3825 387 3883 τοῦ
418 3814 654 3898 όξυχολήσαντος,
676 3816 726 3878 καλ
746 3819 876 3876 λυπεῖται
902 3813 950 3876 ἐπὶ
977 3818 1013 3899 τῇ
1040 3809 1141 3917 πράξει
1160 3809 1253 3873 αὐτοῦ

78 3899 96 3993 ᾗ
119 3906 235 3987 ἔπραξε,
265 3905 314 3965 καλ
343 3908 488 3982 μετανοεῖ,
510 3899 555 3964 ὅτι
584 3896 714 3983 πονηρὸν
742 3891 900 3978 εἰργάσατο.
937 3893 1021 3974 Λύτη
1050 3918 1104 3956 ουν
1131 3890 1153 3972 ἦ
1176 3891 1252 3974 λύπη

131 4124 158 4182 6]
179 4119 285 4174 πόντοι
304 4123 339 4170 sic
358 4135 440 4180 apogr.
734 4114 761 4177 4)
780 4115 974 4179 καταγίνονται
984 4128 992 4161 .·
1004 4111 1034 4159 λιι
1048 4123 1131 4172 apogr.
1140 4108 1251 4158 hahuisse

130 4191 206 4238 Mand.
225 4192 250 4238 Χ.
288 4189 312 4249 1)
331 4202 413 4250 apogr.
435 4181 511 4249 παρὰ
525 4179 649 4234 πάντων.
684 4181 791 4236 videtne,
810 4181 853 4229 sed
873 4180 983 4229 ductibus
1004 4175 1179 4241 posterioribus
1200 4177 1250 4224 fere

132 4257 158 4308 λλ
179 4271 262 4317 apogr.
280 4255 357 4321 φησὶ.
684 4256 760 4296 tolum
778 4247 881 4296 δυλοῑιιοι
903 4255 946 4295 est.

132 4323 158 4383 3)
177 4319 224 4371 de:
250 4322 284 4368 sic
303 4335 400 4382 apogr„
426 4331 498 4381 quum
526 4323 649 4377 exspectes
735 4314 792 4376 (lep.
818 4314 844 4361 ΙΙ.
890 4315 919 4374 l)
945 4308 1060 4379 ἐκτρίβει
1088 4306 1136 4358 τό·
1165 4323 1248 4372 apogr.

82 4389 147 4439 εδσί.
683 4377 830 4446 ἐκτρίβετο.
