<?xml version="1.0" encoding="UTF-8"?>
<!DOCTYPE html PUBLIC "-//W3C//DTD XHTML 1.0 Transitional//EN"
    "http://www.w3.org/TR/xhtml1/DTD/xhtml1-transitional.dtd">
<html xmlns="http://www.w3.org/1999/xhtml" xml:lang="en" lang="en">
 <head>
  <title>
</title>
<meta http-equiv="Content-Type" content="text/html;charset=utf-8" />
  <meta name='ocr-system' content='tesseract 3.04.00' />
  <meta name='ocr-capabilities' content='ocr_page ocr_carea ocr_par ocr_line ocrx_word'/>
</head>
<body>
  <div class='ocr_page' id='page_1' title='image "./patrumapostolic00polygoog/patrumapostolic00polygoog_0490.png"; bbox 0 0 2886 4882; ppageno 0'>
   <div class='ocr_carea' id='block_1_1' title="bbox 182 212 1133 289">
    <p class='ocr_par' dir='ltr' id='par_1_1' title="bbox 182 212 1133 289">
     <span class='ocr_line' id='line_1_1' title="bbox 182 212 1133 289; baseline -0.007 -8"><span class='ocrx_word' id='word_1_1' title='bbox 182 216 243 281; x_wconf 79' lang='lat'>428</span> <span class='ocrx_word' id='word_1_2' title='bbox 395 219 533 281; x_wconf 68' lang='lat' dir='ltr'>namt:</span> <span class='ocrx_word' id='word_1_3' title='bbox 554 220 693 279; x_wconf 77' lang='lat' dir='ltr'>Ptsron.</span> <span class='ocrx_word' id='word_1_4' title='bbox 734 220 871 278; x_wconf 83' lang='lat' dir='ltr'>LIBERI.</span> <span class='ocrx_word' id='word_1_5' title='bbox 914 219 1002 277; x_wconf 81' lang='lat' dir='ltr'>VISIO</span> <span class='ocrx_word' id='word_1_6' title='bbox 1024 219 1067 276; x_wconf 92' lang='lat' dir='ltr'>Ill.</span> <span class='ocrx_word' id='word_1_7' title='bbox 1087 212 1133 289; x_wconf 85' lang='grc' dir='ltr'>(Α)</span> 
     </span>
    </p>
   </div>
   <div class='ocr_carea' id='block_1_2' title="bbox 182 384 1355 2528">
    <p class='ocr_par' dir='ltr' id='par_1_2' title="bbox 182 384 1355 2528">
     <span class='ocr_line' id='line_1_2' title="bbox 183 384 1352 460; baseline -0.005 -13"><span class='ocrx_word' id='word_1_8' title='bbox 183 389 254 447; x_wconf 86' lang='lat' dir='ltr'>tatis.</span> <span class='ocrx_word' id='word_1_9' title='bbox 296 390 329 445; x_wconf 80' lang='lat' dir='ltr'>Et</span> <span class='ocrx_word' id='word_1_10' title='bbox 349 389 525 445; x_wconf 88' lang='lat' dir='ltr'>crediderunt</span> <span class='ocrx_word' id='word_1_11' title='bbox 546 389 573 444; x_wconf 92' lang='lat' dir='ltr'>in</span> <span class='ocrx_word' id='word_1_12' title='bbox 595 387 777 456; x_wconf 90' lang='lat' dir='ltr'>simulatione,</span> <span class='ocrx_word' id='word_1_13' title='bbox 799 395 826 444; x_wconf 87' lang='lat' dir='ltr'>et</span> <span class='ocrx_word' id='word_1_14' title='bbox 848 388 936 443; x_wconf 88' lang='lat' dir='ltr'>omnis</span> <span class='ocrx_word' id='word_1_15' title='bbox 955 387 1076 460; x_wconf 79' lang='lat' dir='ltr'>nequitia</span> <span class='ocrx_word' id='word_1_16' title='bbox 1097 401 1153 441; x_wconf 92' lang='lat' dir='ltr'>non</span> <span class='ocrx_word' id='word_1_17' title='bbox 1175 384 1305 443; x_wconf 84' lang='lat' dir='ltr'>discessit</span> <span class='ocrx_word' id='word_1_18' title='bbox 1317 386 1352 442; x_wconf 91' lang='lat' dir='ltr'>ab</span> 
     </span>
     <span class='ocr_line' id='line_1_3' title="bbox 184 467 1351 545; baseline -0.006 -14"><span class='ocrx_word' id='word_1_19' title='bbox 184 474 234 531; x_wconf 84' lang='lat' dir='ltr'>eis.</span> <span class='ocrx_word' id='word_1_20' title='bbox 276 471 392 545; x_wconf 75' lang='lat' dir='ltr'>Propter</span> <span class='ocrx_word' id='word_1_21' title='bbox 416 471 469 527; x_wconf 90' lang='lat' dir='ltr'>boc</span> <span class='ocrx_word' id='word_1_22' title='bbox 488 487 543 526; x_wconf 88' lang='lat' dir='ltr'>non</span> <span class='ocrx_word' id='word_1_23' title='bbox 565 470 666 528; x_wconf 88' lang='lat' dir='ltr'>babent</span> <span class='ocrx_word' id='word_1_24' title='bbox 688 471 808 540; x_wconf 90' lang='lat' dir='ltr'>salutem,</span> <span class='ocrx_word' id='word_1_25' title='bbox 832 471 958 543; x_wconf 87' lang='lat' dir='ltr'>quoniam</span> <span class='ocrx_word' id='word_1_26' title='bbox 980 487 1034 526; x_wconf 88' lang='lat' dir='ltr'>uon</span> <span class='ocrx_word' id='word_1_27' title='bbox 1057 476 1120 525; x_wconf 86' lang='lat' dir='ltr'>sunt</span> <span class='ocrx_word' id='word_1_28' title='bbox 1142 467 1223 524; x_wconf 90' lang='lat' dir='ltr'>utiles</span> <span class='ocrx_word' id='word_1_29' title='bbox 1238 469 1265 524; x_wconf 89' lang='lat' dir='ltr'>in</span> <span class='ocrx_word' id='word_1_30' title='bbox 1280 477 1351 524; x_wconf 84' lang='lat' dir='ltr'>stm-</span> 
     </span>
     <span class='ocr_line' id='line_1_4' title="bbox 185 546 1352 628; baseline -0.005 -16"><span class='ocrx_word' id='word_1_31' title='bbox 185 547 282 623; x_wconf 82' lang='lat' dir='ltr'>ctura,³</span> <span class='ocrx_word' id='word_1_32' title='bbox 304 560 418 627; x_wconf 88' lang='lat' dir='ltr'>propter</span> <span class='ocrx_word' id='word_1_33' title='bbox 439 554 574 626; x_wconf 77' lang='lat' dir='ltr'>nequitias</span> <span class='ocrx_word' id='word_1_34' title='bbox 596 571 669 610; x_wconf 91' lang='lat' dir='ltr'>suas.</span> <span class='ocrx_word' id='word_1_35' title='bbox 711 546 893 628; x_wconf 83' lang='lat' dir='ltr'>Quapropter⁴</span> <span class='ocrx_word' id='word_1_36' title='bbox 914 553 997 610; x_wconf 82' lang='lat' dir='ltr'>excisi</span> <span class='ocrx_word' id='word_1_37' title='bbox 1021 558 1084 608; x_wconf 91' lang='lat' dir='ltr'>sunt</span> <span class='ocrx_word' id='word_1_38' title='bbox 1098 561 1125 607; x_wconf 89' lang='lat' dir='ltr'>et</span> <span class='ocrx_word' id='word_1_39' title='bbox 1140 551 1220 623; x_wconf 87' lang='lat' dir='ltr'>longe</span> <span class='ocrx_word' id='word_1_40' title='bbox 1234 552 1352 624; x_wconf 89' lang='lat' dir='ltr'>proiecti</span> 
     </span>
     <span class='ocr_line' id='line_1_5' title="bbox 183 634 1352 714; baseline -0.003 -21"><span class='ocrx_word' id='word_1_41' title='bbox 183 644 297 714; x_wconf 90' lang='lat' dir='ltr'>propter</span> <span class='ocrx_word' id='word_1_42' title='bbox 319 637 384 691; x_wconf 90' lang='lat' dir='ltr'>iram</span> <span class='ocrx_word' id='word_1_43' title='bbox 398 637 511 704; x_wconf 82' lang='lat' dir='ltr'>Domini,</span> <span class='ocrx_word' id='word_1_44' title='bbox 533 638 595 709; x_wconf 91' lang='lat' dir='ltr'>quia</span> <span class='ocrx_word' id='word_1_45' title='bbox 616 636 844 693; x_wconf 81' lang='lat' dir='ltr'>exacerbaverunt</span> <span class='ocrx_word' id='word_1_46' title='bbox 865 653 933 692; x_wconf 87' lang='lat' dir='ltr'>curn.</span> <span class='ocrx_word' id='word_1_47' title='bbox 977 635 1106 691; x_wconf 79' lang='lat' dir='ltr'><strong>Caeteros</strong></span> <span class='ocrx_word' id='word_1_48' title='bbox 1128 641 1218 692; x_wconf 88' lang='lat' dir='ltr'>autem</span> <span class='ocrx_word' id='word_1_49' title='bbox 1237 634 1352 707; x_wconf 87' lang='lat' dir='ltr'>lapides,</span> 
     </span>
     <span class='ocr_line' id='line_1_6' title="bbox 183 709 1351 795; baseline -0.003 -19"><span class='ocrx_word' id='word_1_50' title='bbox 183 737 253 795; x_wconf 90' lang='lat' dir='ltr'>quos</span> <span class='ocrx_word' id='word_1_51' title='bbox 275 719 363 774; x_wconf 85' lang='lat' dir='ltr'>vidisti</span> <span class='ocrx_word' id='word_1_52' title='bbox 385 719 540 792; x_wconf 82' lang='lat' dir='ltr'><strong>complures</strong></span> <span class='ocrx_word' id='word_1_53' title='bbox 562 721 682 794; x_wconf 89' lang='lat' dir='ltr'>positos,</span> <span class='ocrx_word' id='word_1_54' title='bbox 704 737 758 775; x_wconf 88' lang='lat' dir='ltr'>non</span> <span class='ocrx_word' id='word_1_55' title='bbox 781 728 877 776; x_wconf 86' lang='lat' dir='ltr'>euntes</span> <span class='ocrx_word' id='word_1_56' title='bbox 905 719 931 774; x_wconf 92' lang='lat' dir='ltr'>in</span> <span class='ocrx_word' id='word_1_57' title='bbox 960 727 1141 784; x_wconf 74' lang='lat' dir='ltr'>structuram,</span> <span class='ocrx_word' id='word_1_58' title='bbox 1169 709 1200 771; x_wconf 83' lang='lat' dir='ltr'>ii⁶</span> <span class='ocrx_word' id='word_1_59' title='bbox 1232 718 1351 789; x_wconf 91' lang='lat' dir='ltr'>quidem,</span> 
     </span>
     <span class='ocr_line' id='line_1_7' title="bbox 185 801 1350 876; baseline -0.003 -18"><span class='ocrx_word' id='word_1_60' title='bbox 185 803 232 876; x_wconf 91' lang='lat' dir='ltr'>qui</span> <span class='ocrx_word' id='word_1_61' title='bbox 250 801 374 858; x_wconf 80' lang='lat' dir='ltr'>scabrosi</span> <span class='ocrx_word' id='word_1_62' title='bbox 396 809 487 870; x_wconf 85' lang='lat' dir='ltr'>erant,</span> <span class='ocrx_word' id='word_1_63' title='bbox 507 802 535 858; x_wconf 93' lang='lat' dir='ltr'>bi</span> <span class='ocrx_word' id='word_1_64' title='bbox 557 811 633 870; x_wconf 93' lang='lat' dir='ltr'>sunt,</span> <span class='ocrx_word' id='word_1_65' title='bbox 655 804 702 875; x_wconf 94' lang='lat' dir='ltr'>qui</span> <span class='ocrx_word' id='word_1_66' title='bbox 725 810 911 876; x_wconf 86' lang='lat' dir='ltr'>cognoverunt</span> <span class='ocrx_word' id='word_1_67' title='bbox 934 803 1087 868; x_wconf 85' lang='lat' dir='ltr'>veritatem,</span> <span class='ocrx_word' id='word_1_68' title='bbox 1118 816 1168 855; x_wconf 90' lang='lat' dir='ltr'>nec</span> <span class='ocrx_word' id='word_1_69' title='bbox 1195 816 1350 872; x_wconf 88' lang='lat' dir='ltr'>permanse-</span> 
     </span>
     <span class='ocr_line' id='line_1_8' title="bbox 183 882 1351 959; baseline -0.004 -18"><span class='ocrx_word' id='word_1_70' title='bbox 183 892 248 942; x_wconf 89' lang='lat' dir='ltr'>runt</span> <span class='ocrx_word' id='word_1_71' title='bbox 269 886 295 941; x_wconf 93' lang='lat' dir='ltr'>in</span> <span class='ocrx_word' id='word_1_72' title='bbox 318 901 357 951; x_wconf 92' lang='lat' dir='ltr'>ea,</span> <span class='ocrx_word' id='word_1_73' title='bbox 379 900 430 941; x_wconf 90' lang='lat' dir='ltr'>nec</span> <span class='ocrx_word' id='word_1_74' title='bbox 453 886 591 940; x_wconf 85' lang='lat' dir='ltr'>coniuncti</span> <span class='ocrx_word' id='word_1_75' title='bbox 614 895 678 940; x_wconf 90' lang='lat' dir='ltr'>sunt</span> <span class='ocrx_word' id='word_1_76' title='bbox 699 887 816 954; x_wconf 86' lang='lat' dir='ltr'>sanctis;</span> <span class='ocrx_word' id='word_1_77' title='bbox 847 893 960 959; x_wconf 90' lang='lat' dir='ltr'>propter</span> <span class='ocrx_word' id='word_1_78' title='bbox 980 885 1033 940; x_wconf 88' lang='lat' dir='ltr'>hoo</span> <span class='ocrx_word' id='word_1_79' title='bbox 1055 882 1165 939; x_wconf 86' lang='lat' dir='ltr'>inutiles</span> <span class='ocrx_word' id='word_1_80' title='bbox 1187 891 1259 938; x_wconf 83' lang='lat' dir='ltr'>sunt</span> <span class='ocrx_word' id='word_1_81' title='bbox 1301 882 1351 949; x_wconf 82' lang='lat' dir='ltr'>Qui</span> 
     </span>
     <span class='ocr_line' id='line_1_9' title="bbox 183 959 1351 1042; baseline -0.005 -18"><span class='ocrx_word' id='word_1_82' title='bbox 183 975 271 1025; x_wconf 80' lang='lat' dir='ltr'>autem</span> <span class='ocrx_word' id='word_1_83' title='bbox 293 969 428 1023; x_wconf 81' lang='lat' dir='ltr'>scissuras</span> <span class='ocrx_word' id='word_1_84' title='bbox 449 967 599 1034; x_wconf 89' lang='lat' dir='ltr'>habebant,</span> <span class='ocrx_word' id='word_1_85' title='bbox 622 968 650 1023; x_wconf 85' lang='lat' dir='ltr'>lri</span> <span class='ocrx_word' id='word_1_86' title='bbox 672 959 760 1036; x_wconf 86' lang='lat' dir='ltr'>sunt‚⁶</span> <span class='ocrx_word' id='word_1_87' title='bbox 784 968 831 1042; x_wconf 91' lang='lat' dir='ltr'>qui</span> <span class='ocrx_word' id='word_1_88' title='bbox 853 968 920 1023; x_wconf 89' lang='lat' dir='ltr'>alius</span> <span class='ocrx_word' id='word_1_89' title='bbox 943 967 1073 1022; x_wconf 90' lang='lat' dir='ltr'>adversus</span> <span class='ocrx_word' id='word_1_90' title='bbox 1094 964 1175 1021; x_wconf 90' lang='lat' dir='ltr'>alium</span> <span class='ocrx_word' id='word_1_91' title='bbox 1206 967 1232 1020; x_wconf 92' lang='lat' dir='ltr'>iu</span> <span class='ocrx_word' id='word_1_92' title='bbox 1262 964 1351 1021; x_wconf 92' lang='lat' dir='ltr'>cordi·</span> 
     </span>
     <span class='ocr_line' id='line_1_10' title="bbox 182 1038 1352 1129; baseline -0.005 -22"><span class='ocrx_word' id='word_1_93' title='bbox 182 1049 234 1107; x_wconf 86' lang='lat' dir='ltr'>bos</span> <span class='ocrx_word' id='word_1_94' title='bbox 261 1049 426 1129; x_wconf 67' lang='lat' dir='ltr'>discordiam</span> <span class='ocrx_word' id='word_1_95' title='bbox 455 1050 567 1117; x_wconf 87' lang='lat' dir='ltr'>babent,</span> <span class='ocrx_word' id='word_1_96' title='bbox 596 1058 623 1106; x_wconf 88' lang='lat' dir='ltr'>et</span> <span class='ocrx_word' id='word_1_97' title='bbox 651 1068 705 1106; x_wconf 94' lang='lat' dir='ltr'>non</span> <span class='ocrx_word' id='word_1_98' title='bbox 728 1050 830 1107; x_wconf 90' lang='lat' dir='ltr'>habent</span> <span class='ocrx_word' id='word_1_99' title='bbox 849 1067 944 1125; x_wconf 82' lang='lat' dir='ltr'>pacem</span> <span class='ocrx_word' id='word_1_100' title='bbox 971 1050 1041 1106; x_wconf 89' lang='lat' dir='ltr'>inter</span> <span class='ocrx_word' id='word_1_101' title='bbox 1063 1065 1107 1115; x_wconf 89' lang='lat' dir='ltr'>se;</span> <span class='ocrx_word' id='word_1_102' title='bbox 1137 1048 1163 1102; x_wconf 91' lang='lat' dir='ltr'>in</span> <span class='ocrx_word' id='word_1_103' title='bbox 1186 1038 1352 1121; x_wconf 65' lang='lat' dir='ltr'>praesentia*</span> 
     </span>
     <span class='ocr_line' id='line_1_11' title="bbox 184 1128 1353 1208; baseline -0.005 -19"><span class='ocrx_word' id='word_1_104' title='bbox 184 1132 293 1208; x_wconf 85' lang='lat' dir='ltr'>quidem</span> <span class='ocrx_word' id='word_1_105' title='bbox 315 1149 411 1207; x_wconf 81' lang='lat' dir='ltr'>pacem</span> <span class='ocrx_word' id='word_1_106' title='bbox 431 1132 578 1200; x_wconf 87' lang='lat' dir='ltr'>habentes,</span> <span class='ocrx_word' id='word_1_107' title='bbox 602 1149 664 1188; x_wconf 88' lang='lat' dir='ltr'>curn</span> <span class='ocrx_word' id='word_1_108' title='bbox 686 1142 773 1189; x_wconf 88' lang='lat' dir='ltr'>autem</span> <span class='ocrx_word' id='word_1_109' title='bbox 796 1151 866 1190; x_wconf 90' lang='lat' dir='ltr'>unus</span> <span class='ocrx_word' id='word_1_110' title='bbox 889 1133 922 1189; x_wconf 89' lang='lat' dir='ltr'>ab</span> <span class='ocrx_word' id='word_1_111' title='bbox 950 1132 1001 1188; x_wconf 87' lang='lat' dir='ltr'>alio</span> <span class='ocrx_word' id='word_1_112' title='bbox 1029 1131 1203 1197; x_wconf 82' lang='lat' dir='ltr'>discesserit,</span> <span class='ocrx_word' id='word_1_113' title='bbox 1231 1128 1353 1203; x_wconf 85' lang='lat' dir='ltr'>nequitia</span> 
     </span>
     <span class='ocr_line' id='line_1_12' title="bbox 183 1211 1354 1288; baseline -0.005 -16"><span class='ocrx_word' id='word_1_114' title='bbox 183 1231 278 1272; x_wconf 83' lang='lat' dir='ltr'>eorum</span> <span class='ocrx_word' id='word_1_115' title='bbox 307 1216 334 1270; x_wconf 87' lang='lat' dir='ltr'>in</span> <span class='ocrx_word' id='word_1_116' title='bbox 364 1214 493 1270; x_wconf 85' lang='lat' dir='ltr'>cordibus</span> <span class='ocrx_word' id='word_1_117' title='bbox 523 1223 672 1288; x_wconf 81' lang='lat' dir='ltr'>permanet.</span> <span class='ocrx_word' id='word_1_118' title='bbox 716 1216 771 1272; x_wconf 90' lang='lat' dir='ltr'>llae</span> <span class='ocrx_word' id='word_1_119' title='bbox 798 1226 862 1272; x_wconf 90' lang='lat' dir='ltr'>sunt</span> <span class='ocrx_word' id='word_1_120' title='bbox 890 1234 956 1288; x_wconf 89' lang='lat' dir='ltr'>ergo</span> <span class='ocrx_word' id='word_1_121' title='bbox 985 1215 1138 1280; x_wconf 87' lang='lat' dir='ltr'>scissurae,</span> <span class='ocrx_word' id='word_1_122' title='bbox 1162 1229 1229 1285; x_wconf 88' lang='lat' dir='ltr'>quas</span> <span class='ocrx_word' id='word_1_123' title='bbox 1251 1211 1354 1267; x_wconf 89' lang='lat' dir='ltr'>habent</span> 
     </span>
     <span class='ocr_line' id='line_1_13' title="bbox 183 1291 1351 1373; baseline -0.006 -18"><span class='ocrx_word' id='word_1_124' title='bbox 183 1294 297 1373; x_wconf 74' lang='lat' dir='ltr'>lapides.</span> <span class='ocrx_word' id='word_1_125' title='bbox 340 1296 390 1365; x_wconf 83' lang='lat' dir='ltr'>Qui</span> <span class='ocrx_word' id='word_1_126' title='bbox 411 1313 475 1352; x_wconf 86' lang='lat' dir='ltr'>vero</span> <span class='ocrx_word' id='word_1_127' title='bbox 497 1291 579 1353; x_wconf 77' lang='lat' dir='ltr'>curti&#39;¹</span> <span class='ocrx_word' id='word_1_128' title='bbox 600 1306 677 1366; x_wconf 88' lang='lat' dir='ltr'>sunt,</span> <span class='ocrx_word' id='word_1_129' title='bbox 701 1299 719 1354; x_wconf 93' lang='lat' dir='ltr'>ii</span> <span class='ocrx_word' id='word_1_130' title='bbox 740 1307 817 1367; x_wconf 90' lang='lat' dir='ltr'>sunt,</span> <span class='ocrx_word' id='word_1_131' title='bbox 840 1301 885 1371; x_wconf 94' lang='lat' dir='ltr'>qui</span> <span class='ocrx_word' id='word_1_132' title='bbox 908 1296 1083 1355; x_wconf 84' lang='lat' dir='ltr'>crediderunt</span> <span class='ocrx_word' id='word_1_133' title='bbox 1114 1295 1238 1368; x_wconf 91' lang='lat' dir='ltr'>quidem,</span> <span class='ocrx_word' id='word_1_134' title='bbox 1268 1293 1351 1367; x_wconf 90' lang='lat' dir='ltr'>pluri·</span> 
     </span>
     <span class='ocr_line' id='line_1_14' title="bbox 183 1372 1352 1455; baseline -0.005 -19"><span class='ocrx_word' id='word_1_135' title='bbox 183 1394 253 1436; x_wconf 84' lang='lat' dir='ltr'>mam</span> <span class='ocrx_word' id='word_1_136' title='bbox 281 1388 388 1455; x_wconf 89' lang='lat' dir='ltr'>partem</span> <span class='ocrx_word' id='word_1_137' title='bbox 417 1372 561 1436; x_wconf 83' lang='lat' dir='ltr'>habentes⁹</span> <span class='ocrx_word' id='word_1_138' title='bbox 588 1380 750 1453; x_wconf 81' lang='lat' dir='ltr'>iniquitatis3</span> <span class='ocrx_word' id='word_1_139' title='bbox 788 1390 901 1455; x_wconf 90' lang='lat' dir='ltr'>propter</span> <span class='ocrx_word' id='word_1_140' title='bbox 933 1382 986 1437; x_wconf 90' lang='lat' dir='ltr'>boc</span> <span class='ocrx_word' id='word_1_141' title='bbox 1016 1379 1087 1436; x_wconf 90' lang='lat' dir='ltr'>curti</span> <span class='ocrx_word' id='word_1_142' title='bbox 1114 1386 1142 1434; x_wconf 92' lang='lat' dir='ltr'>et</span> <span class='ocrx_word' id='word_1_143' title='bbox 1169 1394 1224 1433; x_wconf 91' lang='lat' dir='ltr'>non</span> <span class='ocrx_word' id='word_1_144' title='bbox 1254 1376 1352 1448; x_wconf 79' lang='lat' dir='ltr'>integri</span> 
     </span>
     <span class='ocr_line' id='line_1_15' title="bbox 184 1460 1353 1533; baseline -0.003 -14"><span class='ocrx_word' id='word_1_145' title='bbox 184 1460 267 1519; x_wconf 82' lang='lat' dir='ltr'>sunt‘</span> <span class='ocrx_word' id='word_1_146' title='bbox 309 1463 431 1532; x_wconf 83' lang='lat' dir='ltr'>,Candidi</span> <span class='ocrx_word' id='word_1_147' title='bbox 458 1471 547 1519; x_wconf 88' lang='lat' dir='ltr'>autem</span> <span class='ocrx_word' id='word_1_148' title='bbox 576 1470 604 1519; x_wconf 90' lang='lat' dir='ltr'>et</span> <span class='ocrx_word' id='word_1_149' title='bbox 633 1463 756 1533; x_wconf 91' lang='lat' dir='ltr'>rotundi,</span> <span class='ocrx_word' id='word_1_150' title='bbox 787 1472 815 1521; x_wconf 88' lang='lat' dir='ltr'>ct</span> <span class='ocrx_word' id='word_1_151' title='bbox 840 1482 895 1521; x_wconf 93' lang='lat' dir='ltr'>non</span> <span class='ocrx_word' id='word_1_152' title='bbox 926 1463 1117 1519; x_wconf 85' lang='lat' dir='ltr'>convenientes</span> <span class='ocrx_word' id='word_1_153' title='bbox 1139 1461 1166 1515; x_wconf 94' lang='lat' dir='ltr'>in</span> <span class='ocrx_word' id='word_1_154' title='bbox 1189 1467 1353 1515; x_wconf 88' lang='lat' dir='ltr'>structuram</span> 
     </span>
     <span class='ocr_line' id='line_1_16' title="bbox 185 1540 1353 1619; baseline -0.005 -16"><span class='ocrx_word' id='word_1_155' title='bbox 185 1547 284 1615; x_wconf 89' lang='lat' dir='ltr'>turris,</span> <span class='ocrx_word' id='word_1_156' title='bbox 308 1547 453 1619; x_wconf 90' lang='lat' dir='ltr'>quisunt,</span> <span class='ocrx_word' id='word_1_157' title='bbox 477 1541 614 1602; x_wconf 80' lang='lat' dir='ltr'>domInal‘</span> <span class='ocrx_word' id='word_1_158' title='bbox 657 1546 835 1619; x_wconf 84' lang='lat' dir='ltr'>Respondeas</span> <span class='ocrx_word' id='word_1_159' title='bbox 864 1547 929 1603; x_wconf 91' lang='lat' dir='ltr'>mibi</span> <span class='ocrx_word' id='word_1_160' title='bbox 962 1546 1038 1602; x_wconf 79' lang='lat' dir='ltr'>dixit:</span> <span class='ocrx_word' id='word_1_161' title='bbox 1069 1559 1224 1615; x_wconf 89' lang='lat' dir='ltr'>‚usquequo</span> <span class='ocrx_word' id='word_1_162' title='bbox 1254 1540 1353 1597; x_wconf 90' lang='lat' dir='ltr'>stultus</span> 
     </span>
     <span class='ocr_line' id='line_1_17' title="bbox 186 1624 1353 1702; baseline -0.006 -17"><span class='ocrx_word' id='word_1_163' title='bbox 186 1644 216 1685; x_wconf 81' lang='lat' dir='ltr'>os</span> <span class='ocrx_word' id='word_1_164' title='bbox 240 1636 269 1684; x_wconf 90' lang='lat' dir='ltr'>et</span> <span class='ocrx_word' id='word_1_165' title='bbox 289 1630 457 1695; x_wconf 87' lang='lat' dir='ltr'>insensatus,</span> <span class='ocrx_word' id='word_1_166' title='bbox 480 1635 507 1684; x_wconf 93' lang='lat' dir='ltr'>et</span> <span class='ocrx_word' id='word_1_167' title='bbox 529 1629 618 1685; x_wconf 88' lang='lat' dir='ltr'>omnia</span> <span class='ocrx_word' id='word_1_168' title='bbox 639 1631 807 1702; x_wconf 77' lang='lat' dir='ltr'>interrogas,</span> <span class='ocrx_word' id='word_1_169' title='bbox 829 1635 856 1685; x_wconf 87' lang='lat' dir='ltr'>et</span> <span class='ocrx_word' id='word_1_170' title='bbox 877 1629 944 1686; x_wconf 87' lang='lat' dir='ltr'>nibil</span> <span class='ocrx_word' id='word_1_171' title='bbox 977 1625 1122 1699; x_wconf 70' lang='lat' dir='ltr'>intelligis?</span> <span class='ocrx_word' id='word_1_172' title='bbox 1156 1625 1188 1679; x_wconf 90' lang='lat' dir='ltr'>lli</span> <span class='ocrx_word' id='word_1_173' title='bbox 1217 1632 1280 1679; x_wconf 89' lang='lat' dir='ltr'>sunt</span> <span class='ocrx_word' id='word_1_174' title='bbox 1307 1624 1353 1679; x_wconf 90' lang='lat' dir='ltr'>ha·</span> 
     </span>
     <span class='ocr_line' id='line_1_18' title="bbox 184 1704 1353 1784; baseline -0.006 -16"><span class='ocrx_word' id='word_1_175' title='bbox 184 1704 305 1768; x_wconf 85' lang='lat' dir='ltr'>bentcs¹⁰</span> <span class='ocrx_word' id='word_1_176' title='bbox 334 1711 444 1784; x_wconf 92' lang='lat' dir='ltr'>quidem</span> <span class='ocrx_word' id='word_1_177' title='bbox 472 1710 569 1778; x_wconf 88' lang='lat' dir='ltr'>tidem,</span> <span class='ocrx_word' id='word_1_178' title='bbox 599 1712 730 1768; x_wconf 89' lang='lat' dir='ltr'>babentes</span> <span class='ocrx_word' id='word_1_179' title='bbox 760 1720 849 1768; x_wconf 88' lang='lat' dir='ltr'>autem</span> <span class='ocrx_word' id='word_1_180' title='bbox 872 1721 900 1768; x_wconf 90' lang='lat' dir='ltr'>et</span> <span class='ocrx_word' id='word_1_181' title='bbox 922 1712 1026 1768; x_wconf 86' lang='lat' dir='ltr'>divitias</span> <span class='ocrx_word' id='word_1_182' title='bbox 1049 1709 1129 1765; x_wconf 90' lang='lat' dir='ltr'>huius</span> <span class='ocrx_word' id='word_1_183' title='bbox 1152 1707 1245 1763; x_wconf 90' lang='lat' dir='ltr'>seculi.</span> <span class='ocrx_word' id='word_1_184' title='bbox 1288 1706 1353 1762; x_wconf 87' lang='lat' dir='ltr'>Cum</span> 
     </span>
     <span class='ocr_line' id='line_1_19' title="bbox 185 1780 1353 1867; baseline -0.006 -17"><span class='ocrx_word' id='word_1_185' title='bbox 185 1810 251 1867; x_wconf 86' lang='lat' dir='ltr'>ergo</span> <span class='ocrx_word' id='word_1_186' title='bbox 275 1795 378 1850; x_wconf 86' lang='lat' dir='ltr'>venerit</span> <span class='ocrx_word' id='word_1_187' title='bbox 401 1792 547 1861; x_wconf 87' lang='lat' dir='ltr'>tribulatio,</span> <span class='ocrx_word' id='word_1_188' title='bbox 574 1803 688 1867; x_wconf 89' lang='lat' dir='ltr'>propter</span> <span class='ocrx_word' id='word_1_189' title='bbox 710 1794 814 1849; x_wconf 86' lang='lat' dir='ltr'>divitias</span> <span class='ocrx_word' id='word_1_190' title='bbox 837 1810 900 1849; x_wconf 88' lang='lat' dir='ltr'>suas</span> <span class='ocrx_word' id='word_1_191' title='bbox 923 1801 950 1849; x_wconf 88' lang='lat' dir='ltr'>et</span> <span class='ocrx_word' id='word_1_192' title='bbox 979 1791 1177 1867; x_wconf 78' lang='lat' dir='ltr'>negotiationes</span> <span class='ocrx_word' id='word_1_193' title='bbox 1201 1780 1284 1846; x_wconf 84' lang='lat' dir='ltr'>suas¹¹</span> <span class='ocrx_word' id='word_1_194' title='bbox 1307 1786 1353 1843; x_wconf 91' lang='lat' dir='ltr'>ab·</span> 
     </span>
     <span class='ocr_line' id='line_1_20' title="bbox 184 1870 1354 1949; baseline -0.003 -18"><span class='ocrx_word' id='word_1_195' title='bbox 184 1884 285 1949; x_wconf 89' lang='lat' dir='ltr'>negant</span> <span class='ocrx_word' id='word_1_196' title='bbox 305 1871 464 1930; x_wconf 84' lang='lat' dir='ltr'>Dominum‘</span> <span class='ocrx_word' id='word_1_197' title='bbox 507 1874 685 1948; x_wconf 80' lang='lat' dir='ltr'>Respondeas</span> <span class='ocrx_word' id='word_1_198' title='bbox 715 1874 776 1930; x_wconf 90' lang='lat' dir='ltr'>dico</span> <span class='ocrx_word' id='word_1_199' title='bbox 805 1877 844 1932; x_wconf 85' lang='lat' dir='ltr'>ci:</span> <span class='ocrx_word' id='word_1_200' title='bbox 878 1877 1010 1942; x_wconf 73' lang='lat' dir='ltr'>domina,</span> <span class='ocrx_word' id='word_1_201' title='bbox 1041 1874 1150 1946; x_wconf 91' lang='lat' dir='ltr'>quando</span> <span class='ocrx_word' id='word_1_202' title='bbox 1182 1888 1249 1944; x_wconf 87' lang='lat' dir='ltr'>ergo</span> <span class='ocrx_word' id='word_1_203' title='bbox 1271 1870 1354 1927; x_wconf 90' lang='lat' dir='ltr'>utiles</span> 
     </span>
     <span class='ocr_line' id='line_1_21' title="bbox 185 1948 1353 2031; baseline -0.004 -17"><span class='ocrx_word' id='word_1_204' title='bbox 185 1964 266 2014; x_wconf 82' lang='lat' dir='ltr'>crunt</span> <span class='ocrx_word' id='word_1_205' title='bbox 286 1952 427 2011; x_wconf 78' lang='lat' dir='ltr'>bomInol‘</span> <span class='ocrx_word' id='word_1_206' title='bbox 469 1955 546 2024; x_wconf 83' lang='lat' dir='ltr'>,Cum</span> <span class='ocrx_word' id='word_1_207' title='bbox 567 1948 762 2024; x_wconf 87' lang='lat' dir='ltr'>circumcisae,‘</span> <span class='ocrx_word' id='word_1_208' title='bbox 785 1957 879 2031; x_wconf 86' lang='lat' dir='ltr'>iuquit,</span> <span class='ocrx_word' id='word_1_209' title='bbox 903 1959 1012 2025; x_wconf 84' lang='lat' dir='ltr'>,luerint</span> <span class='ocrx_word' id='word_1_210' title='bbox 1035 1955 1141 2011; x_wconf 90' lang='lat' dir='ltr'>divitiae</span> <span class='ocrx_word' id='word_1_211' title='bbox 1163 1971 1265 2021; x_wconf 90' lang='lat' dir='ltr'>eorum,</span> <span class='ocrx_word' id='word_1_212' title='bbox 1283 1969 1353 2027; x_wconf 87' lang='lat' dir='ltr'>quae</span> 
     </span>
     <span class='ocr_line' id='line_1_22' title="bbox 186 2030 1355 2106; baseline -0.003 -10"><span class='ocrx_word' id='word_1_213' title='bbox 186 2054 235 2096; x_wconf 82' lang='lat' dir='ltr'>eos</span> <span class='ocrx_word' id='word_1_214' title='bbox 268 2038 415 2106; x_wconf 88' lang='lat' dir='ltr'>delectant,</span> <span class='ocrx_word' id='word_1_215' title='bbox 447 2030 534 2094; x_wconf 80' lang='lat' dir='ltr'>tuac¹²</span> <span class='ocrx_word' id='word_1_216' title='bbox 564 2049 646 2095; x_wconf 88' lang='lat' dir='ltr'>eruut</span> <span class='ocrx_word' id='word_1_217' title='bbox 669 2039 749 2095; x_wconf 91' lang='lat' dir='ltr'>utiles</span> <span class='ocrx_word' id='word_1_218' title='bbox 772 2040 885 2097; x_wconf 83' lang='lat' dir='ltr'>lloruino</span> <span class='ocrx_word' id='word_1_219' title='bbox 914 2040 949 2096; x_wconf 91' lang='lat' dir='ltr'>ad</span> <span class='ocrx_word' id='word_1_220' title='bbox 971 2039 1132 2096; x_wconf 86' lang='lat' dir='ltr'>aedificium.</span> <span class='ocrx_word' id='word_1_221' title='bbox 1175 2037 1252 2093; x_wconf 90' lang='lat' dir='ltr'>Sicut</span> <span class='ocrx_word' id='word_1_222' title='bbox 1282 2038 1355 2093; x_wconf 89' lang='lat' dir='ltr'>enim</span> 
     </span>
     <span class='ocr_line' id='line_1_23' title="bbox 185 2112 1354 2195; baseline -0.003 -18"><span class='ocrx_word' id='word_1_223' title='bbox 185 2121 255 2195; x_wconf 84' lang='lat' dir='ltr'>lapis</span> <span class='ocrx_word' id='word_1_224' title='bbox 276 2121 423 2191; x_wconf 89' lang='lat' dir='ltr'>rotundus,</span> <span class='ocrx_word' id='word_1_225' title='bbox 446 2121 498 2176; x_wconf 93' lang='lat' dir='ltr'>nisi</span> <span class='ocrx_word' id='word_1_226' title='bbox 519 2122 628 2179; x_wconf 85' lang='lat' dir='ltr'>decisus</span> <span class='ocrx_word' id='word_1_227' title='bbox 651 2122 732 2178; x_wconf 88' lang='lat' dir='ltr'>luerit</span> <span class='ocrx_word' id='word_1_228' title='bbox 753 2130 781 2178; x_wconf 85' lang='lat' dir='ltr'>et</span> <span class='ocrx_word' id='word_1_229' title='bbox 801 2122 931 2180; x_wconf 87' lang='lat' dir='ltr'>abiecerit</span> <span class='ocrx_word' id='word_1_230' title='bbox 952 2123 985 2180; x_wconf 90' lang='lat' dir='ltr'>ab</span> <span class='ocrx_word' id='word_1_231' title='bbox 1008 2139 1038 2178; x_wconf 89' lang='lat' dir='ltr'>se</span> <span class='ocrx_word' id='word_1_232' title='bbox 1061 2112 1201 2194; x_wconf 78' lang='lat' dir='ltr'>aliquid,¹³</span> <span class='ocrx_word' id='word_1_233' title='bbox 1221 2136 1276 2175; x_wconf 92' lang='lat' dir='ltr'>non</span> <span class='ocrx_word' id='word_1_234' title='bbox 1306 2137 1354 2193; x_wconf 92' lang='lat' dir='ltr'>po·</span> 
     </span>
     <span class='ocr_line' id='line_1_24' title="bbox 185 2202 1353 2278; baseline -0.003 -17"><span class='ocrx_word' id='word_1_235' title='bbox 185 2211 240 2261; x_wconf 84' lang='lat' dir='ltr'>teat</span> <span class='ocrx_word' id='word_1_236' title='bbox 268 2203 416 2276; x_wconf 88' lang='lat' dir='ltr'>quadratus</span> <span class='ocrx_word' id='word_1_237' title='bbox 447 2203 524 2269; x_wconf 77' lang='lat' dir='ltr'>sieri3</span> <span class='ocrx_word' id='word_1_238' title='bbox 555 2205 594 2261; x_wconf 89' lang='lat' dir='ltr'>sic</span> <span class='ocrx_word' id='word_1_239' title='bbox 624 2214 664 2273; x_wconf 93' lang='lat' dir='ltr'>et,</span> <span class='ocrx_word' id='word_1_240' title='bbox 697 2206 743 2278; x_wconf 95' lang='lat' dir='ltr'>qui</span> <span class='ocrx_word' id='word_1_241' title='bbox 774 2206 870 2262; x_wconf 86' lang='lat' dir='ltr'>divites</span> <span class='ocrx_word' id='word_1_242' title='bbox 892 2215 955 2263; x_wconf 92' lang='lat' dir='ltr'>sunt</span> <span class='ocrx_word' id='word_1_243' title='bbox 976 2207 1002 2262; x_wconf 89' lang='lat' dir='ltr'>in</span> <span class='ocrx_word' id='word_1_244' title='bbox 1025 2205 1080 2260; x_wconf 90' lang='lat' dir='ltr'>boc</span> <span class='ocrx_word' id='word_1_245' title='bbox 1101 2202 1207 2270; x_wconf 89' lang='lat' dir='ltr'>seculo,</span> <span class='ocrx_word' id='word_1_246' title='bbox 1229 2202 1282 2259; x_wconf 92' lang='lat' dir='ltr'>nisi</span> <span class='ocrx_word' id='word_1_247' title='bbox 1303 2203 1353 2258; x_wconf 87' lang='lat' dir='ltr'>cir·</span> 
     </span>
     <span class='ocr_line' id='line_1_25' title="bbox 185 2286 1352 2363; baseline -0.003 -20"><span class='ocrx_word' id='word_1_248' title='bbox 185 2287 322 2343; x_wconf 86' lang='lat' dir='ltr'>cumcisae</span> <span class='ocrx_word' id='word_1_249' title='bbox 349 2286 450 2343; x_wconf 88' lang='lat' dir='ltr'>luerint</span> <span class='ocrx_word' id='word_1_250' title='bbox 478 2286 587 2344; x_wconf 87' lang='lat' dir='ltr'>divitiae</span> <span class='ocrx_word' id='word_1_251' title='bbox 616 2304 726 2355; x_wconf 89' lang='lat' dir='ltr'>eorum,</span> <span class='ocrx_word' id='word_1_252' title='bbox 752 2305 807 2345; x_wconf 87' lang='lat' dir='ltr'>uon</span> <span class='ocrx_word' id='word_1_253' title='bbox 833 2297 949 2363; x_wconf 90' lang='lat' dir='ltr'>possunt</span> <span class='ocrx_word' id='word_1_254' title='bbox 967 2288 1081 2345; x_wconf 83' lang='lat' dir='ltr'>llonaino</span> <span class='ocrx_word' id='word_1_255' title='bbox 1106 2286 1185 2342; x_wconf 87' lang='lat' dir='ltr'>utiles</span> <span class='ocrx_word' id='word_1_256' title='bbox 1221 2302 1290 2341; x_wconf 87' lang='lat' dir='ltr'>esse.</span> <span class='ocrx_word' id='word_1_257' title='bbox 1333 2286 1352 2340; x_wconf 83' lang='grc' dir='ltr'><strong>Α</strong></span> 
     </span>
     <span class='ocr_line' id='line_1_26' title="bbox 184 2367 1353 2443; baseline -0.005 -17"><span class='ocrx_word' id='word_1_258' title='bbox 184 2376 211 2426; x_wconf 84' lang='lat' dir='ltr'>te</span> <span class='ocrx_word' id='word_1_259' title='bbox 239 2369 353 2443; x_wconf 87' lang='lat' dir='ltr'>primum</span> <span class='ocrx_word' id='word_1_260' title='bbox 384 2370 461 2425; x_wconf 90' lang='lat' dir='ltr'>scito.</span> <span class='ocrx_word' id='word_1_261' title='bbox 504 2370 615 2439; x_wconf 85' lang='lat' dir='ltr'>Quando</span> <span class='ocrx_word' id='word_1_262' title='bbox 642 2371 715 2428; x_wconf 87' lang='lat' dir='ltr'>dives</span> <span class='ocrx_word' id='word_1_263' title='bbox 746 2370 838 2440; x_wconf 84' lang='lat' dir='ltr'>luisti,</span> <span class='ocrx_word' id='word_1_264' title='bbox 866 2373 966 2429; x_wconf 89' lang='lat' dir='ltr'>inutilis</span> <span class='ocrx_word' id='word_1_265' title='bbox 995 2388 1071 2437; x_wconf 83' lang='lat' dir='ltr'>eras3</span> <span class='ocrx_word' id='word_1_266' title='bbox 1102 2385 1174 2424; x_wconf 90' lang='lat' dir='ltr'>nuuc</span> <span class='ocrx_word' id='word_1_267' title='bbox 1194 2384 1258 2424; x_wconf 87' lang='lat' dir='ltr'>vero</span> <span class='ocrx_word' id='word_1_268' title='bbox 1280 2367 1353 2423; x_wconf 88' lang='lat' dir='ltr'>utilis</span> 
     </span>
     <span class='ocr_line' id='line_1_27' title="bbox 186 2448 1241 2528; baseline -0.002 -20"><span class='ocrx_word' id='word_1_269' title='bbox 186 2468 217 2508; x_wconf 86' lang='lat' dir='ltr'>es</span> <span class='ocrx_word' id='word_1_270' title='bbox 239 2461 267 2509; x_wconf 86' lang='lat' dir='ltr'>et</span> <span class='ocrx_word' id='word_1_271' title='bbox 288 2461 365 2527; x_wconf 92' lang='lat' dir='ltr'>aptus</span> <span class='ocrx_word' id='word_1_272' title='bbox 388 2453 456 2508; x_wconf 86' lang='lat' dir='ltr'>vitae</span> <span class='ocrx_word' id='word_1_273' title='bbox 477 2462 557 2527; x_wconf 84' lang='lat' dir='ltr'>tuae;</span> <span class='ocrx_word' id='word_1_274' title='bbox 591 2470 651 2510; x_wconf 85' lang='lat' dir='ltr'>uam</span> <span class='ocrx_word' id='word_1_275' title='bbox 675 2462 702 2511; x_wconf 90' lang='lat' dir='ltr'>et</span> <span class='ocrx_word' id='word_1_276' title='bbox 723 2463 752 2512; x_wconf 90' lang='lat' dir='ltr'>tu</span> <span class='ocrx_word' id='word_1_277' title='bbox 774 2454 833 2528; x_wconf 88' lang='lat' dir='ltr'>ipse</span> <span class='ocrx_word' id='word_1_278' title='bbox 856 2472 888 2511; x_wconf 80' lang='lat' dir='ltr'>ex</span> <span class='ocrx_word' id='word_1_279' title='bbox 909 2448 972 2511; x_wconf 85' lang='lat' dir='ltr'>eis¹⁴</span> <span class='ocrx_word' id='word_1_280' title='bbox 993 2452 1127 2527; x_wconf 86' lang='lat' dir='ltr'>lapidibus</span> <span class='ocrx_word' id='word_1_281' title='bbox 1150 2449 1241 2507; x_wconf 86' lang='lat' dir='ltr'>luisti‘</span> 
     </span>
    </p>
   </div>
   <div class='ocr_carea' id='block_1_3' title="bbox 185 2564 1356 3552">
    <p class='ocr_par' dir='ltr' id='par_1_3' title="bbox 185 2564 1356 3552">
     <span class='ocr_line' id='line_1_28' title="bbox 269 2564 1354 2645; baseline -0.002 -20"><span class='ocrx_word' id='word_1_282' title='bbox 269 2564 379 2639; x_wconf 79' lang='lat' dir='ltr'>(u)Vll.</span> <span class='ocrx_word' id='word_1_283' title='bbox 421 2569 560 2634; x_wconf 83' lang='lat' dir='ltr'>‚Caeteros</span> <span class='ocrx_word' id='word_1_284' title='bbox 590 2579 679 2627; x_wconf 89' lang='lat' dir='ltr'>autem</span> <span class='ocrx_word' id='word_1_285' title='bbox 709 2571 827 2644; x_wconf 87' lang='lat' dir='ltr'>lapides,</span> <span class='ocrx_word' id='word_1_286' title='bbox 859 2589 928 2645; x_wconf 91' lang='lat' dir='ltr'>quos</span> <span class='ocrx_word' id='word_1_287' title='bbox 956 2570 1047 2627; x_wconf 80' lang='lat' dir='ltr'>uidisti</span> <span class='ocrx_word' id='word_1_288' title='bbox 1076 2568 1156 2640; x_wconf 87' lang='lat' dir='ltr'>longe</span> <span class='ocrx_word' id='word_1_289' title='bbox 1178 2569 1354 2641; x_wconf 83' lang='lat' dir='ltr'>proiectosa</span> 
     </span>
     <span class='ocr_line' id='line_1_29' title="bbox 187 2643 1352 2722; baseline -0.003 -14"><span class='ocrx_word' id='word_1_290' title='bbox 187 2653 270 2720; x_wconf 88' lang='lat' dir='ltr'>turri,</span> <span class='ocrx_word' id='word_1_291' title='bbox 293 2659 322 2708; x_wconf 92' lang='lat' dir='ltr'>et</span> <span class='ocrx_word' id='word_1_292' title='bbox 342 2660 486 2709; x_wconf 88' lang='lat' dir='ltr'>currentes</span> <span class='ocrx_word' id='word_1_293' title='bbox 509 2653 534 2707; x_wconf 92' lang='lat' dir='ltr'>in</span> <span class='ocrx_word' id='word_1_294' title='bbox 559 2653 615 2721; x_wconf 87' lang='lat' dir='ltr'>via,</span> <span class='ocrx_word' id='word_1_295' title='bbox 637 2662 664 2708; x_wconf 85' lang='lat' dir='ltr'>et</span> <span class='ocrx_word' id='word_1_296' title='bbox 684 2653 753 2709; x_wconf 84' lang='lat' dir='ltr'>volvi</span> <span class='ocrx_word' id='word_1_297' title='bbox 776 2653 809 2709; x_wconf 92' lang='lat' dir='ltr'>de</span> <span class='ocrx_word' id='word_1_298' title='bbox 831 2655 873 2710; x_wconf 86' lang='lat' dir='ltr'>via</span> <span class='ocrx_word' id='word_1_299' title='bbox 894 2655 921 2710; x_wconf 93' lang='lat' dir='ltr'>iu</span> <span class='ocrx_word' id='word_1_300' title='bbox 941 2655 1000 2710; x_wconf 87' lang='lat' dir='ltr'>loca</span> <span class='ocrx_word' id='word_1_301' title='bbox 1025 2652 1141 2718; x_wconf 90' lang='lat' dir='ltr'>deserta,</span> <span class='ocrx_word' id='word_1_302' title='bbox 1163 2643 1192 2705; x_wconf 87' lang='lat' dir='ltr'>ii¹</span> <span class='ocrx_word' id='word_1_303' title='bbox 1214 2656 1285 2717; x_wconf 87' lang='lat' dir='ltr'>sunt,</span> <span class='ocrx_word' id='word_1_304' title='bbox 1307 2649 1352 2722; x_wconf 88' lang='lat' dir='ltr'>qui</span> 
     </span>
     <span class='ocr_line' id='line_1_30' title="bbox 185 2734 1354 2810; baseline -0.002 -20"><span class='ocrx_word' id='word_1_305' title='bbox 185 2736 362 2792; x_wconf 89' lang='lat' dir='ltr'>erediderunt</span> <span class='ocrx_word' id='word_1_306' title='bbox 381 2734 498 2807; x_wconf 88' lang='lat' dir='ltr'>quidem,</span> <span class='ocrx_word' id='word_1_307' title='bbox 519 2734 685 2790; x_wconf 85' lang='lat' dir='ltr'>dubitatione</span> <span class='ocrx_word' id='word_1_308' title='bbox 708 2744 796 2791; x_wconf 88' lang='lat' dir='ltr'>autem</span> <span class='ocrx_word' id='word_1_309' title='bbox 818 2753 865 2791; x_wconf 88' lang='lat' dir='ltr'>sua</span> <span class='ocrx_word' id='word_1_310' title='bbox 888 2735 1058 2810; x_wconf 86' lang='lat' dir='ltr'>reliquerunt</span> <span class='ocrx_word' id='word_1_311' title='bbox 1078 2734 1146 2789; x_wconf 85' lang='lat' dir='ltr'>viam</span> <span class='ocrx_word' id='word_1_312' title='bbox 1162 2750 1238 2789; x_wconf 88' lang='lat' dir='ltr'>suam</span> <span class='ocrx_word' id='word_1_313' title='bbox 1256 2748 1354 2800; x_wconf 84' lang='lat' dir='ltr'>veram,</span> 
     </span>
     <span class='ocr_line' id='line_1_31' title="bbox 185 2807 1354 2891; baseline -0.001 -19"><span class='ocrx_word' id='word_1_314' title='bbox 185 2824 328 2891; x_wconf 91' lang='lat' dir='ltr'>putantes,</span> <span class='ocrx_word' id='word_1_315' title='bbox 353 2833 383 2872; x_wconf 87' lang='lat' dir='ltr'>se</span> <span class='ocrx_word' id='word_1_316' title='bbox 410 2815 550 2872; x_wconf 88' lang='lat' dir='ltr'>meliorem</span> <span class='ocrx_word' id='word_1_317' title='bbox 581 2817 649 2872; x_wconf 88' lang='lat' dir='ltr'>viam</span> <span class='ocrx_word' id='word_1_318' title='bbox 679 2834 761 2891; x_wconf 89' lang='lat' dir='ltr'>posse</span> <span class='ocrx_word' id='word_1_319' title='bbox 790 2819 919 2874; x_wconf 81' lang='lat' dir='ltr'>invenIre.</span> <span class='ocrx_word' id='word_1_320' title='bbox 961 2807 1070 2874; x_wconf 87' lang='lat' dir='ltr'>Errant¹</span> <span class='ocrx_word' id='word_1_321' title='bbox 1090 2823 1193 2883; x_wconf 86' lang='lat' dir='ltr'>autem,</span> <span class='ocrx_word' id='word_1_322' title='bbox 1212 2823 1240 2871; x_wconf 87' lang='lat' dir='ltr'>et</span> <span class='ocrx_word' id='word_1_323' title='bbox 1260 2815 1354 2871; x_wconf 90' lang='lat' dir='ltr'>miseri</span> 
     </span>
     <span class='ocr_line' id='line_1_32' title="bbox 186 2891 1355 2972; baseline -0.003 -16"><span class='ocrx_word' id='word_1_324' title='bbox 186 2908 264 2967; x_wconf 84' lang='lat' dir='ltr'>sunt,</span> <span class='ocrx_word' id='word_1_325' title='bbox 296 2899 479 2972; x_wconf 80' lang='lat' dir='ltr'>iugredIcntes</span> <span class='ocrx_word' id='word_1_326' title='bbox 502 2898 529 2954; x_wconf 91' lang='lat' dir='ltr'>in</span> <span class='ocrx_word' id='word_1_327' title='bbox 552 2900 676 2956; x_wconf 88' lang='lat' dir='ltr'>desertas</span> <span class='ocrx_word' id='word_1_328' title='bbox 697 2891 774 2955; x_wconf 74' lang='lat' dir='ltr'>vias.⁸</span> <span class='ocrx_word' id='word_1_329' title='bbox 816 2900 866 2969; x_wconf 85' lang='lat' dir='ltr'>Qui</span> <span class='ocrx_word' id='word_1_330' title='bbox 887 2907 976 2957; x_wconf 88' lang='lat' dir='ltr'>autem</span> <span class='ocrx_word' id='word_1_331' title='bbox 1000 2899 1133 2956; x_wconf 89' lang='lat' dir='ltr'>cadebant</span> <span class='ocrx_word' id='word_1_332' title='bbox 1155 2899 1181 2953; x_wconf 91' lang='lat' dir='ltr'>in</span> <span class='ocrx_word' id='word_1_333' title='bbox 1209 2899 1299 2971; x_wconf 90' lang='lat' dir='ltr'>iguem</span> <span class='ocrx_word' id='word_1_334' title='bbox 1328 2907 1355 2953; x_wconf 90' lang='lat' dir='ltr'>et</span> 
     </span>
     <span class='ocr_line' id='line_1_33' title="bbox 186 2975 1353 3056; baseline -0.003 -18"><span class='ocrx_word' id='word_1_335' title='bbox 186 2981 325 3049; x_wconf 82' lang='lat' dir='ltr'>ardebant,</span> <span class='ocrx_word' id='word_1_336' title='bbox 347 2982 364 3037; x_wconf 89' lang='lat' dir='ltr'>ii</span> <span class='ocrx_word' id='word_1_337' title='bbox 383 2988 454 3049; x_wconf 88' lang='lat' dir='ltr'>sunt,</span> <span class='ocrx_word' id='word_1_338' title='bbox 476 2982 523 3054; x_wconf 89' lang='lat' dir='ltr'>qui</span> <span class='ocrx_word' id='word_1_339' title='bbox 546 2982 573 3038; x_wconf 87' lang='lat' dir='ltr'>in</span> <span class='ocrx_word' id='word_1_340' title='bbox 594 2975 770 3056; x_wconf 84' lang='lat' dir='ltr'>perpetuum⁴</span> <span class='ocrx_word' id='word_1_341' title='bbox 785 2983 979 3040; x_wconf 87' lang='lat' dir='ltr'>abscesserunt</span> <span class='ocrx_word' id='word_1_342' title='bbox 992 3001 1008 3039; x_wconf 94' lang='lat' dir='ltr'>a</span> <span class='ocrx_word' id='word_1_343' title='bbox 1021 2984 1075 3039; x_wconf 87' lang='lat' dir='ltr'>lleo</span> <span class='ocrx_word' id='word_1_344' title='bbox 1091 2982 1158 3048; x_wconf 85' lang='lat' dir='ltr'>vivo,</span> <span class='ocrx_word' id='word_1_345' title='bbox 1173 2996 1224 3037; x_wconf 88' lang='lat' dir='ltr'>nec</span> <span class='ocrx_word' id='word_1_346' title='bbox 1239 2979 1353 3053; x_wconf 92' lang='lat' dir='ltr'>amplius</span> 
     </span>
     <span class='ocr_line' id='line_1_34' title="bbox 185 3062 1353 3140; baseline -0.001 -20"><span class='ocrx_word' id='word_1_347' title='bbox 185 3063 240 3120; x_wconf 92' lang='lat' dir='ltr'>illis</span> <span class='ocrx_word' id='word_1_348' title='bbox 263 3065 432 3121; x_wconf 83' lang='lat' dir='ltr'>ascenditis</span> <span class='ocrx_word' id='word_1_349' title='bbox 455 3065 553 3133; x_wconf 92' lang='lat' dir='ltr'>corda,</span> <span class='ocrx_word' id='word_1_350' title='bbox 574 3065 766 3138; x_wconf 88' lang='lat' dir='ltr'>poeniteutiam</span> <span class='ocrx_word' id='word_1_351' title='bbox 788 3083 884 3139; x_wconf 86' lang='lat' dir='ltr'>agere,</span> <span class='ocrx_word' id='word_1_352' title='bbox 906 3073 1021 3140; x_wconf 91' lang='lat' dir='ltr'>propter</span> <span class='ocrx_word' id='word_1_353' title='bbox 1049 3064 1185 3121; x_wconf 86' lang='lat' dir='ltr'>desideria</span> <span class='ocrx_word' id='word_1_354' title='bbox 1212 3062 1353 3119; x_wconf 83' lang='lat' dir='ltr'>libidinum</span> 
     </span>
     <span class='ocr_line' id='line_1_35' title="bbox 186 3145 1354 3221; baseline -0.002 -19"><span class='ocrx_word' id='word_1_355' title='bbox 186 3164 295 3203; x_wconf 85' lang='lat' dir='ltr'>suarum</span> <span class='ocrx_word' id='word_1_356' title='bbox 317 3156 346 3202; x_wconf 90' lang='lat' dir='ltr'>et</span> <span class='ocrx_word' id='word_1_357' title='bbox 366 3146 509 3214; x_wconf 88' lang='lat' dir='ltr'>scelerum,</span> <span class='ocrx_word' id='word_1_358' title='bbox 531 3164 601 3221; x_wconf 88' lang='lat' dir='ltr'>quae</span> <span class='ocrx_word' id='word_1_359' title='bbox 621 3146 786 3221; x_wconf 85' lang='lat' dir='ltr'>operantur.‘</span> <span class='ocrx_word' id='word_1_360' title='bbox 828 3150 941 3216; x_wconf 87' lang='lat' dir='ltr'>,Caeteri</span> <span class='ocrx_word' id='word_1_361' title='bbox 963 3164 1037 3216; x_wconf 85' lang='lat' dir='ltr'>vero,</span> <span class='ocrx_word' id='word_1_362' title='bbox 1060 3148 1105 3219; x_wconf 91' lang='lat' dir='ltr'>qui</span> <span class='ocrx_word' id='word_1_363' title='bbox 1129 3145 1262 3203; x_wconf 87' lang='lat' dir='ltr'>cadebant</span> <span class='ocrx_word' id='word_1_364' title='bbox 1281 3145 1354 3201; x_wconf 81' lang='lat' dir='ltr'>iuxta</span> 
     </span>
     <span class='ocr_line' id='line_1_36' title="bbox 186 3221 1354 3304; baseline 0.001 -21"><span class='ocrx_word' id='word_1_365' title='bbox 186 3244 286 3300; x_wconf 87' lang='lat' dir='ltr'>aquas,</span> <span class='ocrx_word' id='word_1_366' title='bbox 310 3236 337 3283; x_wconf 91' lang='lat' dir='ltr'>et</span> <span class='ocrx_word' id='word_1_367' title='bbox 358 3245 412 3284; x_wconf 92' lang='lat' dir='ltr'>non</span> <span class='ocrx_word' id='word_1_368' title='bbox 432 3236 558 3301; x_wconf 81' lang='lat' dir='ltr'>poterant</span> <span class='ocrx_word' id='word_1_369' title='bbox 577 3228 646 3284; x_wconf 85' lang='lat' dir='ltr'>volvi</span> <span class='ocrx_word' id='word_1_370' title='bbox 667 3230 694 3285; x_wconf 88' lang='lat' dir='ltr'>iu</span> <span class='ocrx_word' id='word_1_371' title='bbox 717 3224 829 3303; x_wconf 78' lang='lat' dir='ltr'>aquas‚⁶</span> <span class='ocrx_word' id='word_1_372' title='bbox 851 3233 895 3304; x_wconf 92' lang='lat' dir='ltr'>qui</span> <span class='ocrx_word' id='word_1_373' title='bbox 921 3227 1011 3287; x_wconf 83' lang='lat' dir='ltr'>suutl‘</span> <span class='ocrx_word' id='word_1_374' title='bbox 1054 3221 1098 3298; x_wconf 85' lang='lat' dir='ltr'>,li⁸</span> <span class='ocrx_word' id='word_1_375' title='bbox 1119 3237 1197 3297; x_wconf 90' lang='lat' dir='ltr'>sunt,</span> <span class='ocrx_word' id='word_1_376' title='bbox 1227 3229 1274 3301; x_wconf 91' lang='lat' dir='ltr'>qui</span> <span class='ocrx_word' id='word_1_377' title='bbox 1296 3245 1354 3284; x_wconf 90' lang='lat' dir='ltr'>ver·</span> 
     </span>
     <span class='ocr_line' id='line_1_37' title="bbox 185 3308 1356 3385; baseline -0.002 -19"><span class='ocrx_word' id='word_1_378' title='bbox 185 3308 249 3367; x_wconf 91' lang='lat' dir='ltr'>bum</span> <span class='ocrx_word' id='word_1_379' title='bbox 271 3309 431 3378; x_wconf 71' lang='lat' dir='ltr'>audierunt,</span> <span class='ocrx_word' id='word_1_380' title='bbox 452 3309 574 3367; x_wconf 81' lang='lat' dir='ltr'>volentes</span> <span class='ocrx_word' id='word_1_381' title='bbox 597 3311 726 3385; x_wconf 89' lang='lat' dir='ltr'>baptizari</span> <span class='ocrx_word' id='word_1_382' title='bbox 747 3315 774 3369; x_wconf 93' lang='lat' dir='ltr'>in</span> <span class='ocrx_word' id='word_1_383' title='bbox 797 3315 904 3371; x_wconf 89' lang='lat' dir='ltr'>nomine</span> <span class='ocrx_word' id='word_1_384' title='bbox 925 3312 1046 3381; x_wconf 70' lang='lat' dir='ltr'>Demitur</span> <span class='ocrx_word' id='word_1_385' title='bbox 1076 3311 1176 3385; x_wconf 90' lang='lat' dir='ltr'>quibus</span> <span class='ocrx_word' id='word_1_386' title='bbox 1198 3328 1259 3366; x_wconf 86' lang='lat' dir='ltr'>cum</span> <span class='ocrx_word' id='word_1_387' title='bbox 1281 3310 1356 3366; x_wconf 84' lang='lat' dir='ltr'>venit</span> 
     </span>
     <span class='ocr_line' id='line_1_38' title="bbox 185 3389 1354 3467; baseline -0.001 -19"><span class='ocrx_word' id='word_1_388' title='bbox 185 3392 214 3448; x_wconf 87' lang='lat' dir='ltr'>in</span> <span class='ocrx_word' id='word_1_389' title='bbox 236 3393 392 3448; x_wconf 90' lang='lat' dir='ltr'>memoriam</span> <span class='ocrx_word' id='word_1_390' title='bbox 415 3391 543 3449; x_wconf 87' lang='lat' dir='ltr'>sanctitas</span> <span class='ocrx_word' id='word_1_391' title='bbox 563 3395 698 3463; x_wconf 85' lang='lat' dir='ltr'>veritatis,</span> <span class='ocrx_word' id='word_1_392' title='bbox 720 3396 862 3453; x_wconf 88' lang='lat' dir='ltr'>retrabunt</span> <span class='ocrx_word' id='word_1_393' title='bbox 882 3389 939 3465; x_wconf 82' lang='lat' dir='ltr'>se,&#39;</span> <span class='ocrx_word' id='word_1_394' title='bbox 964 3395 1152 3467; x_wconf 87' lang='lat' dir='ltr'>ambulantque</span> <span class='ocrx_word' id='word_1_395' title='bbox 1174 3410 1269 3450; x_wconf 85' lang='lat' dir='ltr'>rursus</span> <span class='ocrx_word' id='word_1_396' title='bbox 1292 3400 1354 3466; x_wconf 90' lang='lat' dir='ltr'>post</span> 
     </span>
     <span class='ocr_line' id='line_1_39' title="bbox 186 3469 1352 3552; baseline -0.002 -21"><span class='ocrx_word' id='word_1_397' title='bbox 186 3474 322 3531; x_wconf 88' lang='lat' dir='ltr'>desideria</span> <span class='ocrx_word' id='word_1_398' title='bbox 343 3492 391 3532; x_wconf 89' lang='lat' dir='ltr'>sua</span> <span class='ocrx_word' id='word_1_399' title='bbox 413 3469 560 3535; x_wconf 80' lang='lat' dir='ltr'>scelesta.‘⁸</span> <span class='ocrx_word' id='word_1_400' title='bbox 603 3476 801 3534; x_wconf 83' lang='lat' dir='ltr'>Consummavit</span> <span class='ocrx_word' id='word_1_401' title='bbox 827 3479 908 3552; x_wconf 85' lang='lat' dir='ltr'>igitur</span> <span class='ocrx_word' id='word_1_402' title='bbox 934 3478 1135 3535; x_wconf 85' lang='lat' dir='ltr'>enarrationem</span> <span class='ocrx_word' id='word_1_403' title='bbox 1163 3476 1255 3532; x_wconf 87' lang='lat' dir='ltr'>turris.</span> <span class='ocrx_word' id='word_1_404' title='bbox 1297 3474 1352 3548; x_wconf 81' lang='lat' dir='ltr'>Ego</span> 
     </span>
    </p>
   </div>
   <div class='ocr_carea' id='block_1_4' title="bbox 186 3682 1355 4345">
    <p class='ocr_par' dir='ltr' id='par_1_4' title="bbox 238 3682 1353 3745">
     <span class='ocr_line' id='line_1_40' title="bbox 238 3682 1353 3745; baseline -0.004 -12"><span class='ocrx_word' id='word_1_405' title='bbox 238 3682 265 3744; x_wconf 89' lang='grc'>3)</span> <span class='ocrx_word' id='word_1_406' title='bbox 283 3689 422 3732; x_wconf 74' lang='lat' dir='ltr'>stricturam</span> <span class='ocrx_word' id='word_1_407' title='bbox 440 3683 491 3733; x_wconf 81' lang='lat' dir='ltr'>Vel.</span> <span class='ocrx_word' id='word_1_408' title='bbox 787 3699 839 3733; x_wconf 86' lang='lat' dir='ltr'>csse</span> <span class='ocrx_word' id='word_1_409' title='bbox 858 3684 951 3733; x_wconf 81' lang='lat' dir='ltr'>videtur</span> <span class='ocrx_word' id='word_1_410' title='bbox 968 3682 1081 3745; x_wconf 85' lang='lat' dir='ltr'>genuina,</span> <span class='ocrx_word' id='word_1_411' title='bbox 1107 3684 1132 3730; x_wconf 87' lang='lat' dir='ltr'>in</span> <span class='ocrx_word' id='word_1_412' title='bbox 1152 3683 1274 3745; x_wconf 79' lang='lat' dir='ltr'>presentie</span> <span class='ocrx_word' id='word_1_413' title='bbox 1296 3694 1353 3730; x_wconf 86' lang='lat' dir='ltr'>vero</span> 
     </span>
    </p>

    <p class='ocr_par' dir='ltr' id='par_1_5' title="bbox 186 3749 1351 4013">
     <span class='ocr_line' id='line_1_41' title="bbox 236 3749 1155 3814; baseline -0.003 -14"><span class='ocrx_word' id='word_1_414' title='bbox 236 3750 264 3812; x_wconf 80' lang='lat' dir='ltr'>l)</span> <span class='ocrx_word' id='word_1_415' title='bbox 283 3751 310 3799; x_wconf 79' lang='lat' dir='ltr'>m</span> <span class='ocrx_word' id='word_1_416' title='bbox 326 3757 419 3814; x_wconf 84' lang='lat' dir='ltr'>propter</span> <span class='ocrx_word' id='word_1_417' title='bbox 442 3751 484 3800; x_wconf 80' lang='lat' dir='ltr'>boe</span> <span class='ocrx_word' id='word_1_418' title='bbox 503 3750 553 3800; x_wconf 79' lang='lat' dir='ltr'>Vat</span> <span class='ocrx_word' id='word_1_419' title='bbox 588 3750 678 3800; x_wconf 80' lang='lat' dir='ltr'>Ibidem</span> <span class='ocrx_word' id='word_1_420' title='bbox 692 3766 751 3814; x_wconf 87' lang='lat' dir='ltr'>pro-</span> <span class='ocrx_word' id='word_1_421' title='bbox 786 3749 892 3801; x_wconf 86' lang='lat' dir='ltr'>einsdem</span> <span class='ocrx_word' id='word_1_422' title='bbox 910 3751 1155 3813; x_wconf 85' lang='lat' dir='ltr'>interpretamentum.</span> 
     </span>
     <span class='ocr_line' id='line_1_42' title="bbox 187 3815 1347 3879; baseline -0.008 -10"><span class='ocrx_word' id='word_1_423' title='bbox 187 3821 240 3869; x_wconf 69' lang='lat' dir='ltr'>insti</span> <span class='ocrx_word' id='word_1_424' title='bbox 257 3823 319 3866; x_wconf 80' lang='lat' dir='ltr'>suot.</span> <span class='ocrx_word' id='word_1_425' title='bbox 344 3817 495 3866; x_wconf 80' lang='lat' dir='ltr'>Adnotatll:</span> <span class='ocrx_word' id='word_1_426' title='bbox 517 3817 751 3876; x_wconf 73' lang='lat' dir='ltr'>brittonorum</span> <span class='ocrx_word' id='word_1_427' title='bbox 836 3817 863 3878; x_wconf 81' lang='lat'>8)</span> <span class='ocrx_word' id='word_1_428' title='bbox 881 3821 941 3867; x_wconf 81' lang='lat' dir='ltr'>eruti</span> <span class='ocrx_word' id='word_1_429' title='bbox 960 3817 1025 3875; x_wconf 80' lang='lat' dir='ltr'>Vat,</span> <span class='ocrx_word' id='word_1_430' title='bbox 1049 3816 1089 3879; x_wconf 88' lang='lat' dir='ltr'>qni</span> <span class='ocrx_word' id='word_1_431' title='bbox 1108 3815 1163 3865; x_wconf 83' lang='lat' dir='ltr'>doio</span> <span class='ocrx_word' id='word_1_432' title='bbox 1183 3829 1229 3865; x_wconf 87' lang='lat' dir='ltr'>om.</span> <span class='ocrx_word' id='word_1_433' title='bbox 1247 3817 1265 3863; x_wconf 90' lang='lat' dir='ltr'>ii</span> <span class='ocrx_word' id='word_1_434' title='bbox 1285 3819 1347 3862; x_wconf 77' lang='lat' dir='ltr'>scot.</span> 
     </span>
     <span class='ocr_line' id='line_1_43' title="bbox 186 3880 1351 3949; baseline -0.006 -16"><span class='ocrx_word' id='word_1_435' title='bbox 186 3884 312 3943; x_wconf 89' lang='lat' dir='ltr'>simulant,</span> <span class='ocrx_word' id='word_1_436' title='bbox 332 3883 486 3934; x_wconf 81' lang='lat' dir='ltr'>excludentur</span> <span class='ocrx_word' id='word_1_437' title='bbox 504 3884 534 3932; x_wconf 86' lang='lat' dir='ltr'>ab</span> <span class='ocrx_word' id='word_1_438' title='bbox 553 3885 669 3944; x_wconf 84' lang='lat' dir='ltr'>ecclesia,</span> <span class='ocrx_word' id='word_1_439' title='bbox 691 3901 751 3949; x_wconf 85' lang='lat' dir='ltr'>quoe</span> <span class='ocrx_word' id='word_1_440' title='bbox 836 3883 863 3945; x_wconf 89' lang='lat'>9)</span> <span class='ocrx_word' id='word_1_441' title='bbox 881 3885 964 3932; x_wconf 83' lang='lat' dir='ltr'>babent</span> <span class='ocrx_word' id='word_1_442' title='bbox 977 3884 1026 3933; x_wconf 82' lang='lat' dir='ltr'>vat</span> <span class='ocrx_word' id='word_1_443' title='bbox 1045 3883 1163 3946; x_wconf 83' lang='lat' dir='ltr'>iteratque</span> <span class='ocrx_word' id='word_1_444' title='bbox 1180 3895 1234 3931; x_wconf 86' lang='lat' dir='ltr'>mor</span> <span class='ocrx_word' id='word_1_445' title='bbox 1252 3880 1312 3928; x_wconf 79' lang='lat' dir='ltr'>eruti</span> <span class='ocrx_word' id='word_1_446' title='bbox 1326 3891 1351 3940; x_wconf 87' lang='lat' dir='ltr'>p.</span> 
     </span>
     <span class='ocr_line' id='line_1_44' title="bbox 187 3951 854 4013; baseline -0.001 -13"><span class='ocrx_word' id='word_1_447' title='bbox 187 3959 224 4000; x_wconf 82' lang='lat' dir='ltr'>cst</span> <span class='ocrx_word' id='word_1_448' title='bbox 241 3957 329 4001; x_wconf 69' lang='lat' dir='ltr'>sande.</span> <span class='ocrx_word' id='word_1_449' title='bbox 354 3951 402 3999; x_wconf 79' lang='lat' dir='ltr'>Cir.</span> <span class='ocrx_word' id='word_1_450' title='bbox 421 3951 505 4010; x_wconf 88' lang='lat' dir='ltr'>llothe,</span> <span class='ocrx_word' id='word_1_451' title='bbox 522 3953 574 4000; x_wconf 75' lang='lat' dir='ltr'>Ant.</span> <span class='ocrx_word' id='word_1_452' title='bbox 593 3966 617 4013; x_wconf 89' lang='lat' dir='ltr'>p.</span> <span class='ocrx_word' id='word_1_453' title='bbox 635 3952 692 4001; x_wconf 85' lang='grc'><strong>000.</strong></span> <span class='ocrx_word' id='word_1_454' title='bbox 786 3954 854 4001; x_wconf 80' lang='lat' dir='ltr'>corti.</span> 
     </span>
    </p>

    <p class='ocr_par' dir='ltr' id='par_1_6' title="bbox 188 4009 1351 4148">
     <span class='ocr_line' id='line_1_45' title="bbox 238 4009 1351 4082; baseline -0.011 -14"><span class='ocrx_word' id='word_1_455' title='bbox 238 4020 265 4077; x_wconf 86' lang='grc'>5)</span> <span class='ocrx_word' id='word_1_456' title='bbox 284 4020 308 4067; x_wconf 85' lang='lat' dir='ltr'>bi</span> <span class='ocrx_word' id='word_1_457' title='bbox 324 4017 384 4080; x_wconf 75' lang='lat' dir='ltr'>Vat,</span> <span class='ocrx_word' id='word_1_458' title='bbox 403 4033 455 4067; x_wconf 84' lang='lat' dir='ltr'>cunr</span> <span class='ocrx_word' id='word_1_459' title='bbox 474 4032 522 4081; x_wconf 92' lang='lat' dir='ltr'>quo</span> <span class='ocrx_word' id='word_1_460' title='bbox 541 4025 565 4066; x_wconf 89' lang='lat' dir='ltr'>et</span> <span class='ocrx_word' id='word_1_461' title='bbox 577 4016 634 4066; x_wconf 78' lang='lat' dir='ltr'>l&#39;eb.</span> <span class='ocrx_word' id='word_1_462' title='bbox 645 4019 679 4068; x_wconf 84' lang='lat' dir='ltr'>St.</span> <span class='ocrx_word' id='word_1_463' title='bbox 693 4018 752 4067; x_wconf 88' lang='lat' dir='ltr'>eieci</span> <span class='ocrx_word' id='word_1_464' title='bbox 839 4014 880 4075; x_wconf 92' lang='grc'>10)</span> <span class='ocrx_word' id='word_1_465' title='bbox 897 4017 1041 4068; x_wconf 84' lang='lat' dir='ltr'>Pronomine</span> <span class='ocrx_word' id='word_1_466' title='bbox 1058 4020 1098 4082; x_wconf 81' lang='lat' dir='ltr'>qui</span> <span class='ocrx_word' id='word_1_467' title='bbox 1116 4024 1171 4067; x_wconf 77' lang='lat' dir='ltr'>anta</span> <span class='ocrx_word' id='word_1_468' title='bbox 1187 4014 1296 4062; x_wconf 74' lang='lat' dir='ltr'>babentes</span> <span class='ocrx_word' id='word_1_469' title='bbox 1313 4009 1351 4057; x_wconf 88' lang='lat' dir='ltr'>in-</span> 
     </span>
     <span class='ocr_line' id='line_1_46' title="bbox 188 4075 1322 4148; baseline -0.009 -15"><span class='ocrx_word' id='word_1_470' title='bbox 188 4083 301 4134; x_wconf 83' lang='lat' dir='ltr'>Cotelerii</span> <span class='ocrx_word' id='word_1_471' title='bbox 320 4092 342 4134; x_wconf 85' lang='lat' dir='ltr'>et</span> <span class='ocrx_word' id='word_1_472' title='bbox 362 4093 416 4135; x_wconf 85' lang='lat' dir='ltr'>ante</span> <span class='ocrx_word' id='word_1_473' title='bbox 436 4099 494 4146; x_wconf 82' lang='lat' dir='ltr'>uec,·</span> <span class='ocrx_word' id='word_1_474' title='bbox 511 4082 561 4131; x_wconf 72' lang='lat' dir='ltr'>rat</span> <span class='ocrx_word' id='word_1_475' title='bbox 579 4090 601 4131; x_wconf 85' lang='lat' dir='ltr'>et</span> <span class='ocrx_word' id='word_1_476' title='bbox 622 4098 675 4133; x_wconf 82' lang='lat' dir='ltr'>noo.</span> <span class='ocrx_word' id='word_1_477' title='bbox 787 4083 905 4148; x_wconf 85' lang='lat' dir='ltr'>terposito</span> <span class='ocrx_word' id='word_1_478' title='bbox 933 4085 1050 4134; x_wconf 89' lang='lat' dir='ltr'>omittitur</span> <span class='ocrx_word' id='word_1_479' title='bbox 1066 4099 1118 4148; x_wconf 85' lang='lat' dir='ltr'>seq.</span> <span class='ocrx_word' id='word_1_480' title='bbox 1135 4087 1213 4133; x_wconf 72' lang='lat' dir='ltr'>ames</span> <span class='ocrx_word' id='word_1_481' title='bbox 1228 4079 1253 4127; x_wconf 92' lang='lat' dir='ltr'>in</span> <span class='ocrx_word' id='word_1_482' title='bbox 1271 4075 1322 4125; x_wconf 78' lang='lat' dir='ltr'>Vat</span> 
     </span>
    </p>

    <p class='ocr_par' dir='ltr' id='par_1_7' title="bbox 187 4143 1355 4279">
     <span class='ocr_line' id='line_1_47' title="bbox 236 4143 1355 4213; baseline -0.005 -13"><span class='ocrx_word' id='word_1_483' title='bbox 236 4152 263 4213; x_wconf 87' lang='grc'>0)</span> <span class='ocrx_word' id='word_1_484' title='bbox 281 4151 352 4200; x_wconf 85' lang='lat' dir='ltr'>Voce.</span> <span class='ocrx_word' id='word_1_485' title='bbox 370 4153 468 4210; x_wconf 72' lang='lat' dir='ltr'>bisunt,</span> <span class='ocrx_word' id='word_1_486' title='bbox 486 4150 752 4199; x_wconf 78' lang='lat' dir='ltr'>mosdtacordmmnon</span> <span class='ocrx_word' id='word_1_487' title='bbox 839 4149 881 4210; x_wconf 94' lang='grc'>11)</span> <span class='ocrx_word' id='word_1_488' title='bbox 900 4167 957 4201; x_wconf 79' lang='lat' dir='ltr'>scos</span> <span class='ocrx_word' id='word_1_489' title='bbox 992 4151 1094 4200; x_wconf 85' lang='lat' dir='ltr'>accessit</span> <span class='ocrx_word' id='word_1_490' title='bbox 1126 4162 1153 4199; x_wconf 82' lang='lat' dir='ltr'>ex</span> <span class='ocrx_word' id='word_1_491' title='bbox 1175 4145 1225 4195; x_wconf 81' lang='lat' dir='ltr'>Pal.</span> <span class='ocrx_word' id='word_1_492' title='bbox 1250 4143 1302 4192; x_wconf 81' lang='lat' dir='ltr'>Vat</span> <span class='ocrx_word' id='word_1_493' title='bbox 1329 4149 1355 4191; x_wconf 78' lang='lat' dir='ltr'>et</span> 
     </span>
     <span class='ocr_line' id='line_1_48' title="bbox 187 4215 897 4279; baseline 0.003 -14"><span class='ocrx_word' id='word_1_494' title='bbox 187 4215 233 4279; x_wconf 68' lang='lat' dir='ltr'>leg.</span> <span class='ocrx_word' id='word_1_495' title='bbox 250 4217 274 4266; x_wconf 91' lang='lat' dir='ltr'>in</span> <span class='ocrx_word' id='word_1_496' title='bbox 293 4218 342 4266; x_wconf 85' lang='lat' dir='ltr'>Vat.</span> <span class='ocrx_word' id='word_1_497' title='bbox 787 4217 844 4267; x_wconf 75' lang='lat' dir='ltr'>Feb.</span> <span class='ocrx_word' id='word_1_498' title='bbox 863 4219 897 4267; x_wconf 87' lang='lat' dir='ltr'>St.</span> 
     </span>
    </p>

    <p class='ocr_par' dir='ltr' id='par_1_8' title="bbox 238 4280 1015 4345">
     <span class='ocr_line' id='line_1_49' title="bbox 238 4280 1015 4345; baseline 0.001 -15"><span class='ocrx_word' id='word_1_499' title='bbox 238 4282 266 4343; x_wconf 85' lang='grc'>’1)</span> <span class='ocrx_word' id='word_1_500' title='bbox 281 4298 383 4345; x_wconf 79' lang='lat' dir='ltr'>persono</span> <span class='ocrx_word' id='word_1_501' title='bbox 406 4283 488 4332; x_wconf 83' lang='lat' dir='ltr'>lamb.</span> <span class='ocrx_word' id='word_1_502' title='bbox 513 4281 576 4338; x_wconf 73' lang='lat' dir='ltr'>Vnt..</span> <span class='ocrx_word' id='word_1_503' title='bbox 602 4295 650 4343; x_wconf 88' lang='lat' dir='ltr'>qno</span> <span class='ocrx_word' id='word_1_504' title='bbox 677 4280 754 4330; x_wconf 84' lang='lat' dir='ltr'>tendit</span> <span class='ocrx_word' id='word_1_505' title='bbox 840 4283 1015 4345; x_wconf 69' lang='lat' dir='ltr'>tetrantes.</span> 
     </span>
    </p>
   </div>
   <div class='ocr_carea' id='block_1_5' title="bbox 187 4344 1356 4427">
    <p class='ocr_par' dir='ltr' id='par_1_9' title="bbox 187 4344 1356 4427">
     <span class='ocr_line' id='line_1_50' title="bbox 187 4344 1356 4427; baseline -0.008 -26"><span class='ocrx_word' id='word_1_506' title='bbox 187 4347 284 4401; x_wconf 80' lang='lat' dir='ltr'>Codicis</span> <span class='ocrx_word' id='word_1_507' title='bbox 297 4349 347 4399; x_wconf 86' lang='lat' dir='ltr'>Pal.</span> <span class='ocrx_word' id='word_1_508' title='bbox 362 4363 495 4414; x_wconf 79' lang='lat' dir='ltr'>perronem.</span> <span class='ocrx_word' id='word_1_509' title='bbox 514 4347 559 4400; x_wconf 83' lang='lat' dir='ltr'>llla</span> <span class='ocrx_word' id='word_1_510' title='bbox 571 4346 667 4413; x_wconf 80' lang='lat' dir='ltr'>quidem</span> <span class='ocrx_word' id='word_1_511' title='bbox 679 4346 751 4399; x_wconf 79' lang='lat' dir='ltr'>lectio</span> <span class='ocrx_word' id='word_1_512' title='bbox 838 4349 882 4412; x_wconf 86' lang='lat'>1³)</span> <span class='ocrx_word' id='word_1_513' title='bbox 899 4350 965 4401; x_wconf 82' lang='lat' dir='ltr'>Ordo</span> <span class='ocrx_word' id='word_1_514' title='bbox 982 4362 1050 4400; x_wconf 81' lang='lat' dir='ltr'>roco.</span> <span class='ocrx_word' id='word_1_515' title='bbox 1067 4345 1092 4397; x_wconf 88' lang='lat' dir='ltr'>iu</span> <span class='ocrx_word' id='word_1_516' title='bbox 1109 4345 1160 4427; x_wconf 64' lang='lat' dir='ltr'>liat.</span> <span class='ocrx_word' id='word_1_517' title='bbox 1177 4344 1271 4411; x_wconf 76' lang='lat' dir='ltr'>aliquid</span> <span class='ocrx_word' id='word_1_518' title='bbox 1288 4359 1304 4394; x_wconf 84' lang='lat' dir='ltr'>o</span> <span class='ocrx_word' id='word_1_519' title='bbox 1320 4356 1356 4404; x_wconf 78' lang='lat' dir='ltr'>re,</span> 
     </span>
    </p>
   </div>
   <div class='ocr_carea' id='block_1_6' title="bbox 143 4552 244 4577">
    <p class='ocr_par' dir='ltr' id='par_1_10' title="bbox 143 4552 244 4577">
     <span class='ocr_line' id='line_1_51' title="bbox 143 4552 244 4577; baseline 0 0"><span class='ocrx_word' id='word_1_520' title='bbox 143 4552 244 4577; x_wconf 51' lang='lat' dir='ltr'>A</span> 
     </span>
    </p>
   </div>
   <div class='ocr_carea' id='block_1_7' title="bbox 0 0 1453 4882">
    <p class='ocr_par' dir='ltr' id='par_1_11' title="bbox 0 0 1453 4882">
     <span class='ocr_line' id='line_1_52' title="bbox 0 0 1453 4882; baseline 0 0"><span class='ocrx_word' id='word_1_521' title='bbox 0 0 1453 4882; x_wconf 95' lang='lat' dir='ltr'> </span> 
     </span>
    </p>
   </div>
  </div>
 </body>
</html>
