2886 4882
198 253 259 316 506
341 250 480 313 tinnitos
502 251 640 310 PASTOR.
682 248 779 309 ttnttu
800 246 844 308 ltt.
887 250 1022 309 Sttttttt.
1044 250 1084 309 tt.
1105 250 1159 309 1111.
1177 247 1222 324 (Α)

281 415 371 490 (1))1.
414 419 470 475 itini
491 421 532 477 ei:
554 418 689 488 ,domine,
713 419 838 492 qnoniam
871 434 924 474 noa
947 417 1067 492 intelligo
1100 411 1221 474 omnino¹
1251 425 1381 495 tempore

200 505 267 562 heec
290 502 448 570 dulcedinis,
471 502 615 576 voluptatis
638 519 669 558 ac
690 517 804 576 poenae,
825 501 940 557 lucidius
956 502 1020 556 mini
1043 502 1075 557 de
1098 502 1140 556 his
1155 500 1283 575 expone!
1325 505 1379 560 lle·

200 586 308 661 spondit
329 586 395 642 mihi
416 586 526 642 dicens:
548 584 713 659 ,insipientie
734 593 778 640 tua
800 584 848 640 tibi
867 593 1074 658 perseveranter
1087 576 1232 640 inhaeret.¹
1277 586 1378 644 Nonne

198 672 237 726 vis
259 669 349 741 potius
371 676 490 725 mentem
513 676 585 723 tuam
608 667 763 742 purificare,
786 675 813 722 et
835 667 891 722 ilco
914 667 1037 722 serviret
1060 667 1134 737 Vide,
1156 684 1190 723 ne
1212 668 1287 724 forte
1310 677 1377 726 tem·

198 767 265 826 pore
288 758 381 807 exacto
411 758 441 807 tu
471 751 604 823 insipiens
637 741 806 824 reperiaris.⁸
848 751 916 805 dudi
946 765 1036 817 nunc,
1065 750 1296 823 quemadmodum
1325 754 1374 821 vis,

105 857 109 866 ·
198 848 253 909 quo
276 833 379 889 facilius
403 834 546 906 intelligas.
589 826 663 900 *Qui
691 847 745 887 uno
770 832 812 888 die
841 833 1006 888 commiserit
1035 850 1064 888 se
1094 833 1196 889 deliciis
1226 827 1271 889 ac⁴
1300 835 1376 892 volu·

196 916 324 991 ptatibus,
339 924 366 971 et
388 915 485 972 iecerit
506 915 636 988 quicquid
652 915 754 988 appetit
768 916 873 970 animus
889 916 955 982 eins,
977 915 1095 988 plurima
1109 915 1232 989 repletur
1249 919 1373 988 stultitia,

197 1015 249 1055 neo
278 998 402 1071 intelligit
430 998 495 1071 quid
529 997 667 1064 admittat3
697 1013 729 1052 ac
758 997 801 1053 die
832 1006 944 1072 postero
982 997 1151 1054 obliviscitur
1178 1000 1243 1072 quid
1275 1001 1375 1058 feccrit

197 1081 305 1156 pridie3
328 1076 444 1136 dulcedo
467 1080 539 1135 enim
569 1088 596 1136 et
621 1079 743 1152 voluptas
771 1072 918 1135 mundana⁶
950 1080 1048 1136 nnllam
1080 1083 1238 1138 memoriam
1269 1082 1374 1140 lrabeat

197 1170 312 1238 propter
333 1162 488 1230 stultitiam,
509 1177 579 1234 quae
608 1162 687 1218 insita
710 1171 753 1217 est
773 1161 834 1217 illis.
877 1163 941 1217 Cum
967 1179 1032 1217 vero
1063 1180 1118 1220 uno
1148 1165 1191 1220 die
1220 1169 1374 1223 accesserit

197 1236 314 1301 leomini⁶
336 1245 472 1300 cruciatus
494 1260 525 1299 ac
547 1261 652 1318 poena,
677 1252 735 1300 toto
757 1260 827 1300 anno
850 1252 1008 1318 torquetur,
1032 1263 1156 1319 magnam
1176 1248 1248 1302 enim
1268 1260 1372 1305 memo·

197 1328 264 1384 riam
286 1326 409 1401 possidet
430 1342 527 1400 poena.
571 1327 640 1383 Toto
668 1328 750 1399 igitur
771 1342 842 1383 anno
865 1328 959 1382 dolens
982 1330 1119 1398 meminit,
1142 1336 1170 1385 et
1191 1337 1256 1386 tunc
1277 1346 1372 1387 recor·

198 1408 276 1466 datur
297 1409 448 1466 dulcedinis
464 1408 534 1465 illius
555 1425 638 1466 vanae
660 1426 690 1465 ac
713 1409 866 1483 voluptatis,
887 1419 913 1465 et
935 1411 1016 1465 sentit
1046 1420 1194 1485 propterea
1214 1429 1243 1468 sc
1265 1430 1372 1486 poenas

196 1486 271 1568 pati?
315 1487 474 1566 Quicunque
506 1494 589 1566 igitur
619 1510 648 1549 se
678 1492 813 1548 dulcedini
841 1501 867 1549 ct
894 1491 1023 1565 voluptati
1046 1494 1091 1549 tali
1118 1489 1302 1564 tradiderint,⁸
1331 1499 1372 1554 sie

196 1576 360 1650 puniuntur3
387 1576 516 1648 quoniam
545 1576 625 1631 vitam
653 1575 786 1632 habentes
814 1576 866 1648 ipsi
897 1590 927 1630 se
956 1574 1073 1632 reddunt
1103 1577 1236 1633 obnoxios
1266 1576 1372 1635 morti}

196 1653 285 1722 †llixi
306 1658 346 1714 ei:
369 1674 448 1731 ‚quae
470 1667 542 1726 sunt,
563 1659 680 1724 domine,
696 1658 847 1732 voluptates
864 1657 960 1714 noxiae
968 1651 1002 1711 l‘⁹
1024 1656 1131 1728 ,tlmni,‘
1146 1661 1241 1732 inquit,
1256 1661 1371 1728 ,homini

196 1740 320 1814 uoluptas
343 1748 399 1807 est,
423 1741 605 1813 quodcunque
626 1740 743 1796 libenter
765 1741 838 1796 facit.
881 1740 985 1796 Etenim
1018 1742 1174 1810 iracundus,
1197 1743 1370 1800 satisfaciens

197 1823 320 1881 northus
343 1821 409 1888 suis,
430 1822 548 1895 percipit
568 1822 733 1894 voluptatem
755 1839 847 1891 suam,
876 1831 905 1878 ct
933 1823 1088 1880 adulteret
1116 1825 1241 1881 ebriosus
1271 1834 1300 1882 et
1324 1827 1373 1884 do·

197 1895 324 1959 tractor¹⁰
353 1911 382 1959 et
408 1902 523 1959 mendox
557 1912 586 1960 et
611 1904 726 1976 cupidus
756 1913 783 1960 et
810 1904 950 1961 fraudator
977 1914 1005 1962 et
1034 1908 1190 1979 quicunque
1219 1908 1254 1964 iis
1281 1909 1372 1967 simile

197 1983 299 2057 aliquid
321 1983 443 2051 admittit,
465 1985 561 2041 morbo
584 2002 634 2042 suo
659 2002 774 2059 parens,
794 1987 913 2060 percipit
933 2004 964 2042 cx
987 2006 1019 2044 ea
1040 2006 1070 2045 re
1093 1990 1266 2063 voluptatem.
1310 1990 1372 2049 Hae

197 2082 293 2125 omnes
316 2065 474 2123 dulcedines
502 2084 534 2123 ac
562 2068 713 2140 voluptates
736 2061 851 2125 noxiae¹¹
870 2076 934 2125 sunt
962 2071 1046 2127 servis
1078 2071 1134 2128 [lei.
1153 2125 1157 2133 ,
1176 2072 1292 2146 Propter
1320 2073 1373 2131 lias

196 2148 288 2221 itaque
312 2150 475 2218 cruciantur,
498 2159 526 2206 et
546 2151 685 2225 patiuntur
705 2167 816 2224 poenas.
859 2151 928 2207 Sunt
949 2154 1028 2209 etiam
1055 2154 1207 2228 voluptates
1229 2149 1373 2213 salntem¹²

197 2230 353 2289 hominihus
376 2231 530 2290 afferentes.
572 2232 646 2289 ttutti
669 2224 774 2301 enim‚¹³
797 2252 882 2308 opera
904 2233 1031 2292 bonitatis
1054 2236 1192 2305 facientes,
1212 2239 1373 2313 percipiunt

196 2313 376 2387 voluptatem,
397 2315 542 2373 dulcedine
563 2333 612 2374 sna
634 2318 721 2373 tracti.
764 2316 838 2374 Haec
860 2334 927 2391 crgo
953 2319 1079 2390 voluptas
1104 2320 1178 2376 utilis
1207 2328 1249 2377 est
1281 2322 1370 2379 servis

196 2389 275 2464 ttet¹⁴
304 2406 332 2454 et
359 2397 438 2454 vitam
469 2408 548 2472 parat
579 2400 734 2456 huiusmodi
763 2400 927 2456 hominihus.
969 2401 1032 2457 illac
1052 2418 1117 2457 vero
1146 2394 1274 2469 noxiae,¹⁶
1298 2420 1370 2476 quae

197 2480 389 2554 supradictae
412 2490 647 2550 sunt,tormenta
675 2491 702 2538 et
728 2498 831 2556 poenas
861 2483 977 2555 pariunt.
1019 2483 1181 2556 Quicunque
1211 2502 1275 2542 vero
1305 2502 1369 2559 per·

196 2555 369 2621 manserint¹⁰
392 2564 418 2620 in
441 2564 504 2633 illis,
525 2582 578 2621 nec
595 2564 778 2621 admissorum
791 2580 902 2621 suorum
916 2567 1021 2639 egerint
1038 2566 1238 2638 poenitentiam,
1250 2576 1369 2624 mortem

198 2645 250 2701 sibi
272 2643 431 2719 acquirent‘

620 2782 845 2852 SIMILITUDO
868 2785 940 2852 llil.¹

333 2943 534 2999 Pontitentc'bue
555 2943 699 3016 faciendos
720 2960 777 2998 case
795 2946 978 3017 poenitentioe
999 2948 1097 3019 dipooe
1125 2946 1239 3019 [melun

278 3051 318 3128 (n)
340 3054 407 3114 Post
429 3056 487 3113 dies
508 3073 611 3130 paucos
631 3057 709 3113 video
738 3056 811 3113 illum
840 3060 868 3114 in
895 3075 928 3115 eo
958 3051 1077 3133 campo,'
1105 3062 1132 3117 in
1158 3074 1211 3134 quo
1239 3068 1368 3134 pastores

195 3134 259 3196 illos
281 3145 342 3194 ante
364 3136 491 3206 videram,
512 3146 540 3194 et
561 3140 598 3194 ait
619 3140 697 3194 mihi:
718 3140 795 3212 ,quid
816 3138 960 3213 inquirist‘
989 3137 1084 3211 ‚Veni‘
1111 3143 1236 3216 inquam,
1258 3159 1368 3218 ,rogare

277 3240 333 3305 *Ὁ
352 3249 473 3325 τρυφῶν
499 3245 549 3306 nol
577 3241 779 3325 ἀπατώμενος,
801 3247 851 3310 καὶ
870 3245 1008 3331 πράσσων
1035 3247 1055 3311 ά
1087 3245 1236 3329 βούλεται,
1256 3246 1368 3333 πολλὴν

194 3322 367 3408 άφροσάνην
388 3325 552 3389 ἕνδάδυσαι·
574 3323 639 3391 ἀντὶ
658 3326 714 3413 γάρ
733 3336 785 3410 τῆς
800 3338 915 3413 τρυφῆς
928 3333 976 3395 καὶ
991 3329 1102 3414 detritus
1117 3330 1238 3414 ἑκάστης
1259 3330 1369 3417 ἡμέρας

194 3404 324 3474 durefort
344 3405 474 3491 βάσανον
494 3405 626 3493 μεγάλην,
648 3411 782 3476 ἐνιαυτὸν
802 3420 838 3500 τῇ
858 3411 958 3500 ἡμέρᾳ.

275 3526 363 3597 †1mt
384 3525 455 3610 λέγω
475 3533 515 3612 cpi
543 3524 664 3613 tyyttp·
692 3536 775 3592 ποῖαι
802 3533 911 3612 τρυφαί
942 3532 995 3593 εἰσι
1021 3532 1174 3637 βλαβεςαὴ
1203 3531 1280 3692 Λέγε
1308 3555 1366 3611 μοι.

194 3602 285 3670 mon
303 3608 406 3691 πρᾶξις
427 3604 550 3693 σαρκικὴ
571 3605 668 3691 τρυφή
689 3611 774 3676 ἔστιν.
816 3615 884 3677 Νῦν
895 3611 988 3694 ἡδέως
1001 3620 1083 3676 ποιεῖ
1091 3611 1190 3695 cundo.
1255 3612 1366 3698 Ογάρ]

194 3684 331 3770 ὀξύχολος
350 3697 391 3775 spi
411 3690 517 3756 lauteri
536 3689 629 3757 πάθει
648 3690 681 3757 τὸ
703 3693 804 3758 ἱκανὸν
824 3703 917 3759 ποιῶν
937 3701 1051 3782 τρυφᾷ·
1076 3691 1184 3776 ὁμοίως
1203 3697 1253 3760 καὶ
1275 3690 1293 3761 ά
1304 3720 1365 3778 pot-

245 3861 302 3924 Cap.
320 3861 346 3909 t.
384 3858 595 3936 atterantur.
614 3861 707 3911 eliab.
727 3863 761 3912 St.
796 3862 900 3912 editione
923 3865 1101 3924 praetermissa.
1137 3864 1244 3915 Subinde
1268 3869 1366 3927 etfacit

193 3927 400 4045 tulitin
419 3924 761 4057 ,³0¹¹llilliilflzd‘llm
795 3930 1248 4059 ’111111νῖἱῗέῗῑζῆάῖἲὲἣάὶῗῖν
1262 3933 1368 4047 'illd

244 4060 272 4120 2)
291 4062 392 4111 stultitia
409 4066 450 4109 tuo
466 4011 640 4125 perseverandi
657 4033 700 4111 tili
719 4065 760 4111 le·
796 4063 899 4111 admittit
922 4063 972 4111 Vnt.
1248 4014 1272 4061 m
1308 4015 1321 4062 q

192 4135 227 4177 ret
246 4128 296 4177 Vat
845 4128 872 4191 5)
892 4131 1011 4179 mendeno
1030 4146 1075 4180 om.
1095 4132 1159 4191 Vnt,
1179 4132 1202 4181 in
1222 4133 1269 4180 fine
1287 4133 1323 4180 illi
1341 4146 1365 4193 p.

243 4193 270 4256 3)
288 4211 315 4243 ne
334 4196 427 4259 quando
448 4201 546 4257 tempore
566 4199 684 4244 eccctotn
700 4196 759 4244 stul·
794 4196 853 4244 illis.
889 4197 979 4247 Graeca
999 4213 1026 4248 ex
1044 4198 1126 4247 floctr.
1144 4200 1176 4247 ad
1191 4198 1301 4247 drrtioch.
1314 4197 1330 4246 1.
1343 4215 1365 4246 c.

194 4266 232 4309 tres
253 4263 381 4322 reperieris
399 4261 449 4309 Vat
796 4261 920 4326 desumpta
939 4280 1016 4328 neque
1035 4265 1138 4314 versioni
1150 4266 1219 4328 vulg,
1237 4277 1316 4327 neque
1329 4265 1365 4313 illi

244 4323 273 4386 t)
292 4327 374 4376 textui
394 4325 489 4376 rddidi
507 4336 573 4373 neec.
591 4325 685 4374 delictis
704 4341 730 4375 cc
749 4343 761 4375 a
798 4329 895 4379 omnino
912 4331 1064 4390 conveniunt,
1083 4331 1366 4393 qnamevnlparienl‘al.

193 4389 320 4441 Gallundio
342 4401 366 4443 ct
394 4391 491 4443 ttetnto
515 4391 541 4441 in
561 4396 646 4460 quprta
663 4407 759 4458 quoqne
844 4395 870 4458 6)
890 4397 1074 4458 lamentatae,
1101 4396 1187 4448 deinde
1212 4403 1365 4461 torqueretur.

164 4562 234 4575 A
