2886 4882
140 261 211 310 nxtt
574 243 723 301 conluunt
744 243 891 303 NOTITIA.

135 413 169 469 ad
194 413 342 467 Tarsenses
369 411 478 478 attinet,
508 412 569 486 plus
601 412 681 467 solito
711 417 819 465 coeunt
863 408 936 477 Quae
959 413 1077 468 comita
1107 412 1176 476 sint,
1199 412 1313 469 Casana·

137 495 206 551 tensi
230 494 256 549 in
278 493 369 549 multis
392 493 463 549 locis
485 495 545 567 plus
568 494 739 551 auctoritatis
762 491 935 549 tribuendum
957 502 1038 566 puto,
1060 512 1139 568 quam
1160 495 1292 553 lledieeo.

217 576 293 633 lnest
321 594 430 650 quoque
451 577 608 653 ,polycarpi
629 578 678 652 llp.
709 575 742 631 od
765 573 974 648 Philippenses!
1018 577 1081 634 Cum
1104 596 1135 635 ea
1165 582 1311 637 contextim

135 668 205 715 extat
233 661 260 715 in
282 659 321 716 22
351 661 433 718 loliis'
453 677 514 717 carm
543 661 653 718 dimidio
678 659 736 732 ,Ep
759 657 924 726 Bnroabae‚‘
945 677 1026 733 quam
1057 662 1166 735 quidem
1186 666 1312 736 praevius

136 744 179 799 ille
209 743 344 800 indiculus
372 745 484 816 ignorat.
536 744 592 800 Una
622 745 770 815 eademque
799 758 894 797 manus
928 752 1072 817 utramque
1102 746 1211 819 scripsit
1241 764 1312 804 saec.

133 826 187 896 lili,
216 827 322 885 diversa
354 828 462 900 quidem
490 828 524 884 ab
553 845 601 896 ea,
633 844 712 900 quam
746 825 772 879 in
795 822 862 898 Epp.
885 825 979 898 lgnatii
1011 829 1135 884 vidimus.
1177 828 1225 885 llic
1247 829 1312 886 Cod.

135 912 188 968 erit
211 912 239 968 C.

566 1024 569 1028 ’
601 1016 629 1100 β.
647 1020 651 1027 ’
667 1008 833 1083 ¹Florentiae.
860 1010 864 1019 ’

220 1160 265 1218 16.
308 1160 372 1216 dod.
407 1158 544 1217 llediceus
567 1156 648 1228 (rtur.
672 1156 738 1213 LVll
760 1174 832 1213 num.
856 1154 884 1226 7)
907 1156 1106 1227 membraneus,
1130 1158 1310 1234 trutlind„

133 1244 224 1301 iudice
246 1243 374 1301 bandinio
398 1244 499 1300 saeculi
513 1244 546 1311 lll
560 1238 659 1315 (Catal.
673 1241 813 1315 codd.·gr.·
828 1239 1012 1323 llibliotlr'ecne
1023 1241 1219 1311 Laurentianus
1244 1256 1310 1303 tom.

133 1325 156 1381 ll
179 1346 205 1402 p.
228 1326 295 1395 347,
317 1327 470 1382 Florentiae
496 1323 603 1398 1768).
645 1325 691 1381 Est
718 1324 915 1380 miscellaneus.
957 1318 1022 1379 Post
1050 1316 1102 1381 alia
1136 1328 1310 1386 inveniuntur

133 1409 241 1485 ‚lgnatii
264 1409 330 1483 Epp.
353 1407 475 1479 noscm,‘
499 1410 593 1483 quales
616 1406 727 1466 exhibet
747 1407 813 1462 Cod.
837 1407 1034 1464 Casanatensis.
1079 1408 1236 1485 Descriptus
1259 1413 1309 1469 luit

131 1510 183 1567 per
210 1493 356 1550 Salvinium
385 1494 412 1549 in
443 1510 522 1550 usum
544 1492 674 1553 dldrielrii
705 1499 732 1547 et
760 1489 793 1547 ab
822 1490 979 1559 llolstenio,
1010 1491 1113 1565 pluries
1141 1495 1205 1552 iude
1227 1495 1260 1552 ab
1289 1496 1308 1551 l.

133 1574 228 1632 Vossio
251 1592 337 1649 usque
362 1576 395 1632 ad
419 1575 598 1633 lacobsonum
627 1574 750 1631 collatus.
792 1571 886 1648 Neque
907 1590 958 1649 ego
980 1573 1067 1630 labori
1087 1579 1205 1652 peperci,
1221 1596 1308 1653 neque

131 1677 183 1734 pro
205 1676 247 1714 me
268 1658 296 1717 C.
320 1659 517 1729 Tiselreudorl‚
539 1660 586 1716 Tb.
608 1659 712 1732 llcpse‚
734 1654 763 1711 P.
786 1654 829 1712 del
850 1654 945 1723 Furia,
975 1658 1109 1731 siquidem
1137 1663 1217 1717 etiam
1246 1671 1309 1736 post

132 1743 246 1798 aliorum
275 1758 367 1798 euroni
397 1743 616 1818 diligentiamque
643 1740 784 1816 probatam
813 1740 961 1814 praecipuo
983 1739 1045 1797 loca
1068 1743 1157 1800 denuo
1179 1745 1307 1819 religiose

132 1826 304 1901 coutulimus.
345 1826 454 1900 Signaui
477 1829 509 1884 t.

200 1909 261 1964 ·17.
302 1909 367 1965 Cod.
389 1908 526 1967 llediccus
553 1905 634 1975 (Plut
656 1906 700 1963 Vll
729 1924 801 1963 num.
824 1903 874 1976 21)
904 1907 1079 1974 elrartnoeus,
1111 1927 1184 1967 saec.
1206 1912 1250 1967 xv
1279 1915 1306 1969 in

132 1986 168 2048 4⁰
189 1992 253 2047 min.
294 1992 386 2048 lusunt
403 1985 467 2064 (cir.
488 1993 635 2049 Bandinius
657 1991 674 2047 l.
695 2007 718 2046 e.
740 1998 804 2046 tom.
827 1989 836 2043 l
858 2007 884 2062 p.
905 1987 976 2059 269)
996 1990 1062 2058 ‚divi
1084 1992 1179 2067 lgnatii
1200 1994 1306 2069 Episto-

130 2075 171 2131 lae
193 2074 371 2148 interpolatae
385 2075 428 2145 Xl,
444 2076 587 2151 Polycarpi
610 2092 671 2143 una,
693 2083 721 2130 et
744 2072 880 2147 llippolpti
904 2072 938 2128 dc
956 2078 1187 2133 consummatione
1205 2076 1305 2147 Mundi,

130 2167 159 2214 et
178 2157 361 2226 Antichristo,
391 2167 418 2215 ct
445 2160 479 2217 de
511 2158 633 2217 secundo
656 2157 772 2213 atlventu
793 2157 822 2212 ll.
844 2156 876 2211 N.
901 2154 962 2212 lesu
984 2158 1068 2213 Gbriti
1092 2157 1196 2216 oratio.‘
1239 2161 1304 2217 dum

129 2241 176 2315 Ep.
199 2241 344 2315 Polycarpi
368 2243 512 2301 coniuncta
534 2251 606 2299 extat
626 2239 773 2311 ‚barrialrae
794 2235 939 2313 Epistola‘,
963 2241 1036 2314 quod
1058 2239 1216 2300 Bandiniunr
1238 2245 1304 2302 ellu-

130 2326 176 2398 git.
218 2324 296 2380 llunc
318 2341 428 2398 quoque
451 2327 578 2383 Codieem
599 2342 651 2400 ego
674 2331 701 2379 et
721 2322 798 2379 amici
821 2338 872 2396 pro
893 2336 936 2378 me
959 2325 986 2379 in
1009 2323 1134 2381 omnibus
1157 2326 1234 2396 locis,
1257 2329 1303 2402 qui

129 2407 244 2463 alicuius
274 2411 404 2465 momenti
432 2409 607 2476 videbantur,
638 2416 699 2483 post
729 2406 796 2462 alios
824 2407 922 2463 iterum
951 2407 1102 2483 iterumque
1131 2409 1304 2484 inspeximus.

129 2489 235 2564 Sigunvi
258 2491 289 2550 F.

211 2573 261 2641 Qui
292 2584 399 2649 praeter
425 2577 509 2633 hosce
537 2577 565 2632 in
587 2575 792 2633 Commentariis
816 2572 931 2631 Codices
950 2575 1053 2648 passim
1083 2576 1303 2646 nominabuntur,

129 2673 225 2714 eorum
252 2658 347 2713 notitia
373 2676 423 2732 per
451 2661 519 2716 alios
541 2658 592 2718 PP.
616 2658 738 2733 Apostol.
766 2657 886 2713 editores
907 2657 960 2712 iam
983 2656 1084 2714 dudum
1113 2659 1215 2733 publici
1237 2661 1303 2717 iuris

128 2739 198 2798 lacta
220 2747 270 2795 est.
312 2741 417 2798 ldcirco
440 2751 532 2798 nostra
560 2742 738 2798 illustratione
767 2757 822 2797 non
851 2738 973 2811 indigere
993 2740 1162 2798 videbantur.
1203 2743 1305 2801 Confer

129 2839 194 2879 vero
217 2840 287 2896 quae
310 2840 393 2897 supra
414 2826 440 2881 in
462 2825 640 2883 recensendis
671 2823 840 2897 singulorum
863 2819 971 2879 tanum
994 2822 1158 2881 editionibus
1181 2825 1252 2883 hanc
1275 2829 1302 2883 in

129 2923 187 2963 rem
209 2923 224 2962 a
247 2905 326 2962 nobis
349 2908 513 2965 dictasunt.

601 3086 807 3095 -———-—-—--

430 3245 532 3325 lndcr
556 3246 701 3326 tabulae
725 3246 834 3349 lapidi
859 3245 998 3324 incisae.

248 3420 269 3471 l.
287 3419 347 3469 Cod.
364 3417 448 3469 Casan.
466 3419 509 3483 Ep.
528 3420 553 3469 S.
571 3421 619 3481 lgn.
638 3419 668 3469 ad
687 3422 780 3484 Smyrn.
801 3380 997 3512 [ψιλήν
1020 3429 1065 3463 n·
1079 3406 1128 3461 las.
1155 3396 1173 3485 (
1176 3415 1203 3459 Χ
1211 3404 1263 3491 v.)

244 3505 269 3554 2.
286 3503 345 3554 666.
363 3502 413 3554 vn.
431 3503 487 3554 666.
506 3503 559 3553 rot.
582 3504 637 3555 rau.
656 3520 676 3552 6.
695 3505 771 3567 [vac]
780 3505 843 3603 f..
854 3492 947 3591 lvd„
963 3524 1010 3567 ,6,
1032 3510 1067 3574 5,
1091 3504 1170 3593 (χ.)

246 3588 270 3638 a.
288 3587 347 3637 666.
365 3586 415 3635 vu.
434 3586 491 3637 ata.
510 3587 562 3636 rot.
579 3587 638 3637 666.
656 3604 678 3636 6.
693 3588 737 3649 [6]
805 3622 858 3635 .-
884 3610 930 3648 n.
946 3598 998 3669 4·
1023 3592 1140 3679 (mv.
1154 3586 1280 3693 σῃ.)

245 3669 727 3735 t.c0o.v·r.8ts.tot.tt.apt]
806 3708 854 3721 ..-
888 3666 996 3727 naas·
1050 3665 1176 3744 (ΧΝ.)

246 3756 269 3803 a.
287 3752 346 3803 666.
366 3754 415 3803 vai.
433 3754 492 3805 666.
511 3753 564 3806 rot.
585 3755 640 3804 ror.
661 3769 681 3803 6.
698 3751 740 3818 [v]
812 3731 995 3831 alonte.
1009 3754 1036 3807 r.
1077 3744 1161 3819 (xz.
1170 3747 1186 3825 )

246 3838 269 3888 6.
288 3836 347 3887 Cod.
359 3837 444 3887 Casan.
457 3836 522 3887 Finis
534 3838 578 3901 Ep.
591 3837 616 3887 S.
630 3836 711 3899 Polpc.
724 3835 753 3885 ad
802 3834 827 3883 il.
840 3848 892 3884 eum
905 3834 949 3898 Ep.
962 3834 987 3884 S.
1001 3834 1071 3884 Baro.
1085 3836 1206 3887 coniunct.
1220 3836 1263 3901 [C]
1277 3826 1346 3916 (atvs

245 3923 269 3972 r.
287 3920 346 3973 666.
364 3922 444 3972 onon
462 3922 520 3973 666.
536 3922 589 3970 ror.
607 3920 648 3971 66.
668 3936 689 3968 6.
705 3917 749 3984 [0]
821 3898 925 3993 ,1663)
936 3932 984 3971 n·
1000 3914 1041 3967 ι.
1070 3906 1196 3997 (xm)

248 4005 272 4056 6.
289 4005 350 4056 666.
368 4004 423 4068 neg.
443 4004 483 4056 ao.
500 4004 553 4053 666.
575 4004 631 4054 ror.
648 4004 671 4051 6.
691 4002 736 4064 [6]
778 4008 826 4086 fi.
841 3993 942 4088 sori?
960 4020 1008 4059 66,
1021 4002 1057 4053 s,
1087 3989 1182 4083 (xi)

247 4088 349 4141 6666.
369 4088 443 4139 rau
463 4087 589 4140 666666.
609 4083 799 4147 saturent]
841 4122 894 4135 ...
955 4086 1070 4149 m,
1115 4078 1251 4173 μιν.)

195 4201 198 4205 ,
232 4175 271 4224 ro.
289 4173 349 4223 666.
367 4173 417 4223 ru
434 4172 509 4223 6666.
527 4169 579 4220 ru.
596 4172 620 4221 o.
637 4169 751 4230 i..[ui.]
774 4166 831 4265 fi·
845 4144 956 4245 lym!
970 4188 1024 4229 n.
1079 4204 1086 4221 .
1117 4183 1136 4267 (
1146 4184 1174 4231 χ
1183 4175 1247 4250 pp)

233 4257 271 4308 rr.
290 4256 349 4307 666.
366 4257 423 4321 neg.
440 4256 481 4308 66.
499 4254 551 4305 ro.
568 4253 608 4306 66.
627 4268 648 4301 6.
666 4252 748 4313 [aec]
776 4254 837 4365 fi«
851 4247 951 4345 lvii.)
969 4234 1087 4373 usp
1114 4266 1219 4345 (fx.)

574 4412 838 4425 -....----...
