2886 4882
435 248 617 305 MANDATUM
641 248 694 304 ΧΙΙ.
718 247 785 317 xm,
812 248 895 304 4-4.
1189 241 1245 303 604

84 411 201 470 νοόνται
224 408 265 481 είς
285 405 378 479 τέλος
399 401 579 510 θανατρὶδεις
601 401 654 489 γάρ
676 405 748 468 εἰσιν
768 404 802 466 αί
817 398 1032 483 ἐπιθυμίαι
994 429 1085 468 αυται.
1129 398 1175 468 Σδ
1196 395 1251 469 οόν

84 487 250 553 ἔνδυσαι
221 515 275 570 την
295 491 458 569 ἐπιθυμίαν
478 496 530 596 τῇς
551 432 629 552 δικόα
632 487 755 592 ρσυνης,
777 488 825 550 καὶ
847 484 1099 590 666666666609
1119 484 1171 551 τόν
1196 487 1251 567 φό-

81 576 136 678 666
169 575 273 650 κυρίου
301 570 455 652 άντίστηθι
483 571 591 646 αὐταῖς.
632 569 740 680 ‘0666
762 568 856 674 φόβος
876 577 929 671 666
959 576 1034 631 θεοῦ
1062 579 1188 634 κατοικεῖ
1217 573 1249 636 ἐν

85 664 119 742 τῇ
154 657 298 741 ἐπιθυμία
327 662 375 756 τῇ
385 653 493 742 άγαθῇ
536 653 604 717 Ἡέ
591 656 734 761 ἐπιθυμία
755 651 775 734 6
795 649 924 733 πονηρά,
957 651 1008 715 ἐὰν
1028 654 1095 755 666
1099 672 1130 714 σε
1153 663 1251 717 καθα·

85 717 240 818 πλεομένου
253 746 306 841 τῷ
335 737 443 845 φόβῳ
446 746 499 802 τοῦ
525 746 599 802 θεοῦ
620 740 669 801 καὶ
699 736 898 817 ἀνθεστηκότα
920 733 1009 822 αὐτῇ,
1038 732 1172 839 φεύξεται
1193 734 1252 801 άπδ

84 829 138 885 σοῦ
166 820 295 926 μακράν,
330 822 379 884 καὶ
410 820 465 885 οὐκ
488 824 528 885 ἐτι
555 844 601 931 666
630 819 795 900 όφθῇσεται
824 819 956 925 6660666
955 844 992 898 νη
1026 816 1071 881 τά
1093 815 1168 882 όπλα
1188 839 1251 883 σου.

86 903 132 967 Σιὶ
155 897 209 968 οὖν
230 906 431 982 στεφανωθεὶς
450 903 516 968 κατ’
541 905 638 1013 αητῇς
653 905 721 969 ἐλθέ
742 901 816 986 πρός
836 900 889 983 τῇν
911 903 1117 983 ἐπιθυμίαν
1081 927 1134 983 της
1145 904 1253 966 δικαιο

84 987 191 1066 σόνης,
213 990 263 1051 καλ
284 986 490 1094 παραδοῇς’
455 996 529 1076 αυτῇ
550 988 582 1052 τό
605 996 686 1063 νῖκος
708 986 723 1052 6
717 988 855 1069 ἔλαβες,
878 984 1091 1050 δοόλευσον’
1056 991 1130 1092 αυτῇ
1150 982 1255 1062 καθεὶς

84 1069 159 1176 αῇτὶγ
179 1069 320 1152 βούλεται.
359 1068 433 1134 Ἐάν
455 1053 616 1177 δουλεόσης
634 1079 671 1160 τῇ
692 1073 835 1156 ἐπιθυμία
856 1076 891 1157 τῇ
913 1069 1013 1157 ιἰγαθῇ
1035 1071 1084 1134 καὶ
1105 1074 1254 1176 υποταγῇς

84 1152 169 1260 αῇτῇ,
192 1154 305 1258 δυνῇρῇ
326 1161 379 1235 τῇς
400 1156 560 1238 ἐπιθυμίας
581 1163 633 1237 τῇς
653 1162 784 1237 πονηράς
804 1160 1030 1236 κατακυριεῦσαι
1047 1154 1095 1218 καὶ
1112 1151 1253 1232 όποταξαι

84 1235 176 1318 αὐτὴν
196 1236 298 1312 καθεὶς
317 1238 419 1323 βούλῇ.

168 1429 211 1486 111.
244 1418 387 1498 ”,Ηθελον
397 1426 505 1530 φημί,ι
519 1420 620 1527 κύριε,
612 1427 749 1505 ,γνῶναι
771 1423 867 1494 ποίοις
886 1419 1004 1500 τρόποις
1025 1445 1059 1500 με
1074 1423 1121 1484 δεῖ
1137 1424 1253 1484 δουλεῦ-

86 1523 134 1610 ραι
154 1510 190 1603 τῇ
210 1506 354 1614 ἐπιθγμίρι
375 1513 411 1592 τῇ
433 1504 541 1610 ῇιγαθῇ.
584 1511 693 1581 Ακουε,
715 1507 814 1584 φησίν.
852 1496 980 1607 Ἐργάση
998 1502 1214 1608 δικαιοσύνην
1204 1503 1253 1567 καὶ

85 1584 204 1690 άρετῇν,
237 1570 381 1668 άλῇθεόαν
401 1590 450 1651 καὶ
472 1587 568 1668 φόβον
589 1554 710 1691 κυρίου,
741 1590 838 1649 πίστιν
859 1587 909 1649 καὶ
926 1583 1092 1690 πραότητα,
1126 1585 1214 1650 καὶ”
1197 1607 1253 1651 οσα

84 1667 198 1744 τούτοις
217 1669 304 1777 6666
336 1672 412 1734 ἐστιν
433 1669 549 1776 άγαθά·
586 1677 675 1733 ταῦτα
696 1667 883 1774 ἐργαζόμενος
905 1666 1056 1773 εὐάρεστος
1077 1670 1127 1758 ίσῇ
1149 1672 1254 1745 δοῦλος

84 1759 137 1817 τοῦ
160 1760 236 1815 θεοῦ
257 1754 306 1816 καὶ
326 1751 397 1841 ζῇοῇ
418 1752 515 1837 αὐτῷ·
550 1753 599 1815 καὶ
626 1760 685 1826 πᾶς
711 1750 745 1827 ὶὶς
771 1749 807 1855 66
829 1750 972 1857 δηυλεόσῇ
993 1759 1028 1857 τῇ
1050 1754 1195 1859 ἐπιθυμία
1215 1759 1252 1841 τῇ

85 1834 202 1922 όιγαθῇ,
231 1837 345 1941 ζήσεται
366 1843 406 1923 τῷ
431 1845 502 1943 θεῷ.
545 1827 788 1938 Συνετέλεγεν
752 1861 807 1899 ουν
835 1833 886 1910 τάς
913 1815 1087 1911 ἐντολάς
1056 1862 1107 1941 τας
1129 1816 1253 1946 δρὶδεκμ,

85 1921 170 1984 καλλ
153 1899 228 2022 6666
250 1945 298 2000 μοι
317 1902 416 2001 Ἔχεις
435 1919 488 1996 τάς
508 1916 623 1994 ἐντολάς
642 1917 761 1994 ταάτας·
790 1918 918 2002 πορεύου
941 1918 1028 1984 ἐν’
993 1929 1095 1996 αυιαῖς
1115 1923 1163 1985 καὶ
1186 1918 1254 1997 τοὺς

87 2000 248 2077 όικοόοντας
268 2002 465 2086 παρακάλει“
451 2030 501 2067 ινα
520 2032 540 2086 η
570 2000 706 2108 μετάνρια
728 1999 825 2066 αὐτῶν
846 2001 965 2107 καθαρά
984 2003 1154 2110 γίνηται
1124 2031 1175 2081 τας
1195 2013 1254 2069 λοι·

83 2085 141 2161 πάς
162 2083 270 2169 ῇμίρας
298 2095 350 2168 τῇς
378 2093 452 2168 ζωῆς
480 2087 585 2151 αὐτῶν.
631 2085 694 2192 T66
715 2089 865 2190 διακονίριν
886 2088 993 2189 ταύτην
1019 2086 1058 2170 ῇν
1079 2110 1126 2152 σοι
1147 2091 1253 2168 δίδωμι

84 2171 155 2234 τέλει
178 2173 326 2251 ἐπιμελῶς,
348 2172 398 2234 καὶ
418 2169 493 2234 πολὺ
516 2170 637 2256 ἐργάση
660 2168 790 2251 εὑρήσεις
810 2168 864 2254 γάρ
883 2169 966 2253 χάριν
988 2172 1018 2234 ἐν
1037 2179 1098 2246 τοῖς
1118 2173 1252 2252 μέλλουσι

83 2262 245 2334 μετανοεῖν,
275 2255 325 2316 καὶ
359 2252 569 2360 πεισθῇῇονταί
588 2274 642 2316 σου
670 2262 731 2328 τοῖς
757 2252 901 2334 όῇμασιν·
934 2251 989 2336 666
1018 2251 1072 2337 γάρ
1102 2253 1172 2334 μετόι
1199 2261 1254 2318 σοῦ

84 2338 185 2416 ἐσομαι
205 2335 292 2399 καὶ’
276 2335 430 2417 αναγκάσω
451 2336 558 2411 αὐτοὺς
578 2340 739 2476 66666666
759 2357 814 2399 σοι.

168 2450 308 2535 Λέγω’
273 2460 352 2537 αυτῷ
375 2452 489 2561 Κόριε,
499 2455 532 2516 αί
551 2445 720 2516 ἐντολαὶ
684 2477 768 2516 αυται
789 2448 908 2553 μεγάλαι
929 2452 979 2513 καὶ
1000 2451 1084 2514 καλαὶ
1107 2451 1156 2513 καὶ
1172 2451 1253 2515 ἐνδο-

83 2537 129 2610 ξοί
141 2537 195 2597 εἰσι
209 2536 258 2598 καὶ
275 2518 445 2618 δυνάμεναι’
460 2535 604 2621 εὐφρᾶναι
615 2539 739 2639 καρδίαν
755 2533 949 2641 άνθρεόπου
929 2557 981 2598 τον
967 2534 1157 2641 δηνρμίγου
1170 2541 1255 2614 ποιῇ-

85 2638 133 2680 σαι
154 2617 268 2694 ταύτας.
315 2619 378 2685 Οὐκ
399 2618 465 2685 οίδα
487 2620 567 2685 δέεί
554 2618 726 2685 ίδόνανται
740 2623 773 2683 αί
785 2609 949 2683 6666'
911 2642 996 2680 αυται
1009 2614 1067 2681 δπό
1090 2616 1253 2724 666666606

84 2709 286 2787 φυλαχθῆναι,
321 2702 396 2769 διότι
417 2706 538 2808 σκληραί
558 2706 613 2768 είσι
632 2707 706 2768 λίαν.
745 2702 933 2808 Ἀποκριθεὶς
954 2702 1031 2806 λέγει
1049 2726 1099 2805 μοι
1123 2698 1196 2764 Ἐάν
1217 2698 1254 2765 στὶ

84 2793 195 2893 σεηυτῇ
223 2787 397 2876 προσθῇς”
380 2814 421 2852 οτι
448 2787 586 2852 δόνανται
610 2795 749 2869 φυλαγ
750 2813 813 2862 ναι,
844 2783 975 2894 εὐκόπως
996 2779 1086 2886 αῇτάς
1096 2786 1252 2931 φυλάξεις

84 2951 289 3016 δόνασθαι’
253 2953 343 3030 αυτάς
363 2952 420 3019 ὖπό
423 2953 605 3061 άνθροῇπου
627 2961 826 3062 6666666666,
848 2979 884 3016 ου
907 2955 1153 3030 φυλαξειςαυτας.
1185 2957 1254 3014 Νυν

85 3035 117 3097 66
137 3056 184 3098 σοι
205 3036 301 3140 λίγα,
307 3037 358 3103 ἐάν
378 3037 484 3114 ταύτας
505 3065 544 3121 μη
567 3037 714 3144 φυλάξης,
737 3035 808 3101 άλλά
828 3041 1080 3140 παρενθυμηθῇς,
1110 3033 1162 3116 ⁰66
1183 3035 1255 3111 ἕξεις

85 3123 241 3198 σωτηρίαν,
264 3117 330 3183 τότε
351 3120 386 3185 τά
407 3123 492 3186 τέκνα
513 3145 568 3186 σου
589 3120 656 3186 οὔτε
677 3147 693 3186 ο
685 3118 798 3197 ὀἶκός
819 3141 889 3198 σου,
920 3121 980 3183 ἐπεὶ
1000 3117 1066 3222 666
1079 3124 1189 3204 σεαυτῷ
1211 3118 1255 3181 νέ-

84 3225 186 3347 6669
215 3208 268 3264 τοῦ
298 3202 337 3284 μὴ
369 3202 518 3270 δύνασθαι
547 3203 598 3282 τάς
619 3203 736 3281 ἐντολάς
756 3203 863 3278 ταότας
883 3200 941 3266 όπδ
964 3199 1126 3286 ἇνθροὶπου
1149 3209 1256 3284 φυλαχ-

118 3309 186 3363 μαι,

167 3441 209 3497 lv,
252 3435 313 3497 Καὶ
333 3432 424 3497 ταῦτά
445 3459 494 3515 μοι
515 3437 580 3499 λίαν
585 3435 723 3541 ὀργίλως
743 3437 903 3542 ἐλάλησεν,
924 3435 995 3499 ὥστε
1016 3458 1051 3535 με
1070 3442 1254 3539 συγῇυθῇναι

84 3516 134 3578 καὶ
153 3520 219 3580 λίαν
241 3515 331 3581 αὐτόν
351 3521 540 3621 φοβηθῆναι·
573 3514 595 3621 6
614 3517 714 3623 μηρφῇ
735 3519 790 3624 666
811 3518 903 3625 6666
907 3516 1088 3632 ἠλλοιώθη,
1120 3539 1192 3580 ωστε
1213 3543 1253 3599 μη

84 3597 232 3662 δόνασθαι
253 3599 413 3704 άνθρωπον
434 3598 605 3707 μπενεγκεῖν
621 3627 674 3681 την
694 3601 841 3709 όργῇν’
806 3602 938 3665 αυτοῦ).
980 3595 1046 3663 ,σὺ
1072 3601 1255 3677 συνίειλεισας

85 3687 151 3757 φῶς
171 3684 219 3745 καὶ
242 3681 392 3786 ἐχαίριρας’
414 3682 446 3746 τδ
468 3681 569 3759 σκότος
589 3681 643 3747 ἄπ’
667 3682 812 3766 άλλῇλων,
843 3650 1085 3788 ἐθεμελίωσας
1055 3708 1109 3763 την
1128 3710 1190 3782 γην
1205 3684 1255 3747 καί

88 3765 201 3839 ἐκτισας
223 3763 354 3846 καρποὺς
379 3764 597 3842 παντοδαπούς,
628 3766 727 3848 ῇλιον,
755 3763 893 3867 σελήνην,
925 3763 1079 3872 ἀστέρων
1082 3764 1256 3871 ἐναρμόνιοῇ
1323 3773 1327 3779 ’

86 3849 216 3948 κίνησιν,
245 3853 303 3923 ζῶα
323 3849 468 3951 πτερωτά
499 3848 673 3952 τετράποδα,
695 3847 813 3952 ἑρπετά,
841 3820 964 3930 ἐνόδρα,
992 3846 1079 3933 αγριά
1100 3873 1129 3911 τε
1150 3846 1250 3913 καὶ
1220 3873 1256 3911 τα

85 3929 198 4004 τούτοις
226 3931 511 4013 παραπλησιάζοντα,
538 3935 587 3996 καὶ
615 3931 724 3996 τοότων
753 3928 888 3996 άπάνιων
908 3933 1012 3995 ἔκτισε8
1041 3927 1232 4013 δεσπότην
1204 3955 1255 3994 τον

90 4117 295 4126 ——u-—u

138 4231 194 4295 Cap.
213 4233 250 4281 ΙΙΙ.
287 4235 311 4290 l)
330 4249 413 4296 apogr.
433 4233 510 4300 φησλ
737 4233 794 4296 Cap.
813 4233 847 4282 IV.
885 4232 952 4294 1661
972 4232 988 4280 l.
1006 4229 1097 4294 aliquid
1115 4229 1190 4306 6661.

137 4297 163 4359 2)
182 4314 264 4361 apogr
283 4295 416 4379 δῇααμαι.
737 4300 764 4360 2)
784 4315 867 4362 apogr
884 4295 1035 4418 λῇιόρησας.

137 4365 164 4428 3)
182 4363 276 4432 ἀνέβηε
294 4369 329 4417 sic
346 4381 429 4432 apogr.
740 4365 766 4430 3)
789 4367 882 4430 corn‘ge
915 4376 1013 4422 κτισας
