2886 4882
308 239 432 301 tahath
453 240 616 302 urtstom
637 243 681 300 All
702 240 868 300 lllllleOS.
897 239 963 298 Vllb
983 239 1026 299 tx,
1047 238 1079 297 Χ.
1228 234 1285 299 1¹13

531 409 598 465 Vlll.
642 410 771 468 Fcoeotis
792 409 868 467 mdti.

195 526 262 583 Nolo
286 528 400 601 amplius
423 528 572 585 secundum
593 526 718 583 homines
739 527 839 583 vivere.
883 525 912 582 ld
934 532 1022 581 autem
1046 523 1100 592 bet,
1123 524 1147 580 si
1167 539 1216 580 vos
1238 541 1282 582 vo·

111 610 224 668 lueritis.
255 610 346 667 Velitis
368 628 476 686 precor,
498 619 529 667 ut
550 618 577 667 et
597 628 645 667 vos
665 608 880 666 benevolentiam
903 607 1050 664 inveniatis.
1078 607 1174 663 Paucis
1189 606 1287 664 litteris

111 703 176 768 peto
198 711 214 749 a
235 693 327 750 vobis:
348 695 452 752 credite
474 694 548 750 mihi.
591 692 665 750 lesus
689 692 813 749 Christus
835 690 913 748 vohis
934 692 1003 747 haec
1025 689 1184 765 patefaciet,
1213 690 1287 764 quod

110 794 176 833 vera
197 777 309 850 loquar3
339 779 397 852 ipse
421 794 452 835 os
473 794 569 845 verax,
592 778 619 833 in
642 793 697 849 quo
719 775 799 833 Pater
820 791 883 833 vere
903 775 1011 831 locutus
1034 782 1084 830 est
1127 770 1212 829 Petite
1234 789 1286 847 pro

111 878 165 928 nne,
187 869 217 916 ot
238 877 399 934 consequar.
441 861 500 917 Non
522 860 673 917 secundum
695 875 820 928 carnem,
852 859 901 916 sed
923 856 1073 915 secundum
1101 863 1218 912 mentem
1240 855 1288 913 llei

112 943 189 1000 vohis
204 945 321 1017 scripsi.
343 944 371 1000 Si
393 944 490 1018 patiar,
511 942 581 1001 bene
603 943 670 1000 mibi
691 943 829 1012 voluistis3
851 943 893 1000 sin
916 941 1033 1010 reiiciar,
1057 939 1162 996 odistis.

349 1093 391 1149 lll.
437 1093 521 1152 Orate
538 1113 592 1168 pro
614 1096 731 1152 ecclesio
751 1095 863 1165 syriae.
905 1092 1052 1151 Salutatio.

196 1209 330 1267 blemores
352 1217 440 1267 estote
463 1212 490 1266 in
512 1211 641 1286 precibus
663 1211 760 1266 vestris
782 1209 914 1267 ecclesiae
935 1209 1036 1283 Syriae,
1059 1223 1128 1281 quae
1150 1208 1203 1263 mei
1225 1207 1287 1264 loco

113 1294 168 1350 Deo
191 1303 299 1366 pastore
323 1295 414 1351 utitur.
447 1293 526 1350 Solus
543 1293 619 1351 lesus
634 1294 758 1350 Christus
781 1293 852 1349 illam
873 1295 930 1349 vice
953 1293 1078 1366 episcopi
1099 1298 1184 1364 reget,
1206 1298 1286 1365 atquo

112 1384 202 1432 vestra
225 1377 351 1433 charitas.
391 1377 447 1451 Ego
470 1385 558 1434 autern
580 1376 724 1444 erubesco,
746 1392 895 1453 excomm
917 1392 1032 1432 numero
1056 1375 1122 1441 dici;
1145 1373 1288 1430 nonenim

112 1477 173 1516 sum
195 1461 302 1534 dignus,
324 1469 417 1535 utpote
440 1461 487 1534 qui
508 1462 558 1517 sim
580 1461 690 1517 ultimus
712 1476 807 1517 eorum
830 1467 857 1516 et
880 1458 1028 1515 abortivus.
1065 1458 1163 1514 Verum
1184 1456 1288 1513 miseri·

115 1544 235 1599 cordiam
258 1552 423 1600 consecutus
446 1561 514 1611 sum,
537 1553 567 1600 ut
588 1561 678 1601 essem
700 1543 807 1615 aliquis,
829 1543 854 1598 si
875 1542 959 1598 boum
982 1557 1144 1614 consequar.
1183 1538 1289 1597 Salutat

115 1644 163 1682 vos
185 1645 261 1684 meus
281 1628 393 1701 spiritus
416 1635 444 1684 et
465 1627 581 1683 ebaritas
604 1626 790 1693 ecclesiarum,
813 1642 882 1699 quae
897 1642 940 1682 me
956 1632 1124 1699 exceperunt
1137 1625 1164 1679 in
1178 1623 1289 1681 nomine

115 1709 177 1765 lesu
201 1710 315 1778 Gliristi,
337 1727 393 1766 non
417 1718 447 1766 ut
468 1719 662 1768 transeuntem.
704 1709 809 1766 lltenim
831 1709 978 1777 ecclesiae,
1008 1724 1078 1782 quae
1100 1706 1168 1762 nihil
1190 1707 1224 1764 ad
1244 1723 1288 1764 mc

114 1793 289 1932 pprtinebant
309 1794 337 1850 in
359 1795 409 1865 ria,
432 1810 501 1869 quac
524 1794 675 1853 secundum
697 1809 807 1852 emnem
829 1801 886 1863 est,
913 1809 956 1852 me
984 1808 1035 1868 per
1064 1791 1184 1849 civitates
1207 1790 1289 1848 comi·

114 1885 139 1931 ta
160 1885 246 1935 antur.

588 2010 619 2067 x.
662 2011 817 2069 Conclusio.

198 2125 295 2185 Scribo
317 2134 406 2185 autem
427 2127 495 2186 haec
517 2127 593 2185 vohis
616 2144 631 2184 e
654 2127 769 2202 Smyrna
788 2143 840 2203 per
859 2125 994 2202 Ephesios
1024 2125 1213 2200 dignissimos,
1242 2124 1290 2202 qul

115 2208 186 2268 beati
208 2210 408 2285 praedicentur.
443 2212 548 2269 blesum
569 2212 650 2269 etiam
673 2220 715 2269 est
736 2227 798 2268 cum
820 2210 880 2266 aliis
901 2209 993 2267 multis
1015 2208 1128 2278 Crocus,
1151 2210 1288 2267 desidera·

114 2304 170 2351 tum
191 2295 257 2351 mibi
279 2310 387 2353 nomen.
423 2296 459 2353 [te
481 2295 533 2366 his,
561 2297 608 2370 qui
629 2312 672 2352 me
694 2313 709 2352 e
731 2292 811 2368 Syria
833 2293 944 2350 Romam
966 2308 1053 2365 usque
1077 2299 1291 2367 praecesserunt

114 2377 148 2433 ad
169 2376 282 2452 gloriam
304 2379 369 2448 bei,
392 2379 493 2447 credo,
515 2396 563 2437 vos
586 2395 635 2436 eos
656 2377 834 2452 cognovisse3
863 2377 1021 2432 annuntiate
1044 2390 1153 2449 quoque
1175 2366 1223 2445 iis',
1245 2390 1289 2432 mc

114 2478 201 2535 prope
223 2479 293 2518 esse.
322 2463 421 2521 Omnes
442 2464 581 2521 enimbeo
603 2471 632 2519 et
645 2461 720 2518 vobis
743 2459 817 2533 digni
839 2466 911 2528 sunt,
933 2467 961 2515 et
982 2458 1074 2514 cosin
1099 2456 1225 2514 omnibus
1247 2472 1289 2514 re·

114 2561 209 2601 creare
230 2562 277 2601 vos
300 2547 388 2604 decet
427 2548 500 2605 llaec
523 2546 622 2622 scripsi
642 2545 719 2602 vobis
741 2550 802 2600 ante
825 2542 895 2599 diem
918 2541 952 2597 lll
974 2539 1106 2596 Calendas
1121 2538 1291 2613 Septembris

115 2621 181 2698 [boc
203 2637 246 2685 est
265 2629 393 2687 vicesima
415 2632 493 2688 tertia
512 2623 648 2706 AugustiJ.
691 2627 791 2696 Valete,
813 2625 899 2685 lortes
923 2641 1010 2700 usque
1033 2622 1059 2679 in
1083 2621 1180 2692 linem,
1210 2621 1290 2679 susti·

115 2719 210 2769 nentes
231 2729 282 2785 pro
306 2712 368 2771 lesu
392 2714 508 2772 Christo.
550 2716 643 2772 lmen.

117 2891 142 2924 cc
169 2877 192 2923 si
221 2891 294 2924 essem
318 2877 413 2925 illorum
441 2876 573 2939 episcopus.
605 2875 685 2923 Smitlt.
774 2872 831 2936 Cap.
850 2872 876 2920 ll.
915 2868 938 2931 l)
957 2870 1043 2932 Syrum
1068 2882 1120 2932 cap.
1139 2874 1248 2932 quartum
1266 2873 1291 2918 et

114 2942 185 2991 l'occ.
208 2939 267 3009 Οὐχ
292 2939 331 3000 ὠς
354 2936 550 3012 παροδεύοντιε
568 2944 643 3005 Syrus
665 2943 685 2992 l.
721 2941 829 3004 quintum
849 2936 973 3002 Epistulae
991 2936 1021 2985 ad
1041 2935 1176 2985 Trallianos
1194 2943 1291 2986 antece·

116 3025 163 3058 non
182 3010 267 3072 vertit;
286 3011 398 3072 leguntur
416 3010 439 3057 in
457 3012 519 3058 Anu.
540 3011 551 3059 l
572 3017 596 3058 ct
614 3009 637 3057 2.
721 3007 799 3057 dentis
818 3022 882 3057 nono
902 3005 932 3055 ad
950 3004 1071 3054 Romanos
1089 3003 1227 3063 annexisse,
1244 3017 1289 3053 suo

166 3078 192 3136 bl
212 3078 348 3129 Pearsonus
385 3077 501 3126 ccclesias
541 3076 570 3126 ab
602 3075 686 3137 lgnatii
721 3076 776 3124 loco
801 3074 910 3124 diximus.
953 3073 1010 3122 Post
1036 3087 1063 3121 ea
1090 3070 1186 3135 Syriaca
1211 3069 1291 3120 versio

114 3144 280 3196 iurisdictione
310 3145 442 3208 pendentes
468 3142 586 3206 intelligit
628 3143 684 3192 Gal·
721 3157 774 3193 cum
799 3142 882 3191 ultima
910 3139 996 3190 decimi
1026 3154 1078 3202 cap.
1108 3137 1226 3188 sententia
1258 3137 1291 3188 ita

115 3210 213 3263 licciolli
240 3229 337 3278 quoquc
362 3212 441 3261 uertit:
473 3212 496 3260 le
520 3211 584 3273 quali
609 3226 622 3259 a
647 3226 684 3261 mc
719 3210 786 3259 llnit:
824 3207 952 3279 ἔρρωσθε
982 3208 1023 3264 εἰς
1049 3207 1126 3263 τέλος
1158 3203 1189 3258 ἓν
1221 3200 1293 3258 ὑπο·

116 3296 163 3330 non
186 3289 368 3345 appartengono
392 3280 415 3328 in
441 3280 476 3327 iia
500 3279 603 3327 carnale.
639 3279 685 3327 lic-
719 3279 792 3346 μονῇ
800 3274 1026 3345 ἸησοῦΧριστοῦ
1036 3272 1098 3339 [τοῦ
1110 3275 1182 3325 Θεοῦ
1191 3270 1292 3342 riparia}

116 3348 176 3397 etius
194 3346 262 3398 locus
282 3347 415 3411 explicatur
433 3346 462 3395 do
480 3345 590 3394 ecclesiis
609 3361 623 3393 a
640 3347 685 3405 via,
771 3344 799 3410 2)
819 3343 947 3394 Christiani
961 3342 1058 3405 Epheso
1076 3341 1169 3391 obviam
1189 3340 1292 3392 Crocum

115 3429 159 3476 per
177 3430 247 3479 quam
265 3414 492 3478 proficiscebantur,
516 3413 623 3462 remotis.
659 3413 686 3462 ld
722 3413 835 3463 miserant
851 3410 943 3475 lgiiatio
967 3408 1109 3468 salutando,
1132 3422 1185 3458 cum
1208 3420 1293 3460 eorum

116 3481 224 3532 Graziani
240 3483 362 3546 exprimit:
376 3482 466 3532 blentre
480 3479 569 3545 quelle,
582 3480 625 3530 che
637 3496 685 3530 non
722 3481 808 3530 linibus
821 3478 1035 3544 adpropinquaret.
1065 3475 1112 3525 Clr.
1122 3475 1153 3525 ad
1166 3475 1227 3541 pr.
1240 3475 1291 3526 οἳ.

116 3563 190 3599 ersno
209 3550 320 3613 contigue
342 3566 355 3600 a
374 3563 411 3598 me
430 3549 493 3598 nella
519 3549 569 3608 ria,
598 3548 641 3598 cbo
661 3548 685 3597 io
772 3550 798 3610 3)
822 3545 982 3609 [τουτέστιν
1002 3536 1169 3610 Αὐγούστου
1200 3536 1293 3596 εἰκάδι

117 3617 199 3666 lacera
216 3617 323 3667 secondo
350 3617 371 3666 la
391 3633 477 3676 carrio,
501 3616 532 3665 ini
557 3630 685 3680 accompa·
721 3616 813 3686 τρίτῃ]
833 3632 877 3664 nec
897 3629 911 3662 a
930 3621 976 3663 ret
995 3612 1038 3662 lnt.
1056 3627 1100 3661 nec
1127 3611 1157 3660 ab
1174 3609 1290 3677 lntcrpol.

117 3699 224 3745 gnatone
253 3685 276 3735 di
302 3685 390 3735 cittade
417 3684 440 3734 in
470 3684 566 3734 cittade.
609 3684 685 3734 Voccs
719 3684 864 3745 agnoscitur.
902 3681 944 3730 Est
954 3687 1032 3730 eutem
1047 3679 1128 3742 glossa
1142 3679 1293 3742 expellenda.

117 3753 151 3822 τῇ
176 3751 249 3804 κατὰ
273 3747 362 3822 σάρκα
385 3752 475 3801 librarii
498 3752 685 3802 additamentum
720 3750 844 3800 Eiusmodi
871 3749 1084 3811 interpretamento
1116 3746 1146 3796 ad
1172 3747 1293 3798 Romanos

117 3834 170 3869 esse
189 3820 361 3870 cumltucbato
380 3835 429 3869 non
448 3820 600 3871 crediderim.
639 3819 690 3882 Op·
724 3818 838 3868 scribenti
856 3816 893 3865 vix
915 3831 976 3880 opus
1002 3823 1060 3865 erat
1095 3814 1223 3878 llepcritur
1240 3814 1294 3880 qul-

118 3887 233 3949 posib'oni
250 3889 332 3952 potius
350 3887 482 3937 inserviunt
499 3892 550 3938 aine
564 3889 689 3937 secondom
725 3887 779 3937 dem
805 3901 843 3950 ap.
861 3886 923 3934 hrm.
943 3884 965 3935 1.
983 3882 1027 3948 (22
1048 3881 1116 3946 hug.)
1139 3890 1164 3932 et
1185 3884 1249 3934 Arm
1268 3879 1295 3934 2.

116 3953 190 4005 boso
208 3971 251 4005 seu
270 3957 405 4019 spiritooli,
432 3956 502 4005 sicuti
527 3953 562 4008 τὰ
585 3949 689 4019 βλεπό-
723 3955 768 4018 (24
787 3950 865 4016 hup).

116 4037 189 4089 μετα
208 4031 232 4073 ct
252 4021 287 4073 τὰ
305 4018 414 4092 ἀόρατα
436 4038 462 4073 se
486 4023 586 4073 invicem
609 4037 688 4086 oppo-
775 4023 802 4086 4)
820 4021 868 4070 llos
885 4015 969 4087 Ἀμὴν
986 4016 1209 4080 erlflnatiicalamo
1229 4024 1294 4068 certe

117 4098 211 4140 cuntur.
247 4090 354 4140 'luentur
371 4106 411 4139 cas
431 4091 484 4154 Syr.
505 4091 525 4140 l.
544 4098 568 4140 et
583 4092 645 4140 Arm
664 4090 689 4144 2,
723 4106 770 4140 non
789 4089 858 4138 eniit:
882 4086 971 4137 nullius
989 4101 1081 4136 recens.
1100 4083 1217 4134 brevioris
1235 4083 1293 4149 npt-

118 4155 220 4220 Saepius
239 4153 378 4227 προάγειν
395 4177 428 4201 =
447 4158 643 4228 προπέμπειν,
662 4165 689 4207 ut
721 4157 800 4208 stolae
823 4156 863 4205 lini
886 4154 1024 4219 appositum
1049 4152 1176 4216 reperitur.
1215 4153 1294 4211 Quare

118 4223 196 4274 estin
214 4224 259 4290 Ep.
277 4226 308 4277 ad
328 4225 374 4276 Tit.
392 4226 417 4288 3,
439 4225 477 4277 la.
538 4244 543 4252 ·
722 4225 815 4276 alienae
826 4238 910 4275 manus
921 4221 1109 4273 additamentum
1121 4233 1175 4269 esso
1188 4218 1295 4272 duodus

1172 4450 1386 4614 A

579 4369 843 4382 —m—
