2886 4882
297 215 433 274 dunum
455 217 595 276 PASTOR.
638 218 735 276 LIBER
756 221 787 276 11.
829 221 973 280 dedunt.
995 224 1028 283 X.
1047 221 1092 297 (fl)
1219 226 1280 288 471‘

105 387 194 436 aetum
216 378 351 453 explicare
374 381 446 449 ruit,
470 378 608 452 [etcum]
632 383 762 440 exciderit
792 384 825 441 ab
847 387 906 441 eius
928 386 1029 443 affectu
1051 399 1164 464 propter
1186 393 1279 451 vitium

106 461 263 536 dipsychiae
287 480 360 530 suae,
384 465 492 520 tristitia
524 466 548 520 in
572 466 645 521 ilium
675 468 757 522 intrat
786 477 813 522 et
841 469 967 540 spiritum
994 478 1119 527 sanetum
1149 484 1223 531 venat
1251 484 1280 534 et

105 545 229 612 conterit,
250 545 313 618 quia
336 545 371 613 id,
395 548 468 618 quod
489 565 571 618 agere
594 548 687 612 voluit,
709 549 840 622 perticere
870 567 926 606 nou
954 552 1050 623 potuit.
1093 554 1138 609 Sic
1168 566 1195 613 et
1224 559 1278 616 ire·

104 626 219 694 eundus,
244 645 304 684 eum
328 628 429 700 aliquid
450 632 568 702 praviter
589 632 674 687 iratus
697 640 724 686 et
745 632 778 687 ab
808 632 846 687 ira
868 634 1017 689 recesserit
1038 642 1066 690 et
1086 652 1147 691 eum
1172 636 1205 694 de
1227 640 1275 696 ini·

103 711 288 783 unitateque
313 719 441 783 operatus
464 720 520 779 est,
542 714 722 785 poenituerit,
745 713 949 786 quodmalum
981 717 1069 789 ipsum
1101 716 1215 786 feeerit,
1247 729 1277 778 et

101 792 205 847 tristari
233 794 373 866 coeperit,
401 795 537 850 tristitiam
566 797 674 868 spiritui
695 806 789 851 saneto
813 797 920 853 adferre
948 798 1061 854 videtur.
1111 798 1166 855 Sed
1194 793 1275 857 λιαεοι

102 875 211 931 tristitia
232 884 359 947 speratur
380 877 493 932 salutem
516 877 625 945 hebere,
648 879 710 950 quia
733 877 854 935 desueto
877 896 910 935 eo
927 880 1000 953 quud
1017 888 1075 936 ernt
1090 880 1189 936 mnium
1210 898 1275 955 poa·

102 958 241 1013 nitentiem
254 959 318 1030 agit.
355 958 441 1013 Ambo
455 976 521 1031 ergo
534 969 610 1015 aetus
623 960 749 1017 tristitiae
760 961 861 1018 tristari
882 961 982 1020 iaciunt
1003 963 1127 1034 spiritum
1140 971 1275 1023 sanetum.

101 1039 131 1094 Et
154 1039 198 1095 illa
221 1040 340 1112 quidem,
364 1058 433 1113 quae
454 1058 486 1096 es
507 1040 651 1115 dipsyetiia
671 1051 714 1098 est
735 1044 851 1110 tristitia,
873 1045 934 1117 quia
958 1061 1011 1100 nnn
1032 1044 1183 1116 impetravit
1205 1047 1276 1105 desis

102 1121 206 1177 derium
228 1140 322 1190 suum,
346 1124 437 1196 iniqua
460 1124 569 1181 tristitia
599 1132 649 1181 est.
694 1124 766 1181 tinec
794 1135 883 1181 autem
914 1127 1037 1192 tristitia,
1071 1142 1140 1198 quae
1169 1144 1202 1182 es
1224 1128 1273 1186 ira·

101 1204 199 1260 cundia
223 1213 274 1267 est,
299 1206 361 1278 quia
385 1206 456 1277 egit,
486 1206 559 1283 quod
583 1223 637 1262 nen
667 1206 760 1264 debuit
780 1225 881 1279 agere,
912 1224 967 1264 nnn
996 1208 1065 1264 mela
1094 1208 1202 1265 tristitia
1224 1218 1276 1267 est.

98 1285 138 1342 db
159 1289 282 1360 utrisque
305 1304 372 1360 ergo
395 1288 529 1356 tristitiis,
554 1306 622 1360 quae
645 1289 783 1345 iracundia
813 1299 840 1344 et
873 1290 1015 1363 dipspchia
1038 1285 1138 1366 [sunt]‚
1160 1292 1273 1364 spiritus

100 1367 146 1425 ille
167 1377 276 1426 sanetus
307 1378 425 1426 vexatur.
468 1370 551 1426 tuter
580 1373 669 1442 itaque
693 1389 707 1427 a
728 1380 754 1426 te
787 1364 938 1428 tristitiam²
967 1381 994 1427 et
1024 1370 1081 1427 noli
1109 1371 1218 1429 laedere
1245 1374 1273 1430 in

98 1450 223 1523 spiritum
245 1460 387 1520 sanetum,
410 1454 457 1525 qui
480 1453 505 1508 in
530 1461 555 1508 te
579 1453 696 1518 habitat,
719 1470 752 1508 ne
774 1461 848 1525 petat
870 1470 885 1507 a
907 1453 961 1509 Ιλεο
984 1462 1011 1510 et
1032 1453 1144 1510 recedat
1168 1454 1216 1510 abs
1237 1462 1274 1512 te.

97 1532 215 1606 Spiritus
240 1534 292 1602 ille,
316 1536 362 1607 qui
384 1551 400 1590 a
422 1535 477 1591 ίλεο
501 1535 579 1591 datus
602 1542 651 1602 est,
675 1535 701 1589 in
717 1535 769 1589 tine
792 1551 908 1608 empore
923 1536 1058 1591 tristitiam
1074 1550 1130 1589 non
1145 1536 1271 1610 sustinet,

96 1631 148 1671 nee
170 1618 309 1689 angustias
332 1617 409 1674 tates.

179 1759 217 1834 (n)
227 1764 270 1819 ΙΙΙ.
313 1765 396 1822 indue
419 1775 443 1822 te
466 1767 555 1839 itaque
578 1757 756 1834 iiilnritatem,¹
777 1782 845 1837 quae
868 1780 978 1836 semper
999 1764 1053 1819 deo
1077 1771 1152 1837 grata
1172 1775 1221 1834 est,
1244 1776 1274 1824 et

97 1855 157 1901 esto
181 1845 218 1900 illi
238 1847 402 1920 probabilis,
431 1857 458 1904 et
480 1851 505 1904 in
528 1849 574 1909 ida
595 1849 722 1920 gioria-o.
765 1848 857 1905 Omnis
879 1855 968 1902 autent
983 1847 1085 1924 ,hilaris
1103 1847 1184 1904 home
1207 1866 1273 1923 npe-

96 1936 172 1983 ratur
192 1927 263 1985 hene
286 1937 313 1985 et
334 1947 449 2005 semper,
472 1948 540 2005 quae
563 1931 633 1986 bona
656 1940 727 2000 sunt,
750 1931 858 2003 cogitat,
885 1936 912 1985 et
934 1931 1103 2003 contempnit
1126 1932 1273 1987 tristitiam.

96 2011 182 2066 Heme
205 2018 294 2067 eutem
316 2014 400 2070 tristis
423 2031 533 2087 semper
554 2030 670 2087 nequam
692 2023 742 2070 est
785 2011 875 2086 ipsum
905 2020 948 2067 est
979 2012 1038 2067 eius
1069 2013 1184 2085 primum
1206 2013 1272 2070 deli·

98 2101 186 2160 ctum,
217 2095 291 2167 qued
318 2096 399 2152 laedit
428 2096 553 2168 spiritum
582 2104 715 2163 sanetum,
738 2097 784 2168 qui
816 2095 853 2150 illi
875 2113 889 2150 a
912 2093 968 2150 Deo
997 2094 1090 2149 hilaris
1112 2095 1190 2150 datus
1221 2104 1272 2151 est.

96 2174 197 2231 Deinde
220 2178 343 2234 seeundo
367 2178 428 2234 Ιοοο
457 2194 538 2248 quam
568 2179 712 2249 pessimam
736 2193 793 2232 rem
820 2177 937 2231 admittit
968 2176 1020 2240 itte,
1044 2177 1091 2247 qui
1113 2168 1273 2232 eotitristnt¹
1347 2221 1348 2224 ,

95 2258 219 2329 spiritum
243 2269 374 2325 sanctum,
399 2276 487 2329 neque
511 2257 656 2312 confitetur
679 2258 742 2313 [λεο.
785 2255 901 2329 Semper
931 2265 1021 2311 autem
1043 2256 1129 2311 tristis
1153 2257 1271 2315 hominis

96 2340 183 2395 oratio
206 2357 259 2395 nnn
274 2341 357 2396 habet
369 2342 493 2395 virtutem
508 2336 657 2392 ascendere
675 2338 700 2391 in
721 2337 870 2391 sacrarium
884 2335 997 2390 Domini.
1040 2334 1136 2402 Quare,
1152 2338 1270 2407 inquam,

96 2420 225 2478 demine?
251 2422 282 2476 Et
304 2423 342 2476 ait
363 2422 445 2476 mihi:
467 2420 529 2490 quia
549 2419 656 2472 tristitia
688 2418 715 2472 in
737 2407 834 2472 οοτιίεθ
856 2416 915 2470 eius
942 2416 1027 2469 sedet.
1068 2415 1147 2470 Misit
1180 2424 1271 2473 autem

94 2533 134 2612 τῷ
156 2522 307 2609 ἀνθρώπῳ
328 2526 395 2604 περὶ
413 2521 581 2608 πράγματός
601 2546 696 2598 τινος,
718 2523 767 2584 καί
797 2522 863 2584 λίαν
883 2525 1051 2604 πικρανθῇ,
1083 2521 1132 2582 καί
1160 2518 1269 2609 ποιήση

95 2635 122 2673 τι
143 2605 243 2683 κακὸν,
264 2604 353 2668 πάλιν
373 2605 394 2688 ἡ
414 2606 490 2687 λύπη
511 2601 706 2688 εἰσπορεύεται
727 2606 768 2680 είς
787 2600 841 2684 τὴν
868 2604 992 2686 καρδίαν
1023 2608 1075 2665 τοῦ
1106 2600 1271 2685 ἀνθρώπιον

94 2698 148 2754 τοῦ
171 2687 406 2770 ὀξυχολήσαντος,
428 2691 479 2754 καί
499 2697 630 2752 λυπεῖται
651 2689 697 2750 ἐπί
723 2688 760 2775 τῇ
780 2683 882 2762 πράξει
904 2677 1049 2832 edred?
1070 2685 1198 2769 ἔπραξεν,
1220 2687 1271 2750 καί

96 2781 236 2855 μετανοεῖ,
259 2772 304 2837 ὅτι
324 2771 454 2856 πονηρὸν
474 2768 631 2876 είρηᾶσατο.
673 2769 757 2851 Αὕτη
785 2765 839 2834 οὖν
867 2765 888 2851 ἦ
914 2765 991 2851 λύπη
1039 2776 1104 2831 οκεῖ
1127 2771 1271 2849 σωτηρίαν

96 2859 179 2941 ἔχειν,
200 2855 245 2920 ὅτι
266 2854 297 2920 τὸ
318 2855 450 2940 πονηρὸν
464 2851 760 2939 πραξαςμετενόησεν.
805 2848 991 2936 ΓΑμφιίτεραι
1004 2851 1036 2915 δὲ
1050 2856 1120 2933 τῶν]
1138 2852 1270 2935 πράξεων

96 2947 220 3004 λυποῦσι
241 2938 293 3002 τὸν
314 2937 489 3024 ἄνθρωπον·
513 2935 548 3020 [ἦ
568 2937 620 3020 μὲν
640 2935 727 3020 λιίτνη,
750 2935 808 3016 ὅτι]
831 2933 951 3015 &adrepe
968 2941 1021 3016 τῆς
1036 2932 1174 3017 πράξεως,
1194 2933 1217 3015 ἡ
1237 2935 1270 3000 dd

97 3023 245 3104 ίξοχολία,
278 3022 322 3085 ὅτι
351 3025 452 3106 ἔπραξε
479 3019 511 3086 τὸ
539 3018 680 3102 πονηρόν.
724 3016 889 3102 Ἀμφότερα
916 3009 971 3080 οὖν
997 3015 1112 3099 λυπηρά
1141 3019 1200 3080 ἐστι
1228 3024 1269 3104 spi

96 3105 237 3186 πνεύματι
257 3113 297 3192 τῷ
319 3103 400 3193 ἇγίῳ,
438 3099 528 3187 Ἀρον
548 3097 603 3168 οὖν
624 3102 682 3168 ἀπὸ
703 3110 758 3167 σοῦ
785 3100 839 3183 τὴν
858 3097 970 3181 λύπην,
992 3100 1041 3163 καί
1069 3096 1214 3180 μὴθλῖβε
1234 3097 1269 3165 τί

98 3347 158 3394 enim
184 3346 215 3393 iis
239 3343 289 3392 Vei.
327 3342 486 3390 Gatticctottt:
512 3340 590 3390 Cetati
617 3354 665 3388 nnn
752 3337 779 3398 4)
797 3343 822 3386 in
840 3338 931 3386 demine
943 3335 1001 3396 Vnt,
1021 3334 1062 3400 qui
1080 3334 1164 3386 fluitet
1177 3337 1270 3387 tristent

97 3411 229 3461 intendouo
256 3410 354 3458 eieceiie
379 3408 486 3457 ricltiedn
515 3408 536 3456 ln
555 3406 663 3466 divinitis,
697 3404 757 3465 fucit
777 3405 886 3466 spiritum
912 3410 934 3452 et
959 3403 1070 3466 quomode
1098 3403 1188 3450 τοίννοι
1207 3403 1268 3464 feeit

98 3479 186 3542 pereht-
205 3486 302 3526 restans
321 3476 463 3524 intenebrati
482 3476 511 3523 du
530 3474 601 3522 eatuli
621 3488 664 3521 ne·
699 3479 805 3521 sunctum
822 3475 844 3518 et
862 3471 958 3519 tribulat
977 3484 1035 3516 eum.

98 3545 167 3607 posti,
185 3561 198 3594 e
216 3546 236 3592 si
249 3558 420 3604 corrumpens,
439 3543 485 3590 esi
501 3540 664 3604 conquidouo.
750 3537 777 3599 5)
797 3538 852 3585 item
870 3537 921 3584 Vnt.

149 3613 175 3669 8)
193 3617 306 3660 nocentur
320 3610 370 3656 Vnt.
749 3605 775 3664 6)
794 3610 815 3652 et
836 3604 874 3651 tec
899 3604 935 3649 ira
954 3601 1026 3648 intrat
1046 3600 1070 3646 ιἰι
1088 3600 1198 3650 vecordia
1216 3601 1267 3653 ira-

149 3680 175 3741 9)
194 3681 280 3728 tutibus
301 3692 346 3724 0111.
367 3675 416 3722 Vnt.
699 3672 784 3720 seratis
797 3677 818 3717 et
833 3669 957 3717 tribulatur
968 3665 1027 3724 Vnt,
1044 3664 1086 3712 ubi
1098 3666 1165 3716 deest
1175 3674 1266 3730 postea.

151 3745 192 3807 10)
213 3752 309 3808 rpentes
328 3742 377 3789 Vas.
748 3738 777 3795 7)
796 3733 1266 3798 vterqueerpoptttraepaeerporesvat

154 3813 194 3874 tt)
213 3827 289 3861 eorum
304 3810 352 3857 Vat.
372 3806 530 3857 Gntticciottt:
550 3808 606 3856 Ese
617 3807 664 3859 mni
750 3803 777 3865 8)
795 3802 865 3849 Voce.
884 3801 1009 3861 dubitatio,
1027 3800 1085 3862 quie
1103 3815 1151 3849 τοο
1169 3814 1264 3849 sueces-

98 3888 198 3931 sentnno
218 3895 230 3926 a
248 3877 344 3940 pariare
364 3874 387 3923 di
406 3875 458 3935 ssiu,
477 3873 493 3922 it
514 3875 568 3924 loru
586 3875 665 3923 inteu·
699 3874 816 3920 situatur
837 3868 903 3928 eius,·
919 3872 939 3914 et
959 3867 1060 3915 tristitie
1080 3865 1130 3916 des.
1148 3865 1172 3914 in
1194 3865 1244 3913 Vati

99 3946 204 3995 dimento
224 3949 236 3993 d
256 3948 374 4005 occupato
394 3941 456 4002 negti
474 3941 593 3993 iuteressi.
749 3936 777 3997 9)
794 3948 878 3983 necere
897 3933 948 3981 Vnt.

154 4012 196 4073 12)
211 4013 342 4077 precipiunt
360 4007 410 4056 Vat.

151 4077 323 4142 mmm
752 4062 1050 4130 mmmmm

151 4145 193 4205 λλ)
215 4144 333 4205 ι’πλείλλρεε
351 4157 377 4192 οι
396 4156 442 4190 om.
460 4141 511 4189 Vat.
748 4134 775 4194 2)
794 4134 893 4185 tristitia
912 4131 961 4182 Pal.
1130 4195 1135 4207 ¹

154 4211 211 4275 Cep.
230 4210 268 4261 lli.
308 4207 331 4268 Ι)
351 4208 493 4258 contribulet
511 4207 561 4255 Vnt.
749 4200 806 4263 Cep.
824 4199 863 4251 m.
899 4200 924 4262 ί)
942 4200 1098 4250 tittarttatem:
1116 4211 1152 4250 stc
1170 4195 1222 4246 Pal.

150 4278 176 4340 2)
194 4281 219 4326 in
236 4278 331 4337 repetis
351 4276 429 4337 ntique
447 4273 496 4321 Vnt
749 4268 776 4327 2)
795 4269 938 4316 contristeris
958 4264 1009 4314 rat.

148 4345 176 4409 3)
193 4345 297 4409 pervenit
316 4341 366 4392 vat.
751 4332 779 4399 3)
799 4349 838 4386 σοι
856 4332 907 4385 ΡοΙ.
