2886 4882
233 242 372 301 {Elim
394 242 534 303 PASTOR.
576 244 740 303 1111111111.
782 245 985 309 8111111.11,
1006 244 1050 322 (Ι)
1170 247 1231 309 529

59 417 208 483 portarent.
249 410 347 465 Pastor
367 418 457 467 autem
478 410 656 470 considerans
677 428 721 468 me
742 414 780 468 ita
805 412 858 468 rit:
880 413 946 485 quid
968 414 1038 472 intra
1061 423 1087 472 te
1110 415 1232 489 disputan

58 499 88 548 et
107 493 241 560 moveris,
264 499 292 548 et
312 491 358 548 tibi
386 493 447 566 ipse
476 493 599 550 dolorem
628 493 733 551 inierat
764 493 948 568 Quaecunque
975 497 1049 553 eninr
1074 514 1129 554 nou
1152 507 1233 573 potes

59 574 219 648 intelligere,
241 574 297 631 noli
319 583 469 650 temptare,
491 585 617 651 tanquam
639 578 678 634 sis
700 579 826 651 sapiens3
847 578 897 633 sed
927 594 993 651 roga
1020 578 1180 654 bominum,
1202 588 1233 637 ut

57 666 172 732 accepto
191 674 276 715 sensu
298 651 444 732 inteiligns³
465 676 505 718 ea.
549 660 622 728 Quae
643 668 732 717 srrtem
752 668 827 716 retro
848 667 922 728 suut,
942 660 1034 717 ridere
1056 677 1112 717 non
1133 668 1230 735 potem

58 755 129 814 quae
152 749 240 798 autem
263 742 289 797 in
311 749 372 798 ante
386 751 458 811 suot,
480 743 572 799 nidore
585 743 698 816 poteris.
741 742 801 799 11011
823 745 862 799 sie
876 751 904 799 te
919 750 980 800 aute
994 752 1134 817 torquere.
1156 744 1231 812 Osse

58 830 148 880 autem
169 824 262 882 ridere
279 833 368 898 potes,
390 841 486 882 eorum
508 824 655 895 dominare,
676 826 758 884 etde
778 825 894 901 reliquis
915 825 972 883 noli
986 834 1128 900 perserms
1141 818 1232 893 esse3⁴

60 921 112 979 ego
133 907 205 963 euim
228 907 277 964 tibi
298 909 388 965 ornoin
409 907 613 967 demonstrabo.
1218 942 1221 949 =

142 1053 179 1126 (s)
201 1056 246 1112 111.
287 1057 319 1113 tu
340 1057 438 1114 iterum
461 1060 497 1114 uit
518 1058 599 1115 mibi:
620 1058 713 1132 aspice
735 1074 809 1115 nunc
831 1068 858 1115 et
879 1066 993 1116 caetera.
1034 1059 1068 1115 Et
1090 1061 1154 1116 eece
1175 1059 1229 1117 vidi

57 1157 105 1197 sen
126 1141 200 1197 virm
222 1140 340 1214 venisse,
361 1139 432 1196 altos
449 1141 634 1216 honestusque
648 1150 675 1197 et
690 1140 847 1197 consimiles
859 1149 983 1215 aspectu.
1026 1140 1231 1199 truncaverunt

57 1222 220 1297 mouentem
240 1222 439 1283 multitudinem
460 1225 597 1292 virorum3
619 1233 647 1281 et
669 1223 715 1292 1111,
738 1223 785 1296 qui
801 1232 932 1282 venerant
949 1223 1141 1292 uuiaitissimi,
1164 1226 1229 1283 saus

56 1304 122 1362 boni
151 1313 179 1363 et
207 1313 332 1379 potentes
360 1314 445 1364 eraut
487 1307 521 1363 Et
547 1308 688 1363 iussernmt
716 1305 755 1363 itti
776 1306 912 1380 praedicti
930 1324 979 1365 sex
1006 1307 1055 1365 viri
1084 1305 1231 1371 aedificare

57 1405 142 1462 supra
161 1398 267 1463 petrum
288 1388 360 1447 iilam
382 1381 495 1446 ιιιιιιιιι1
517 1389 611 1459 atum,
634 1399 662 1446 et
684 1405 769 1464 super
789 1396 895 1461 pontum
917 1391 1012 1465 ipsam.
1052 1388 1118 1447 Erat
1137 1399 1228 1447 autem

56 1488 171 1545 maguus
193 1471 322 1529 tumultus
343 1472 462 1529 virorum
484 1470 610 1541 iliorum,
635 1473 683 1546 qui
704 1480 833 1528 venerant
854 1471 889 1529 ad
909 1470 1104 1531 aedificandam
1124 1479 1229 1529 turrem

56 1554 111 1611 buc
131 1563 159 1613 et
185 1554 248 1612 illuc
270 1555 481 1613 discurrentium
511 1555 582 1611 iuxta
603 1562 719 1627 portum.
761 1553 887 1628 Virgines
916 1563 1024 1623 autem,
1056 1570 1128 1629 quus
1155 1555 1229 1611 eirca

56 1645 164 1710 portam
186 1637 302 1705 stabam,
325 1635 452 1694 dicebant
472 1637 537 1697 siris
559 1636 684 1706 iilis‚‘ut
703 1636 864 1693 festinarent
887 1645 915 1695 et
935 1645 1041 1695 turrem
1062 1636 1132 1693 iltuu
1156 1636 1227 1705 aedi·
1266 1690 1269 1695 .

57 1717 178 1777 dicarent.
219 1717 399 1792 Porrigebant
426 1728 514 1777 autem
536 1737 633 1777 manus
665 1719 782 1792 virgines
802 1717 878 1789 illae,
908 1720 987 1793 quasi
1007 1719 1111 1793 aliquid
1131 1735 1229 1795 accep·

57 1809 133 1858 turae
155 1818 170 1858 a
192 1801 256 1859 viris
278 1801 331 1858 illis
353 1810 456 1859 essent
500 1803 540 1861 illi
554 1811 644 1861 autem
656 1801 770 1870 serviri,
785 1801 832 1875 qui
848 1803 1017 1876 praedictam
1029 1801 1228 1860 multitudinem

56 1883 236 1952 adduxerunt,
258 1883 385 1942 iubebunt
405 1885 439 1943 de
460 1886 597 1960 profundo
620 1885 711 1960 aliquo
733 1883 837 1960 taptdes
860 1885 961 1955 subire,
983 1894 1011 1943 et
1031 1886 1072 1943 ire
1101 1887 1130 1943 in
1157 1893 1227 1943 ιιιιι·

57 1958 175 2024 ouram'
196 1967 278 2024 turnis
306 1967 388 2027 iilius.
432 1966 581 2027 Subieruut
609 1985 676 2042 ergo
700 1967 794 2025 decem
815 1967 918 2043 lapides
940 1967 1063 2037 candidi,
1095 1968 1228 2042 quadrati

56 2047 96 2105 iiii
117 2059 206 2108 autem
228 2067 275 2108 sex
296 2051 344 2108 viri
366 2061 531 2110 rocaverunt
551 2052 670 2126 virgines
693 2049 767 2119 illas,
799 2050 993 2124 iusseruntque
1014 2052 1055 2109 eis
1082 2058 1112 2107 ut
1132 2066 1228 2109 omues

54 2129 175 2205 lapides,
198 2133 353 2208 quicunque
381 2135 409 2190 in
438 2143 601 2191 structuram
622 2141 716 2190 essent
736 2132 814 2198 ituri,
833 2142 992 2206 portarent,
1023 2141 1051 2189 et
1080 2135 1229 2193 transirent
1292 2148 1295 2152 ’

55 2231 106 2287 per
127 2225 243 2287 portum,
263 2225 291 2272 et
311 2215 486 2288 porrigerent
507 2216 572 2271 siris
594 2214 656 2281 iilis,
678 2213 724 2286 qui
747 2211 916 2271 aedificaturi
938 2222 1131 2271 erantturrem
1145 2215 1226 2273 illem.

56 2296 181 2368 Virgines
204 2312 270 2369 ergo
293 2295 352 2351 illas
381 2295 476 2352 decem
500 2297 601 2369 primos
625 2293 686 2350 idos
709 2293 827 2366 lapides,
850 2295 897 2367 qui
920 2295 953 2351 de
976 2294 1113 2368 protundo
1136 2295 1225 2352 subie-

56 2384 128 2446 runt,
150 2376 289 2451 ponebant
309 2375 362 2432 sibi
382 2377 505 2446 invicem,
524 2366 718 2451 ιιιιιιιιιιιιιιιι8
737 2373 862 2447 lapidem,
884 2383 913 2432 et
932 2376 1013 2433 simul
1033 2375 1167 2450 portabat.

138 2504 175 2579 (n)
197 2509 238 2565 lv,
280 2507 358 2564 Sicut
379 2525 445 2581 ergo
467 2507 576 2565 stabant
602 2508 675 2565 circu
698 2514 803 2580 portum
825 2506 946 2581 singuiae
968 2506 1020 2564 sub
1047 2506 1162 2580 anguto,
1185 2509 1225 2565 sic

54 2591 164 2649 fortiter
185 2591 350 2649 subicientes
372 2608 403 2648 se
424 2591 529 2666 lapides
551 2590 620 2660 ilios,
642 2588 788 2664 portabant
807 2606 902 2646 omues
920 2589 1035 2664 lapides.
1076 2587 1109 2645 Et
1130 2606 1225 2648 omues

55 2682 161 2748 portam
188 2672 402 2742 transferebant,
436 2681 518 2749 prout
546 2675 636 2731 iussae
665 2672 785 2742 fuerant,
818 2679 844 2728 et
864 2670 1041 2747 porrigebant
1069 2671 1121 2728 iilis
1151 2673 1225 2745 uiris,

55 2756 102 2830 qui
131 2755 311 2814 aedificabunt
339 2765 452 2813 turrem.
499 2756 539 2814 1111
569 2765 657 2814 nutem
685 2771 733 2813 sen
761 2753 932 2829 excipiebant
959 2754 1063 2831 lapides
1092 2754 1169 2824 illos,
1198 2764 1226 2813 ot

55 2839 255 2915 componebant
275 2840 309 2897 ad
330 2848 504 2898 structuram.
546 2839 579 2896 Et
600 2838 752 2898 aedificatio
777 2838 858 2895 turris
885 2855 968 2912 supru
996 2844 1073 2914 petro
1095 2848 1123 2895 et
1143 2855 1227 2914 supro

55 2931 133 2997 porta
156 2923 200 2980 iiia
221 2939 317 2996 magna
340 2921 430 2980 fiebat.
473 2923 562 2997 dptoti
589 2931 655 2980 sunt
675 2937 741 2997 ergo
765 2920 804 2976 illi
826 2919 922 2977 decem
944 2919 1064 2995 lapides,
1087 2929 1114 2979 et
1135 2920 1227 2997 imple

55 3013 152 3061 verunt
179 3014 263 3063 totam
295 3014 409 3080 petram
460 3004 520 3079 tpse
547 3013 637 3063 autern
665 3005 692 3060 in
720 3002 897 3062 fondamento
929 3002 1013 3061 turris
1042 3003 1124 3078 positi
1152 3012 1225 3075 suut,

55 3086 118 3160 quia
149 3096 227 3160 petra
254 3096 282 3145 et
308 3098 389 3163 porta
420 3089 556 3146 sustinent
584 3095 666 3146 totam
694 3093 808 3144 turrem.
850 3084 916 3145 Post
937 3084 998 3143 iilos
1019 3085 1111 3163 itaque
1132 3087 1226 3145 decem

54 3262 128 3312 modo
157 3272 236 3314 autem
264 3265 370 3328 sigilium
402 3280 450 3313 uon
483 3264 625 3316 babtmruut.
709 3262 737 3327 1)
755 3282 771 3315 u
788 3265 900 3315 luteribus
921 3278 945 3327 p.
964 3265 995 3313 ud
1010 3263 1086 3315 detero
1105 3263 1154 3313 dat.

55 3330 161 3380 Fuerunt
178 3331 250 3394 igitur
268 3330 415 3381 circumcisis
434 3346 505 3394 puros
528 3330 562 3380 ilii
581 3331 623 3380 viri
709 3330 735 3395 5)
754 3333 848 3381 cosdem
868 3346 911 3396 per
934 3338 1015 3395 portos
1038 3330 1103 3390 Vnt,
1131 3331 1154 3380 in
1179 3331 1225 3381 doe

56 3396 110 3447 iusti
128 3399 223 3459 (decem
242 3398 361 3463 lapides),
387 3397 426 3461 qui
445 3399 523 3460 primo
543 3399 624 3446 mundi
657 3399 776 3448 iusserant
796 3397 947 3456 tradiderunt,
965 3397 1056 3447 etbiss.
1068 3396 1225 3459 tortusue-

55 3465 138 3515 seculo
170 3465 240 3516 vitem
268 3466 393 3528 degebant.
438 3465 471 3513 be
501 3465 623 3528 profundo
657 3473 710 3514 root
734 3480 757 3529 p.
782 3469 861 3515 iussoe
886 3470 952 3513 erunt
976 3463 992 3511 i.
1017 3479 1038 3512 e.
1063 3463 1098 3510 itii
1124 3476 1164 3511 sex
1181 3464 1225 3511 riri

55 3532 204 3593 attolluntur,
222 3533 341 3597 siquidem
360 3539 414 3582 ante
427 3530 515 3580 Christi
534 3532 625 3581 eduen·
657 3533 745 3582 excelsi
770 3548 799 3582 ac
827 3530 956 3580 venerandi
974 3545 995 3578 c.
1011 3530 1053 3591 3.;
1076 3528 1125 3577 rat.
1144 3531 1224 3579 iassae

55 3605 105 3647 tunt
123 3600 229 3649 defuncti
247 3608 310 3649 suut
329 3600 377 3649 Cir.
396 3599 458 3648 inira
476 3615 497 3647 c.
510 3599 539 3648 tt
551 3606 575 3648 et
587 3599 623 3648 16.
656 3602 760 3661 (uerunt,
780 3599 844 3663 quod
862 3603 976 3660 praestet.

55 3665 163 3715 ductoris
180 3681 276 3716 sensum
292 3666 363 3730 pinne
375 3666 456 3716 reddit
466 3665 624 3715 Geiliccioiii:
708 3668 736 3730 6)
755 3669 917 3716 enitescerent
939 3662 991 3713 t'st
1011 3663 1143 3715 secandum
1160 3664 1224 3714 itrii·

56 3731 153 3782 Furono
174 3733 270 3796 dunque
288 3741 386 3783 estrotte
405 3733 466 3783 dieci
477 3733 554 3797 pietro
566 3749 623 3784 crn-
657 3749 710 3784 cam
726 3731 847 3782 scribendi
866 3729 991 3791 radonem,
1009 3746 1070 3797 quac
1089 3746 1224 3782 comoran-

56 3797 120 3859 dide,
138 3799 262 3863 quadrata,
279 3808 419 3863 scapezratr
439 3799 567 3851 d’intorno.
658 3810 693 3852 tes
710 3817 728 3849 n
747 3808 770 3849 et
787 3814 798 3847 s
816 3799 955 3861 treqrteutrr
974 3808 1100 3864 permutat.

108 3867 137 3931 8)
155 3867 363 3927 succurrentia„
380 3867 469 3918 ibidem
486 3871 624 3933 quicumque
709 3868 736 3928 t)
757 3867 794 3914 dir
812 3865 862 3914 Vnt.

55 3937 169 3984 intueris
193 3937 245 3983 eius
265 3935 413 3996 edificatione
431 3938 487 3984 ituri
506 3941 584 3985 eareat
601 3940 624 3982 et
707 3933 818 3997 stitutus
836 3946 883 3982 um.
901 3933 951 3983 dat.

55 4003 185 4052 translatos
194 4016 238 4065 per
255 4009 337 4066 portos
354 4004 445 4054 trudere
462 4004 496 4052 eis
515 4004 557 4067 psi
571 4002 623 4050 edi·

54 4069 146 4129 demum
163 4074 249 4119 esseut.
392 4088 401 4107 ·
710 4067 738 4131 3)
757 4069 874 4132 inteltiper
893 4068 943 4118 rat.

106 4138 134 4200 11)
155 4143 196 4202 put
212 4139 283 4200 priori
300 4140 450 4189 ascenderunt
463 4139 491 4186 de
505 4135 623 4198 profundo
705 4134 733 4198 d)
751 4140 787 4184 est
806 4136 856 4185 rat.

55 4206 147 4253 interae
157 4207 258 4254 creone
269 4212 375 4270 reponet
390 4200 622 4266 onoerporiterdnt.
707 4203 767 4266 Cap.
782 4203 821 4253 111.
859 4200 884 4268 l)
902 4199 1052 4265 Expuogitnr
1069 4203 1091 4247 rt
1102 4206 1158 4248 ante
1171 4203 1223 4248 tar·

105 4268 164 4333 Cep.
181 4272 217 4322 11.
252 4272 276 4336 1)
294 4272 343 4322 Cir.
359 4284 433 4334 supra
451 4285 472 4319 c
490 4269 513 4319 3.
655 4283 703 4320 rem
721 4270 746 4319 tn
765 4269 814 4319 Pal.

107 4336 134 4400 2)
153 4339 212 4387 sicud
230 4339 280 4390 Vnt
708 4337 735 4401 2)
755 4343 873 4387 structura
890 4334 962 4399 rit,

106 4403 134 4465 3)
151 4406 276 4469 portabunt
295 4419 374 4455 omues
393 4405 487 4471 topides
505 4399 556 4453 Pai.
706 4404 734 4468 d)
751 4405 913 4467 eonrpss'rproe
931 4399 981 4452 Pal.

122 4487 215 4538 Perses
233 4501 317 4539 eroon.
982 4484 1015 4538 34
