2886 4882
241 249 365 310 IGNATO
387 249 549 308 uersuum
570 253 612 308 hh
635 252 964 312 erlrunnuurnunsus.
992 255 1033 314 Vi.
1055 255 1108 315 tu.
1130 258 1196 317 virt.
1247 256 1300 320 181

130 423 274 496 quisquam
297 418 416 492 gloriari,
440 418 481 475 vei
505 428 612 477 secreto
635 420 677 476 vel
698 421 794 496 palam,
817 440 832 479 a
853 440 896 480 ιεε
917 440 1078 497 quenrquam
1093 436 1228 499 gravatum
1242 445 1305 486 esse

130 514 174 561 aut
196 506 224 560 in
245 519 337 577 parvo,
360 511 406 558 aut
427 504 452 558 in
476 520 582 577 irragno.
613 504 645 560 Et
665 505 798 575 omnibus,
822 507 854 563 ad
879 523 949 580 quos
964 507 1070 564 loeutus
1085 527 1152 579 sum,
1175 519 1249 585 opto,
1270 529 1304 570 ne

133 590 158 644 in
181 587 366 646 testimonium
389 587 415 642 id
438 586 516 643 cedat
539 595 632 644 eontra
655 589 739 662 ipsos.

130 723 180 762 nee
202 703 284 762 habet
305 704 461 778 quisquam,
485 704 558 778 quod
580 703 728 778 glorietur,
757 707 798 762 vel
827 716 934 765 secreto
963 708 1004 764 vel
1038 708 1139 782 poium,
1172 727 1214 765 me
1243 729 1304 784 gru·

128 807 205 846 rasse
236 805 415 862 quemquam,
450 788 487 843 vel
518 789 544 844 in
574 805 657 861 parvo
687 788 727 844 vel
754 791 781 844 in
810 807 916 864 magno.
959 790 992 847 m
1020 809 1114 847 omues
1144 809 1209 860 oro,
1233 793 1303 851 inter

135 891 205 947 quos
228 872 335 928 locutus
358 889 432 939 sum,
455 888 488 928 ne
511 871 578 927 illud
600 873 625 926 in
650 872 834 929 testimonium
856 874 921 930 mihi
944 883 1112 932 conservent.

218 1021 272 1078 VH.
316 1023 346 1080 S.
369 1023 473 1096 Spiritu
499 1023 652 1096 impellente
674 1041 722 1080 uos
744 1025 783 1080 od
802 1025 934 1081 unitatem
957 1024 1121 1082 adhortatus
1142 1043 1210 1082 sum.

210 1140 374 1213 Quamquam
396 1141 466 1196 enim
489 1138 611 1196 nonnulli
634 1140 784 1197 seeundum
806 1157 915 1198 earnem
937 1158 980 1198 ειε
1002 1142 1129 1216 decipere
1152 1143 1296 1212 voluerint,

124 1225 239 1299 spiritus
260 1232 416 1280 tamennon
432 1223 574 1297 decipitur,
596 1224 679 1280 abeo
702 1232 787 1281 ortus.
808 1224 887 1280 Novit
901 1226 981 1292 enim,
1004 1226 1075 1282 unde
1086 1227 1183 1293 veniet,
1205 1236 1233 1283 ει
1246 1244 1301 1302 quo

125 1307 213 1375 vadat,
226 1315 253 1362 et
268 1315 374 1363 secreta
384 1308 513 1380 coarguit
544 1306 665 1372 Chamavi,
683 1323 743 1362 curn
758 1324 888 1381 praesens
904 1325 1002 1376 essem,
1016 1309 1123 1365 locutus
1135 1327 1194 1366 sum
1205 1327 1302 1384 magna

124 1407 209 1446 soce:
232 1390 363 1464 episeopo
381 1389 490 1445 obedite
507 1398 534 1446 et
548 1390 721 1464 presbyterio
738 1400 765 1446 et
780 1391 911 1447 diaconis.
940 1392 1053 1459 Quidam
1066 1400 1155 1448 autem
1170 1391 1301 1467 suspicati

124 1483 204 1542 sunt,
227 1491 286 1544 me,
310 1482 339 1527 ει
361 1474 513 1546 praescium
538 1472 677 1528 schimatis
701 1474 883 1546 quorundum,
906 1475 973 1529 haee
995 1474 1102 1530 dixisse.
1145 1475 1233 1531 Testis
1255 1492 1300 1532 au·

125 1567 178 1613 tem
205 1557 270 1612 mihi
293 1560 314 1610 is
338 1565 395 1623 est,
424 1573 474 1629 pro
499 1573 553 1629 quo
576 1557 681 1612 vinctus
704 1574 779 1623 sum,
810 1556 883 1629 quod
915 1573 1033 1613 acerne
1063 1558 1176 1613 humana
1199 1559 1225 1614 id
1245 1575 1300 1614 non

124 1640 307 1713 cognoverim.
341 1638 395 1694 Sed
417 1639 535 1713 Spiritus
558 1641 732 1705 annuntiavit,
754 1640 863 1695 dicens:
886 1639 945 1694 sine
965 1642 1096 1713 episeopo
1118 1641 1184 1695 nihil
1208 1641 1297 1705 facite,

123 1740 233 1779 carnem
243 1730 360 1778 vestram
382 1731 411 1777 ut
424 1721 469 1778 Oei
494 1721 622 1795 templum
644 1722 787 1790 custodite,
809 1723 936 1777 unionem
950 1732 1045 1788 amente,
1068 1723 1180 1778 dissidia
1198 1724 1290 1797 iugite,

122 1807 272 1863 imitatores
295 1813 353 1862 este
376 1805 436 1861 lesu
451 1804 559 1867 Christi,
582 1806 654 1861 sient
675 1814 702 1863 et
724 1806 781 1879 ipse
803 1805 888 1880 putris
910 1806 962 1861 sui.

206 1948 284 2012 *vu
329 1955 492 2028 Quamquam
522 1956 593 2012 enirn
621 1955 740 2012 nonnulii
770 1956 919 2013 secundum
949 1972 1057 2013 earnem
1088 1973 1130 2013 me
1162 1957 1297 2016 seducere

122 2041 281 2104 voluerunt3
317 2039 367 2094 sed
404 2039 515 2112 spiritus
543 2056 559 2093 a
590 2039 644 2094 [teo
680 2038 820 2113 proiectus
856 2056 910 2095 non
949 2040 1092 2114 decipitur.
1136 2039 1192 2096 Scit
1214 2043 1294 2116 enim,

122 2125 193 2180 unde
216 2123 301 2189 venit,
325 2128 352 2177 et
381 2138 435 2194 quo
467 2122 554 2188 vadit,
585 2131 613 2178 ει
632 2132 738 2178 secreta
762 2124 892 2197 coarguit.
934 2122 1081 2178 Exclamavi
1108 2141 1173 2180 voce
1202 2142 1297 2199 taragna

121 2210 279 2274 intereos,
302 2204 402 2279 quibus
425 2204 572 2278 loquebar:
601 2204 738 2279 Episcopo
760 2206 904 2271 attendite,
927 2215 953 2261 ει
974 2204 1167 2278 Presbyterio,
1190 2216 1216 2262 et
1238 2208 1295 2264 Oia·

122 2291 214 2355 conis3
242 2296 268 2345 at
290 2288 327 2344 iiii
349 2287 573 2362 suspicabantur,
594 2305 637 2344 me
658 2289 725 2344 haec
749 2288 856 2356 dicere,
880 2289 957 2360 quasi
979 2287 1120 2343 dissidium
1152 2289 1295 2345 nonnullo·

122 2391 181 2430 rmn
204 2373 404 2447 praesciverim.
447 2371 511 2427 biihi
534 2380 623 2428 autem
645 2372 723 2427 testis
745 2380 788 2427 est
810 2370 863 2437 ilie,
887 2371 913 2425 in
936 2386 990 2442 quo
1012 2371 1117 2424 vinetus
1133 2386 1203 2435 serm,
1220 2371 1294 2442 quod

121 2457 155 2513 ab
178 2473 259 2512 carne
281 2456 396 2511 humana
419 2471 473 2510 non
497 2455 686 2528 cognoverim:
720 2454 768 2509 sed
790 2454 903 2527 spiritus
925 2450 1108 2516 armuntinbnt,
1133 2453 1172 2506 sie
1186 2451 1294 2507 dicens:

122 2541 180 2596 sine
201 2538 336 2613 Episcopo
359 2537 425 2594 nihii
448 2537 537 2593 facite.
582 2537 694 2593 Carnem
716 2543 833 2592 vestrum
863 2544 893 2590 ει
924 2534 1052 2607 templum
1075 2533 1121 2588 hei
1151 2533 1294 2589 custodite.

121 2622 253 2680 Unitatem
277 2621 392 2694 diligite:
416 2620 527 2676 dissidia
549 2619 646 2693 fugite:
677 2619 827 2675 imitatores
848 2618 947 2674 Christi
970 2624 1066 2685 estote,
1090 2617 1161 2672 sieut
1184 2616 1291 2690 etipse

123 2706 174 2763 fuit
195 2706 280 2763 Patris
303 2704 354 2762 sui.

255 2854 321 2912 vul.
363 2855 476 2912 Studete
498 2855 606 2910 unitati.
649 2853 772 2909 Christus
794 2853 854 2909 ioco
876 2854 1101 2907 documentorum
1122 2859 1169 2906 est.

201 2970 257 3046 Ego
280 2972 379 3044 itaque,
402 2969 476 3043 quod
497 2987 587 3027 meum
609 2977 675 3038 erat,
696 2969 758 3035 ieci,
780 2977 810 3025 ut
830 2969 912 3024 homo
935 2966 969 3023 ad
991 2967 1118 3023 unionem
1135 2965 1292 3025 destinatus.

120 3055 169 3112 Ubi
192 3062 280 3112 autem
302 3054 397 3110 divisio
419 3062 462 3110 est
481 3061 508 3110 et
529 3054 576 3122 ira,
597 3052 636 3110 ibi
658 3053 728 3109 Oeus
751 3069 806 3109 non
829 3050 940 3107 habitat.
971 3050 1100 3105 Omnibus
1123 3051 1205 3124 igitur
1226 3067 1291 3125 poe·

119 3138 267 3196 nitentibus
290 3137 402 3195 remittit
424 3137 509 3201 heus,
536 3138 559 3192 si
588 3153 618 3192 se
639 3144 798 3193 convertant
828 3134 862 3190 ad
884 3134 1011 3190 unionem
1039 3148 1101 3189 eum
1124 3133 1178 3190 Oeo
1209 3134 1292 3190 etad

120 3223 338 3278 communionem
361 3237 421 3276 cum
445 3221 585 3294 episcopo.
633 3218 721 3275 Credo
745 3219 846 3293 gratiae
868 3216 930 3273 lesu
954 3214 1068 3283 Christi,
1102 3216 1145 3289 qui
1170 3216 1291 3274 solvetu

119 3305 197 3362 vobis
220 3321 299 3361 omne
332 3303 476 3359 vinculum.
521 3302 642 3360 Obsecro
671 3310 759 3358 autem
780 3318 844 3369 vos,
866 3308 896 3356 ut
917 3299 982 3355 nibil
1006 3300 1176 3355 contentiose
1199 3301 1292 3374 agatis,

122 3389 169 3445 sed
192 3390 264 3445 iuxta
285 3387 383 3443 Christi
406 3385 566 3443 doctrinam.
606 3385 670 3441 Cum
693 3385 814 3441 audirem
837 3382 969 3457 quosdam
994 3383 1131 3439 dicentes:
1153 3384 1206 3439 nisi
1220 3385 1291 3441 inve·

119 3489 186 3528 nero
213 3472 241 3527 in
263 3470 380 3543 antiquis
406 3469 551 3537 vaticiniis,
580 3467 723 3542 Evangelio
752 3485 806 3524 non
837 3466 934 3534 credo,
965 3473 992 3521 et
1013 3465 1120 3521 dicente
1142 3483 1185 3521 me
1206 3467 1292 3539 ipsis:

119 3556 251 3628 scriptum
274 3563 325 3618 est,
347 3552 641 3627 respondemntmihi:
665 3551 716 3607 hoe
739 3547 979 3608 demonstrandum
1001 3556 1050 3604 est
1073 3547 1136 3604 biihi
1151 3565 1215 3605 vero
1229 3549 1291 3606 ioco

119 3638 285 3711 antiquitatis
307 3644 349 3693 est
371 3636 447 3693 lesus
470 3635 602 3705 Christus,
625 3635 783 3708 ineormpta
805 3633 963 3705 etantiqua
985 3631 1110 3704 dogmata
1141 3632 1206 3688 mihi
1229 3640 1291 3689 sunt

202 3764 292 3829 *vltt
338 3770 393 3844 Ego
417 3771 522 3842 itaque,
546 3768 620 3841 quod
642 3784 731 3825 meum
753 3775 819 3834 erat,
847 3765 916 3833 feei,
944 3774 973 3820 ut
998 3764 1080 3820 homo
1103 3765 1136 3821 ad
1159 3765 1288 3822 unitatem

120 3855 297 3930 compositus.
325 3852 374 3909 Ubi
396 3860 485 3910 autem
508 3851 650 3908 dissidium
674 3858 717 3908 εει
732 3861 759 3908 ει
781 3852 828 3917 ira,
852 3847 888 3905 ibi
904 3848 975 3904 Oeus
992 3864 1045 3903 uon
1061 3848 1171 3905 habitat.
1201 3847 1288 3903 Omni·

120 3938 171 3996 hus
197 3936 400 4013 poenitentibus
430 3936 541 3993 remittit
562 3936 648 4004 heus,
680 3935 703 3991 si
726 3933 892 4009 poenitentia
914 3930 1080 3988 reducantur
1102 3930 1136 3988 ad
1160 3932 1289 3988 unitatem

120 4023 166 4079 hei
185 4030 214 4080 ει
233 4021 267 4077 ad
289 4020 506 4079 communionem
528 4018 665 4093 Episcopi.
705 4018 793 4074 Credo
817 4017 917 4090 gratiae
939 4015 1002 4071 lesu
1024 4015 1139 4082 Christi,
1167 4014 1213 4087 qui
1237 4012 1290 4069 sol·

119 4114 198 4162 veta
220 4104 296 4161 vobis
318 4121 397 4160 omne
419 4102 564 4160 vinculum.
608 4102 729 4159 Obsecro
751 4109 839 4157 autem
861 4115 924 4167 vos,
945 4106 976 4154 ει
1006 4098 1072 4154 nihii
1101 4113 1151 4171 per
1178 4102 1290 4152 conten·

120 4190 221 4246 tionem
243 4188 337 4262 agatis,
360 4187 409 4244 sed
431 4187 519 4243 omnia
542 4185 613 4242 iuxta
628 4186 728 4242 Christi
749 4183 927 4258 disciplinam.
949 4182 1042 4239 hudivi
1064 4181 1135 4236 enim
1158 4177 1290 4252 quosdam

119 4273 257 4329 dicentes:
280 4270 333 4327 nisi
355 4272 381 4326 in
404 4271 528 4338 archivis,
550 4270 604 4326 boe
625 4276 676 4338 est,
698 4271 724 4324 in
747 4266 891 4340 Evangelio
914 4266 1051 4331 invenero,
1074 4279 1127 4319 non
1143 4260 1241 4332 credo,
1263 4269 1292 4320 et

119 4373 180 4413 eum
203 4355 323 4412 dicerem
345 4355 428 4430 ipsis,
451 4352 525 4426 quod
547 4354 573 4408 in
596 4352 739 4427 scripturis
767 4350 895 4417 habetur,
923 4346 1125 4422 responderunt
1152 4343 1235 4413 mibi,
1262 4345 1289 4404 id

118 4437 245 4496 omnibus
275 4443 378 4512 patere.
421 4436 484 4493 biihi
514 4443 604 4494 autem
631 4451 683 4511 pro
713 4433 830 4491 archivis
861 4440 904 4489 est
924 4430 1002 4487 lesus
1024 4430 1160 4487 Christus:
1189 4427 1290 4488 illibata
