2886 4882
273 233 401 295 ttustlt
420 233 584 294 bristout
604 236 646 292 nu
668 235 898 295 sustentabit
926 233 1087 293 1t11ttv,
1202 231 1260 292 201

425 399 456 458 ll.
500 401 675 459 continuatio
696 401 930 460 adhortationum.

173 516 265 574 bonos
287 515 436 591 discipulos
459 517 481 573 si
503 517 651 584 amaveris,
672 517 771 573 nullam
794 516 856 572 inde
878 514 993 571 mereris
1015 515 1143 587 gratiam3
1171 518 1264 590 potius

89 599 294 674 pestilentiam
309 600 559 656 inmansuetudine
576 599 689 656 subiioe.
723 600 780 654 Non
796 615 876 655 omne
894 597 989 652 vulnus
1003 597 1099 654 eodem
1115 599 1263 671 emplastro

90 691 209 741 curatur.
239 682 358 756 Impetus
382 682 493 739 fabriles
515 682 752 756 superfusionibus
775 683 849 738 seda.
877 679 1002 737 Prudens
1025 687 1093 749 esto,
1114 682 1186 737 sicut
1206 699 1262 738 ser·

91 783 168 841 pens,
191 766 217 821 in
239 765 374 832 omnibus,
394 772 423 820 et
445 764 557 839 simplex
579 773 609 820 ut
630 765 763 821 columba.
807 765 911 821 ldcirco
934 762 1084 837 corporalis
1109 779 1138 819 es
1161 770 1188 819 et
1209 765 1262 837 spi·

91 850 210 917 rimulis,
237 855 269 904 ut
288 864 357 921 quae
380 864 471 904 eoram
493 855 519 903 te
550 856 694 921 apparent,
725 848 830 922 placide
859 854 975 914 tractes3
1003 845 1145 901 invisibilia
1174 854 1262 903 autern

91 940 167 1006 petas
188 939 220 989 ut
240 930 446 987 manilestentur
468 930 530 998 tibi,
553 947 586 986 ne
608 930 656 986 tibi
679 931 825 1005 quidquam
848 931 918 986 desit
940 937 967 985 et
989 927 1062 983 omni
1085 927 1156 982 dono
1179 926 1262 984 abun·

92 1015 151 1070 des.
190 1013 308 1087 Tempus
330 1014 431 1087 expetit
453 1020 487 1081 te,
510 1021 539 1068 ut
560 1013 726 1086 gubernator
746 1022 849 1081 ventos,
871 1020 899 1069 et
919 1020 949 1068 ut
971 1017 1129 1084 tempestate
1150 1009 1263 1068 iactatus

91 1105 208 1171 portum,
229 1104 261 1153 nt
280 1111 341 1152 cnm
365 1097 418 1152 tuis
440 1096 524 1152 Deum
547 1098 712 1170 assequaris.
750 1094 793 1151 Sis
816 1094 926 1152 sobrius
948 1101 978 1150 ut
991 1094 1038 1150 Pei
1053 1092 1165 1161 athleta3
1187 1110 1263 1167 prae·

92 1181 174 1236 mium
195 1180 367 1254 propositum
390 1186 432 1234 est
452 1179 636 1235 immortalitas
659 1189 685 1236 et
705 1181 758 1235 vita
779 1188 896 1245 aeterna,
920 1178 953 1233 de
977 1193 1029 1250 qua
1046 1183 1072 1231 et
1087 1174 1135 1230 tibi
1154 1192 1265 1250 persua·

93 1279 151 1320 tum
172 1271 224 1321 est
258 1261 287 1318 ln
301 1261 427 1318 omuibus
447 1263 565 1319 vicissim
580 1263 716 1318 recreeris
730 1277 773 1318 me
789 1270 816 1318 et
829 1260 941 1317 vinculis
960 1260 1037 1327 meis,
1051 1273 1120 1331 quae
1137 1259 1264 1319 dilexisti.

176 1388 235 1449 ‘lt
276 1393 368 1450 Bonos
398 1393 548 1468 discipulos
579 1395 602 1451 si
624 1411 710 1462 amas,
732 1392 805 1449 nulla
829 1391 877 1448 tibi
899 1392 1014 1448 debetur
1034 1391 1126 1464 gratia.
1170 1389 1264 1447 Potius

95 1477 246 1535 deteriores
266 1477 474 1534 mansuetudine
496 1478 528 1532 ad
554 1477 716 1551 obsequium
746 1491 823 1548 coge.
866 1475 924 1530 Non
947 1490 1026 1530 omne
1049 1473 1145 1528 sunus
1167 1473 1263 1530 eodem

94 1561 242 1634 emplastro
264 1566 384 1616 curatur.
425 1558 647 1617 Exacerbatiores
669 1559 844 1616 accessiones
867 1556 1071 1630 perlusionibus
1089 1555 1161 1611 seda.
1199 1555 1264 1612 Pru·

96 1643 160 1700 dens
176 1651 239 1699 esto
261 1642 288 1698 in
310 1641 435 1698 omnibus
457 1649 486 1696 ut
507 1659 630 1717 serpens,
653 1651 680 1699 et
701 1640 815 1714 simplex
836 1648 865 1695 ut
887 1639 1019 1695 columba.
1064 1637 1128 1693 ldeo
1150 1637 1265 1696 carnalis

95 1733 170 1781 eset
196 1724 361 1799 spiritualis,
384 1730 413 1779 ut
435 1740 478 1791 ea,
502 1741 570 1798 quae
593 1725 640 1782 tibi
662 1726 695 1781 ad
717 1722 823 1780 oculum
846 1729 993 1795 apparent,
1015 1720 1112 1776 blande
1135 1719 1263 1777 molliter·

96 1823 146 1881 que
167 1815 279 1864 tractes.
321 1806 393 1874 Quae
415 1813 578 1863 autemnon
600 1808 740 1873 videntur,
763 1805 888 1880 postula,
910 1812 940 1859 ut
961 1822 991 1860 ea
1013 1803 1060 1859 tibi
1091 1802 1264 1860 manifesten-

95 1899 151 1955 tur,
178 1905 213 1946 ne
240 1890 384 1963 quicquam
414 1888 460 1943 tibi
493 1889 577 1957 desit,
609 1898 636 1946 et
658 1891 730 1944 omni
752 1888 836 1962 gratia
858 1887 989 1943 abundes.
1032 1884 1090 1940 Hoc
1111 1893 1218 1961 tempus
1238 1894 1266 1943 te

96 1972 211 2046 llagitat,
240 1973 311 2028 siout
340 1971 536 2045 gubernatores
570 1981 678 2041 ventos,
709 1979 736 2027 et
764 1977 925 2045 tempestate
954 1976 1063 2026 vexatus
1089 1978 1213 2042 portum,
1235 1975 1266 2026 ut

95 2054 175 2111 Penm
194 2054 359 2128 assequaris.
402 2052 517 2111 Sobrius
539 2062 614 2123 esto,
636 2063 665 2111 ut
693 2054 792 2110 athleta
814 2055 870 2110 Pei.
913 2052 1064 2109 Praemium
1093 2053 1264 2127 propositum

96 2137 263 2212 incorruptio
295 2144 350 2204 est,
378 2143 405 2191 et
437 2137 490 2192 vita
513 2145 637 2206 aeterna,
669 2138 702 2193 de
726 2154 779 2210 qua
809 2145 836 2193 et
865 2145 895 2209 tu
924 2136 1034 2191 omnino
1056 2151 1086 2189 es
1108 2152 1266 2207 persuasus.

95 2218 222 2278 libenter
242 2236 294 2294 ego
316 2235 367 2292 pro
389 2226 415 2275 te
438 2219 591 2293 impendam
614 2228 640 2276 et
661 2220 787 2288 animum,
810 2228 837 2275 et
858 2217 965 2274 vincula
987 2218 1063 2284 baec,
1076 2233 1145 2288 qnae
1161 2217 1265 2274 amasti.

546 2366 590 2423 lll.
632 2367 816 2423 Continuotio.

173 2479 225 2550 Qui
243 2481 370 2539 videntur
398 2480 452 2539 lide
474 2482 548 2557 digni
569 2498 647 2549 esse,
675 2489 702 2538 et
723 2480 809 2537 aliena
831 2481 944 2548 docent,
978 2489 1004 2536 te
1026 2495 1080 2534 non
1103 2478 1264 2552 perterrefa-

95 2564 174 2621 ciant
195 2563 243 2621 Sta
265 2563 358 2622 firmus
378 2572 409 2623 ut
430 2567 517 2635 incus,
540 2581 609 2639 quae
631 2564 793 2638 percutitur.
816 2564 903 2636 blagui
926 2563 1041 2618 athletae
1063 2569 1114 2628 est,
1138 2561 1215 2616 caedi
1237 2568 1266 2618 et

94 2647 211 2704 meere.
250 2645 361 2706 llaume
380 2664 444 2705 vero
466 2657 581 2723 propter
601 2648 685 2703 ileum
709 2647 797 2703 omnia
819 2646 953 2704 sustinere
975 2661 1025 2701 nos
1048 2651 1163 2717 oportet,
1186 2651 1213 2700 ut
1237 2649 1265 2701 et

94 2728 151 2803 ipse
174 2746 226 2786 nos
248 2731 388 2787 sustineat
409 2731 564 2788 studiosior
586 2730 644 2798 lias,
668 2747 747 2804 quam
770 2747 808 2787 es.
848 2730 979 2803 Tempora
1001 2728 1151 2803 perpende.
1188 2726 1264 2796 llum,

95 2812 139 2885 qui
160 2811 232 2869 ultra
252 2820 360 2887 tempus
382 2822 439 2882 est,
461 2821 603 2887 exspecta,
627 2813 848 2888 intemporalem,
872 2810 1048 2879 invisibilem,
1077 2819 1191 2885 propter
1214 2827 1264 2868 nos

93 2893 239 2963 risibilem,
268 2896 482 2970 impalpabilem,
506 2895 698 2970 impatibilem,
721 2904 833 2971 propter
861 2913 912 2952 nos
939 2894 1093 2969 patibilem,
1124 2895 1171 2968 qui
1192 2894 1265 2952 omui

94 2977 174 3034 modo
195 2986 310 3052 propter
330 2996 382 3036 nos
403 2979 539 3036 sustinuit.

174 3100 242 3166 *ill
283 3109 319 3179 li,
341 3110 386 3184 qui
408 3110 490 3168 tidem
512 3114 613 3170 mereri
634 3114 767 3180 videntur,
790 3120 817 3168 et
839 3111 924 3168 aliena
946 3111 1054 3179 docent,
1076 3126 1132 3165 non
1155 3117 1181 3165 te
1204 3125 1263 3182 per·

95 3190 275 3250 terrelaciant
317 3191 365 3250 Sta
395 3193 502 3263 firmus,
530 3196 602 3252 velut
631 3197 724 3263 inens,
747 3212 815 3268 quae
838 3194 998 3269 percutitur.
1039 3191 1126 3267 llagui
1148 3190 1265 3248 athletae

95 3281 136 3330 est
157 3273 251 3344 caedi,
273 3283 301 3332 et
320 3275 439 3334 vincere.
479 3278 590 3335 blaxime
612 3287 701 3335 autem
725 3287 837 3353 propter
858 3278 940 3333 Deum
963 3277 1053 3333 omnia
1074 3275 1154 3332 nobis
1184 3275 1264 3331 susti·

94 3355 182 3414 nenda
210 3365 288 3428 sunt,
319 3366 351 3416 ut
378 3368 405 3417 et
426 3361 486 3433 ipse
506 3378 556 3418 nos
579 3361 718 3418 sustineat.
757 3359 840 3435 lingis
864 3368 890 3416 te
913 3359 1037 3416 sedulum
1059 3366 1087 3415 et
1109 3356 1265 3433 diligentem

95 3438 204 3509 exhibe,
227 3457 307 3514 qiam
328 3457 373 3498 es:
399 3445 529 3517 temporis
552 3445 712 3501 occasiones
747 3444 835 3500 disee:
864 3459 941 3510 eum,
972 3444 1019 3515 qui
1049 3458 1132 3515 supra
1158 3449 1266 3514 tempus

95 3529 150 3588 est,
180 3531 308 3596 expecta,
339 3534 474 3582 carentem
504 3535 639 3601 tempore,
668 3526 829 3583 invisibilem
859 3535 887 3582 et
916 3533 1029 3599 propter
1051 3540 1102 3580 nos
1124 3523 1264 3592 visibilem,

95 3601 307 3679 impalpabilem,
330 3606 539 3681 impassibilem,
561 3616 589 3666 et
610 3618 724 3684 propter
745 3626 796 3665 uos
818 3607 995 3683 passibilem,
1019 3615 1047 3664 et
1078 3606 1181 3665 nullum
1210 3622 1265 3663 non

94 3686 237 3759 patientiae
256 3689 367 3747 modum
389 3699 503 3765 propter
523 3709 573 3748 nos
597 3700 776 3749 exercentem.

545 3823 586 3879 lV.
631 3825 815 3881 continuatio.

176 3933 279 3992 Viduae
301 3954 336 3994 ne
358 3938 535 4013 negligantur.
568 3939 635 3994 Post
654 3939 794 3994 [lominum
818 3946 846 3995 tu
868 3956 961 3996 earum
982 3946 1094 3995 curator
1116 3939 1162 3992 sis.
1194 3933 1265 3990 Nihil

95 4016 219 4074 sinetur
248 4017 385 4077 voluntate
416 4020 477 4089 liat,
510 4038 599 4096 neque
629 4028 657 4077 tu
687 4022 832 4096 quidquam
863 4023 922 4079 sine
945 4021 991 4078 Pei
1018 4020 1154 4077 voluntate
1183 4032 1264 4090 agas;

95 4099 166 4172 quod
187 4116 240 4158 neo
260 4101 337 4170 lacis,
360 4120 420 4159 eum
444 4105 482 4161 sis
504 4112 641 4161 constans.
665 4103 793 4160 Crebrius
816 4112 964 4161 conventus
987 4102 1059 4158 bant
1102 4098 1262 4155 Nominatim

174 4210 245 4271 Ἰν.
287 4217 388 4275 viduae
421 4237 474 4276 non
505 4220 685 4293 negligantur.
728 4220 793 4276 Post
815 4222 956 4277 [lominum
985 4227 1013 4274 tu
1043 4231 1134 4273 earum
1157 4221 1266 4271 curator

94 4303 161 4353 esto.
203 4298 275 4356 llibil
303 4301 362 4357 sine
389 4310 437 4358 tuo
466 4304 577 4360 arbitrio
600 4311 710 4378 agatur,
733 4320 822 4378 neque
845 4313 874 4360 tu
897 4304 955 4358 sine
976 4301 1031 4357 lleo
1054 4298 1197 4374 quicquam
1227 4295 1264 4354 la·

93 4377 158 4447 cito,
179 4379 252 4438 dent
271 4397 324 4440 nee
345 4382 416 4442 lacis
436 4394 565 4445 constans
587 4393 615 4443 et
634 4384 705 4443 bene
727 4387 904 4460 compositus.
945 4383 1103 4440 crebriores
1126 4378 1266 4438 celebren-
