2886 4882
198 228 258 292 374
462 282 465 288 .
490 225 687 288 nmmum!
709 221 817 297 (lNED.)
840 223 869 284 S.
892 223 1024 282 mmm.
1048 224 1090 282 lv.

163 461 167 469 Ι
199 384 306 451 τούτου
335 383 385 450 διδ
409 384 541 468 Ἰησοῦν,
563 381 601 448 δν
628 389 736 448 ποθῶν
757 380 857 464 ῦπειμι
886 379 962 464 πρὸς
981 378 1089 445 αύτόν·
1111 389 1190 456 σῖτος
1217 377 1273 464 μύρ
1301 381 1378 446 ἔστιν

200 471 367 545 ιἰθανασίας
392 471 443 533 καὶ
466 466 548 549 πόμα
576 473 651 548 ζωῆς
671 468 804 531 αἰωνίου.
840 463 908 541 όλος
929 462 1019 529 αὐτοῦ
1042 465 1100 546 εἰμὶ
1121 462 1264 547 καὶπρὸς
1286 462 1378 528 αῦτδν

201 551 339 618 ίκτέτακύ
366 576 423 634 μου
453 549 506 633 τήν
532 550 680 615 διάνοιαν·
708 551 757 615 καί
787 546 919 632 ύπερορῶ
941 569 995 611 σου
1027 546 1062 611 τότ
1082 546 1307 630 βασανιστήρια,
1330 551 1380 612 καί

200 644 253 718 τῆς
268 632 356 717 δόξης
370 653 424 700 σου
445 634 584 700 διαπτύα.
631 631 775 712 Τραϊανός
787 629 882 697 είπεν·
904 630 1002 712 ἐπειδή
1024 629 1135 709 ύλαζῶν
1149 633 1208 695 ἐστι
1228 633 1280 694 καί
1292 628 1379 715 ύπερ-

163 737 166 744 “
202 717 300 801 όπτης,
319 717 373 784 δύο
394 720 510 794 λέοντας
532 717 580 782 ἔπ’
604 715 695 781 αύτόν
708 714 816 794 ίύσατε,
830 715 910 790 ὅπως
924 714 996 796 μηδὲ
1007 717 1149 792 λείψανον
1161 713 1251 778 αὐτοῦ
1265 712 1380 779 ύπολεί·

201 828 321 868 πανται.
352 799 392 877 ῶς
405 802 438 867 δέ
452 798 568 883 έθεύθη
580 798 616 864 τύ
631 803 733 884 θηρία,
754 797 936 880 θεασόμενος
948 796 1023 862 αὐτὰ
1045 795 1062 860 ό
1078 795 1219 881 μακύριος
1230 800 1288 880 ἔφη
1305 798 1381 882 πρός

201 886 263 957 τόν,
280 889 390 968 δῆμονε
416 881 520 968 ύνδρες
538 883 683 987 Ῥωμαῖοι,
704 890 756 947 τοῦ
777 883 808 946 δὲ
830 880 943 968 ύγῶνος
962 883 1086 956 θεαταί,
1109 879 1145 945 ού
1166 879 1281 963 φαύλης
1301 880 1382 957 τινός

201 970 286 1035 ἕνεκα
306 976 425 1050 μομφῆς
444 975 535 1032 ταῦτα
555 987 664 1050 πασχω,
688 964 752 1031 ἀλλ’
777 967 861 1030 ἕνεκα
882 963 1042 1047 εὐσεβείας
1065 973 1143 1039 σῖτος
1163 961 1217 1047 γύρ
1239 968 1298 1045 είμι
1328 973 1380 1030 τοῦ

201 1059 279 1118 θεοῦ
299 1052 349 1116 καί
370 1050 412 1115 δι’
437 1050 568 1116 ὀδόντων
588 1053 705 1134 θηρίων
725 1047 889 1131 ύλήθσμαι,
910 1051 960 1112 ἵνα
989 1046 1075 1131 ύρτος
1095 1046 1229 1131 καθαρός
1248 1052 1381 1132 γίνομαι.

203 1133 320 1200 ῦκούων
341 1134 372 1199 δὲ
393 1142 483 1199 ταῦτα
505 1131 521 1197 ό
546 1132 705 1217 Τραϊανός,
727 1130 856 1215 μεγάλας
886 1129 1065 1212 ἐξεπλήττετο
1095 1132 1202 1214 λέγων·
1231 1130 1382 1215 μεγύληή

202 1214 337 1299 ύπομονή
349 1225 408 1282 τῶν
424 1223 619 1300 Χριστιανῶν·
634 1221 678 1293 τίς
688 1215 743 1301 γὰρ
755 1213 1091 1296 Ἑλλήνωνήβαρβύρων
1105 1213 1245 1296 ὑπέμενεν
1258 1222 1382 1278 τοιαῦτα

202 1308 313 1367 παθεῖν
325 1301 410 1364 ἕνεκα
424 1305 499 1365 θεοῦ
514 1303 603 1378 ίδίου,
620 1297 668 1364 σία
682 1293 774 1376 ούτος,
787 1296 861 1382 ύπλρ
872 1291 908 1362 ού
914 1301 1095 1373 πεπίστευκε,
1108 1297 1225 1380 πάσχεις
1242 1295 1381 1383 Ἰγνάτιος

204 1381 297 1449 εἶπεν·
321 1382 377 1447 οῦκ
392 1381 584 1466 ἀνθρωπίνης
605 1381 755 1467 δυνάμενός
776 1384 835 1447 έστι
864 1381 896 1446 τό
918 1383 1043 1466 στέργειν
1064 1379 1100 1445 τόι
1120 1389 1248 1461 τοιαῦτα,
1270 1392 1383 1465 προθυ·

204 1470 273 1550 μίας
294 1466 325 1531 δὲ
345 1465 437 1550 μόνης
457 1469 508 1532 καλ
529 1470 651 1544 πίστεως
672 1468 865 1548 έφελκομένης
885 1467 926 1541 είς
946 1463 1091 1547 βοήθειαν
1114 1462 1249 1548 Χριστόν.

288 1575 348 1638 Καὶ
368 1583 458 1643 ταῦτα
484 1573 619 1651 εἰπόντος
646 1572 736 1639 αύτοῦ
758 1576 882 1656 ἔδραμον
909 1570 984 1654 πρός
1005 1569 1096 1636 αὐτόν
1126 1574 1156 1635 οἱ
1182 1572 1309 1649 λέοντες,
1332 1574 1383 1636 καί

206 1657 236 1733 έξ
256 1658 397 1739 ἑκατέρων
427 1665 485 1723 τῶν
514 1667 609 1741 μερῶν
629 1655 840 1741 προσπεσόντες
874 1656 1035 1732 ἀπέπνιξαν
1066 1654 1156 1719 αύτδν
1185 1652 1293 1737 μόνον,
1326 1654 1382 1720 ούκ

208 1741 311 1823 ίθιγον
333 1739 425 1805 αῦτοῦ
445 1748 504 1805 τῶν
525 1748 650 1824 σαρκῶν,
672 1743 722 1805 ἵνα
742 1739 775 1805 τό
797 1743 939 1820 λείψανον
960 1739 1051 1804 αὐτοῦ
1071 1731 1111 1821 ήν
1132 1738 1329 1823 φυλακτήριον
1347 1767 1383 1829 τη

205 1820 354 1904 Ῥωμαίων
372 1822 474 1898 πόλει,
494 1824 527 1887 έν
547 1819 567 1910 ή
588 1825 639 1888 καί
662 1824 774 1906 Πέτρος
794 1821 982 1906 ίστανρῶθη,
1013 1824 1063 1886 καί
1086 1824 1208 1899 Παῦλος
1227 1821 1382 1913 ότπετμήθη

206 1902 260 1986 τὴν
279 1904 425 1990 κεφαλήν,
445 1907 494 1968 καί
510 1903 669 1988 Ὀνήσιμος
689 1902 842 1988 έτελειαίθη
864 1907 895 1969 έν
916 1903 987 1994 δόξη
1009 1912 1147 1989 Χριστοῦ.

287 2018 321 2084 ‘0
343 2019 375 2084 δέ
399 2019 543 2105 Τραϊανός
564 2020 734 2100 ἐξαναστὰς,
756 2024 788 2087 έν
808 2029 976 2108 θαυμασμῷ
996 2015 1034 2104 ἦν
1056 2020 1290 2105 ἐκπληττόμενος.
1316 2021 1383 2105 ήκει

208 2103 240 2167 δέ
260 2101 340 2189 αὐτῷ
362 2105 411 2169 καί
432 2103 584 2190 γράμματα
603 2103 682 2188 παρόι
705 2107 832 2170 Πλινίου
854 2103 1023 2170 Σεκούνδου
1039 2102 1197 2190 ήγεμῶνος,
1212 2108 1385 2188 κινηθέντος

208 2187 257 2252 ἐπὶ
278 2194 318 2273 τςῦ
339 2185 447 2269 πλήθει
467 2194 526 2252 τῶν
546 2189 708 2274 γενομέναν
727 2187 880 2274 μαρτύρων
901 2185 941 2264 ῶς
963 2187 1094 2273 ότρῶτως
1116 2189 1187 2273 ύπὲρ
1199 2197 1251 2273 τῆς
1262 2193 1385 2266 πίστεως

207 2266 434 2353 όναιρεθέντων,
464 2269 523 2352 ἅμα
553 2272 585 2336 δὲ
617 2273 649 2336 έν
673 2280 713 2360 τῷ
740 2271 818 2360 αὐτῷ
846 2270 999 2353 μηνύονταζ
1027 2273 1117 2355 μηδέν
1145 2269 1281 2351 όνόσιον,
1311 2274 1384 2356 μηδὲ

207 2351 286 2437 παρὰ
308 2350 377 2428 τούς
398 2353 508 2437 νόμους
526 2353 661 2439 πράττειν
683 2353 799 2434 αύτούς,
819 2352 896 2438 πλήν
917 2364 969 2419 τοῦ
991 2381 1021 2441 γε
1042 2355 1102 2438 ῦμα
1121 2365 1156 2465 σή
1174 2356 1232 2443 έρίμ
1251 2360 1382 2440 διεγειρο-

208 2436 314 2516 μένους
334 2438 384 2501 καλ
404 2435 456 2501 τόν
478 2436 606 2522 Χριστόν
627 2446 679 2504 τοῦ
699 2447 774 2504 θεοῦ
795 2442 881 2521 δίκην
902 2449 1076 2522 προσκυνεῖν
1097 2467 1148 2503 και
1178 2442 1251 2524 ῦπέρ
1278 2440 1383 2505 τούτου

209 2522 295 2606 δίκην
315 2517 445 2601 ύπέχειν·
467 2519 500 2585 τό
522 2521 554 2587 δέ
575 2520 717 2606 μοιχεύειν
738 2523 787 2586 καὶ
816 2521 953 2602 φονεύειν
981 2524 1031 2586 καί
1058 2521 1093 2586 τό
1122 2532 1245 2610 συγγενῆ
1271 2523 1384 2598 τούτοις

208 2601 336 2685 ύθέμιτα
363 2601 590 2688 πλημμελήματα
619 2608 668 2669 καί
695 2603 802 2680 αύτούς
831 2603 1037 2689 ύπαγορεύειν,
1062 2603 1156 2671 πάντα
1188 2609 1219 2671 δέ
1249 2605 1384 2689 πράττειν

208 2681 411 2761 ύκολούθας·’
440 2686 514 2771 πρός
541 2687 631 2753 αὐτόν
662 2690 853 2774 [γέγραπταη]
881 2686 1026 2771 Τραϊανόν
1055 2687 1101 2753 ἐπ’
1134 2691 1232 2777 έννοίμ
1258 2688 1385 2772 λαβόντα

208 2765 244 2831 τότ
264 2767 337 2832 κατὰ
357 2766 409 2832 τδν
437 2769 580 2852 μακάρων
609 2771 659 2835 καί
680 2772 763 2857 ῦγιον
780 2770 921 2855 Ἰγνότιου
949 2771 1098 2856 προβύντα
1118 2811 1160 2820 -
1179 2768 1218 2856 ἦν
1235 2771 1293 2878 μύρ
1314 2771 1385 2856 πρό-

208 2875 298 2932 μαχος
318 2857 377 2916 τῶν
399 2858 509 2918 λοιπῶν
529 2851 682 2938 μαρτύρων
703 2893 744 2904 -
765 2851 859 2938 δόγμα
878 2862 1012 2919 τοιοῦτον
1031 2856 1193 2938 τεθηκέναι,
1215 2882 1247 2921 το
1269 2861 1384 2938 Χριστι·

209 2940 289 2999 ανοῑν
310 2941 406 3015 φῦλον
428 2937 609 3022 ξκζητεῑσθαι
630 2936 691 3020 μέν,
714 2936 835 3020 εύρεθέν
867 2938 898 3003 δέ
918 2936 957 3020 μή
980 2937 1185 3022 σίναιρεῖσθαι.’
1220 2936 1252 3003 τό
1276 2937 1307 3002 δὲ
1329 2942 1383 3002 λεί·

200 3033 308 3108 ,ψανον
328 3024 381 3083 τοῦ
403 3023 548 3166 μακαρίου
563 3020 706 3127 Ἰρνατίου
728 3022 857 3086 ένέλευσε
877 3030 939 3096 τοῖς
959 3023 1080 3086 θέλουσι
1099 3021 1174 3106 πρός
1195 3019 1291 3105 ταφήν
1309 3021 1384 3089 σἰκω-

209 3097 301 3177 λύτως
322 3102 403 3182 ἔχειν.
433 3106 464 3167 σί
502 3103 514 3167 λ
536 3131 608 3169 κατα
629 3104 683 3188 τήν
704 3103 815 3188 Ῥώμην
835 3102 967 3184 ύδελφοί,
989 3101 1034 3181 οίς
1054 3107 1104 3170 καὶ
1120 3105 1294 3183 ἐπεστάλκει,
1315 3106 1386 3170 ὥστε

209 3182 249 3264 μή
277 3186 559 3266 παραιτησαμένους
572 3185 662 3250 αὐτόν
683 3195 735 3269 τῆς
761 3188 950 3270 ποθουμένης
978 3193 1138 3292 μαρτυρίας
1168 3187 1386 3271 ἀποστερήσειν*

209 3266 342 3342 ἐλπίδος,
370 3268 508 3348 λαβόντες
535 3267 628 3333 αῦτοῦ
649 3267 681 3334 τό
710 3277 792 3352 σῶμα
819 3268 964 3335 ύπέθεντο
985 3273 1017 3335 έν
1045 3299 1141 3359 τοπςο,
1163 3273 1239 3336 ἔνθα
1260 3267 1300 3353 ήν
1320 3272 1385 3349 ἐξόν

209 3347 436 3430 ἀθροιζομένους
467 3352 559 3415 αίνεῖν
579 3349 631 3416 τόν
652 3349 725 3418 θεὸν
752 3355 803 3418 καλ
823 3352 875 3419 τόν
895 3351 998 3438 κύριον
1016 3353 1101 3436 ήμῶν
1118 3354 1234 3436 Ἰησοῦν
1258 3355 1387 3439 Χριστόν

210 3430 260 3496 καί
286 3428 319 3496 τό
346 3429 430 3515 ύγισν
458 3441 573 3516 πνεῦμα
593 3435 642 3500 έπλ
661 3443 697 3523 τῇ
717 3433 858 3502 τελειύσει
878 3444 931 3500 τοῦ
962 3436 1048 3521 ῦγίον
1074 3439 1124 3501 καί
1149 3439 1295 3516 μακαρίου
1325 3441 1387 3501 ἐπι-

210 3511 323 3579 σκόπου
338 3516 388 3579 καί
408 3520 553 3602 μακαρίου
574 3517 718 3604 μύρτυρος
733 3517 892 3604 Ἰγνατίου·
913 3518 1011 3601 μνήμη
1032 3517 1088 3602 γὰρ
1109 3519 1231 3582 δικαίων
1255 3517 1316 3599 μετ’
1343 3521 1388 3605 ἐμ.

210 3599 328 3677 κωμίον
348 3600 465 3683 γίνεται.

297 3701 384 3769 Οίδεν
404 3705 449 3769 δέ*
468 3704 502 3770 τδ
521 3707 680 3817 μαρτύριον
700 3705 792 3775 αύτοῦ
806 3709 966 3791 Εἰρηναῖος
981 3703 1205 3792 όΛουγδούνου
1220 3709 1386 3787 ἐπίσκοπος,

210 3786 261 3853 ul
279 3795 338 3852 τῶν
359 3789 516 3867 ἐπιστολῶν
544 3798 636 3856 αυτοῦ
667 3788 841 3873 μνημονεύει
870 3788 959 3873 λόγων
987 3789 1096 3868 οῦτως·
1132 3793 1228 3875 είρηκέ
1257 3819 1301 3868 τις
1329 3802 1387 3858 τῶν

210 3867 355 3954 ἡμετέρων
384 3869 433 3935 διδ
458 3869 513 3952 τήν
539 3871 613 3957 πρός
640 3881 715 3939 θεοῦ
738 3875 901 3981 μαρτυρίαν
928 3877 1110 3957 παραδοθεὶς
1139 3879 1181 3952 είς
1208 3879 1315 3958 θηρία,
1343 3876 1386 3940 ότι

212 3952 292 4034 σῖτός
313 3957 370 4035 ελμι
391 3961 443 4018 τοῦ
464 3962 540 4019 θεοῦ
560 3981 625 4038 μου,
642 3960 691 4022 καὶ
705 3961 735 4021 δι
772 3954 904 4022 ὀδόντων
918 3961 1035 4041 θηρίων
1048 3957 1206 4042 όλήθομαι,
1228 3961 1278 4020 ἵνα
1295 3967 1387 4020 καθα·

210 4033 264 4118 ρός
283 4034 370 4119 ῦρτος
388 4039 537 4121 γένυμαι.“
572 4042 623 4105 καί
646 4042 845 4128 Πολύκαρπσς
864 4041 896 4106 δλ
916 4039 934 4106 ό
954 4043 1111 4118 ἐπίσκοπος
1137 4050 1190 4122 τῆς
1210 4040 1386 4118 Σμυρναίων

210 4175 418 4187 ——-—-—-

263 4240 291 4302 2)
307 4241 368 4290 Plin.
388 4242 448 4305 Ερρ.
465 4241 492 4300 Χ,
512 4242 553 4292 96.
867 4241 895 4301 5)
917 4238 1003 4292 αῦτοῦ
1022 4239 1106 4289 insen't
1123 4239 1173 4287 Vnt.

266 4305 294 4365 3]
313 4308 374 4356 Pliu.
395 4309 456 4372 Epp.
476 4308 502 4368 Χ,
523 4309 564 4362 97.
869 4307 896 4373 6)
915 4308 974 4357 ken.
992 4307 1045 4357 εστ.
1064 4305 1130 4356 haer.
1147 4305 1173 4366 V,
1191 4304 1232 4356 28.

77 4404 175 4592 ἱ
266 4370 295 4434 4)
313 4369 501 4445 ἀποστερήσει
522 4374 572 4424 λιι
