2886 4882
309 234 545 300 susumus
565 240 608 298 ΔΙ)
630 239 704 298 COR.
730 240 853 299 xxxvlt.
875 240 1012 303 XXXVIII.
1032 242 1144 304 xxm.
1279 243 1318 306 85

151 408 192 464 Its
203 423 307 464 ornnes
321 406 539 481 suntne-selecti,
553 422 640 481 neque
653 406 827 478 chiliarchae,
842 426 930 484 neque
942 414 1123 483 centuriones,
1137 432 1225 488 neque
1238 415 1316 489 quio·

150 492 303 564 memmii,
328 498 358 548 et
381 491 422 547 sic
445 489 590 564 deinceps3
611 492 801 565 aurisquisque
823 509 886 547 vero
908 494 934 549 irr
957 511 1007 550 suo
1031 496 1126 553 ordine
1149 507 1177 554 et
1192 500 1317 566 statione,

150 591 237 648 esser
260 591 332 648 rege
358 581 387 630 et
408 572 524 646 ducibus
546 575 722 647 imperantur,
744 576 858 648 peragit.
885 575 974 648 blagni
997 579 1056 634 sine
1080 582 1177 651 parvis,
1200 590 1228 637 et
1241 582 1317 656 parvi

149 676 192 714 sne
211 658 325 732 magnis
349 658 504 713 consistere
532 666 686 730 nequeuut3
709 658 782 713 urirti
799 667 978 728 suutomues,
1001 661 1103 717 etiude
1119 679 1193 718 usus.
1223 664 1316 722 Exem-

147 740 284 814 pbnobis
305 740 346 796 sit
368 757 470 814 eorpus
493 749 626 796 nostruin.
663 740 750 815 Carent
770 742 830 797 siue
854 742 967 814 pedibus
982 743 1110 811 nibilest,
1132 753 1215 817 prout
1226 763 1315 819 neque

146 824 215 898 pedes
239 826 305 880 sine
330 824 436 897 capite,
459 823 567 879 misitne
589 831 678 879 auteur
702 825 828 898 corporis
855 827 941 882 nostri
963 825 1083 882 membra
1106 827 1232 883 universo
1255 845 1315 884 cor-

145 909 191 980 pori
212 907 381 963 necessaria
403 916 430 963 et
450 906 526 963 ntiIia
549 914 621 962 sunt.
665 906 721 962 Iuro
745 915 843 963 cuncta
865 909 1038 982 conspirant,
1068 918 1096 965 et
1124 926 1177 965 una
1207 911 1314 966 eadem-

144 1007 183 1063 qne
204 990 387 1047 subiectione
410 990 698 1046 adconversationem
722 991 805 1046 totius
828 993 955 1064 eorporis
978 1000 1097 1049 utuntur.

155 1105 288 1163 XXXVIII.
336 1106 496 1162 Sublicium
516 1123 545 1161 se
566 1108 689 1163 membro
713 1108 859 1172 ecclese'or,
883 1118 907 1163 et
926 1126 1005 1165 nemo
1024 1127 1054 1165 se
1075 1110 1208 1176 extollam
1231 1127 1297 1166 nom

464 1206 558 1260 omnia
577 1207 649 1261 bono
671 1207 804 1263 divinitus
825 1208 988 1279 acceptores.

209 1304 353 1359 Servetur
383 1304 474 1376 itaque
509 1319 610 1378 eorpus
632 1313 756 1359 nostrum
786 1305 812 1359 in
836 1304 944 1361 Christo
965 1306 1042 1376 Iesu,
1073 1316 1100 1363 et
1126 1307 1315 1381 unusquisque

136 1390 254 1461 proximo
276 1403 335 1442 suo
357 1385 519 1442 subiiciatur
540 1388 611 1443 iusta
634 1386 771 1454 ordinem,
795 1388 821 1441 iu
843 1405 898 1459 quo
922 1392 1105 1464 pergratiam
1129 1391 1187 1446 eius
1208 1391 1315 1464 positus

135 1481 176 1528 est
220 1469 322 1527 Fortis
344 1486 381 1524 ne
403 1469 522 1544 negligat
544 1469 724 1536 imbecillem,
747 1469 890 1526 imbecillis
917 1471 1014 1529 sortem
1037 1481 1208 1542 revereatur3
1239 1473 1314 1528 diues

133 1554 243 1629 properi
269 1552 419 1627 largimur,
442 1569 546 1626 pauper
566 1553 649 1608 lleum
672 1551 770 1618 laudet,
792 1553 865 1624 quod
891 1555 915 1609 ei
939 1555 1046 1612 dederit
1072 1574 1121 1630 per
1151 1573 1231 1629 quem
1254 1556 1313 1611 cius

133 1640 218 1713 inopia
244 1634 425 1709 suppleatur.
467 1633 582 1708 Sapiens
604 1652 658 1691 non
683 1635 709 1690 iu
733 1634 832 1701 verbio,
855 1636 903 1708 sed
920 1636 946 1692 in
962 1638 1041 1694 bouis
1059 1638 1189 1713 operibus
1207 1640 1313 1712 sapien·

132 1723 189 1776 tiam
213 1737 301 1777 suam
324 1718 493 1786 manileste13
516 1718 624 1774 humilis
648 1734 703 1773 non
726 1717 777 1773 sibi
801 1719 984 1776 testimonium
1001 1721 1077 1790 lerat,
1101 1721 1148 1778 sed
1171 1720 1204 1776 ab
1227 1721 1312 1778 altero

132 1803 178 1860 sibi
212 1802 289 1860 lerri
319 1801 398 1858 sinat
439 1800 488 1870 Qui
511 1818 594 1857 carue
618 1810 708 1857 castus
731 1808 787 1867 est,
812 1817 844 1857 oe
868 1802 1028 1872 insolescat,
1052 1823 1114 1862 cum
1134 1806 1203 1860 sciat
1231 1805 1311 1861 alium

130 1904 198 1954 esse,
223 1886 278 1960 qui
303 1885 485 1941 continentiae
508 1884 608 1940 donum
630 1885 688 1957 ipse
711 1882 818 1939 tribuat.
863 1885 1073 1945 Consideremus
1102 1905 1183 1963 crgo,
1204 1888 1312 1959 fratres,

130 1988 159 2028 ex
180 1988 239 2044 qua
263 1969 381 2024 materia
402 1967 463 2023 lacti
487 1969 581 2035 simus,
603 1968 649 2041 qui
672 1975 699 2022 et
722 1966 816 2040 quales
841 1969 969 2027 mundmn
992 1973 1108 2046 ingressi
1131 1973 1232 2040 slmus,
1254 1980 1312 2028 tan·

130 2072 209 2128 quem
229 2071 268 2110 ex
292 2050 440 2125 sepulchro
463 2059 489 2106 et
519 2050 648 2107 tenebris.
691 2050 740 2118 (lui
763 2067 813 2106 nos
836 2051 901 2108 lecit
928 2062 956 2109 et
976 2056 1112 2131 condidit,
1142 2056 1312 2129 praeparatis

128 2138 206 2212 prius
230 2134 390 2192 benefactis
412 2135 484 2203 suis,
507 2143 648 2208 autequam
671 2150 863 2202 nasceremur,
894 2137 919 2190 in
943 2138 1072 2194 mundum
1100 2155 1179 2194 suum
1200 2155 1251 2193 nos
1273 2139 1312 2192 in·

130 2221 268 2277 uoduxit.
312 2215 383 2273 ilaec
407 2218 489 2289 igitur
510 2217 599 2273 omnia
621 2233 681 2272 cum
704 2216 736 2272 ab
759 2233 792 2271 eo
815 2217 977 2287 babeamus,
1007 2222 1033 2276 in
1065 2221 1190 2276 omnibus
1212 2222 1312 2293 gratias

130 2305 182 2378 ipsi
205 2318 296 2376 agere
320 2298 458 2368 debemus,
479 2301 522 2356 cui
544 2309 586 2356 est
607 2299 693 2373 gloria
715 2300 741 2354 iu
765 2300 857 2355 secula
880 2300 1042 2357 seculorum.
1085 2305 1177 2358 Amen.

445 2415 554 2472 XXXIX.
597 2417 659 2475 Non
680 2424 719 2470 est
740 2429 794 2486 qno
827 2415 1003 2474 extollamur.

218 2514 305 2572 Stulti
328 2517 408 2572 unice
430 2525 458 2572 et
480 2517 647 2589 iusipientes,
671 2522 699 2570 ct
721 2513 786 2569 latui
809 2523 835 2569 et
857 2514 973 2587 imperiti
989 2511 1116 2570 derident
1132 2528 1182 2567 nos
1201 2529 1232 2567 ac
1249 2512 1311 2568 sub·

133 2608 263 2668 sanant,
285 2599 349 2654 duur
370 2599 580 2672 cogitationibus
602 2600 659 2656 suis
681 2614 711 2654 sc
735 2597 864 2653 extollere
887 2597 1007 2670 cupiunt·
1036 2595 1105 2664 Quid
1128 2594 1199 2651 enlin
1221 2603 1314 2669 potest

133 2684 276 2752 nortalis,
306 2690 351 2738 aut
379 2683 457 2756 quale
485 2682 569 2738 robur
600 2677 774 2754 terrigenae?¹
818 2678 955 2754 Scriptum
983 2680 1054 2737 enim
1083 2686 1138 2735 est:
1168 2695 1232 2747 ‚nou
1255 2687 1314 2736 erat

136 2767 226 2842 figura
249 2775 312 2823 aute
334 2766 429 2821 oculos
450 2783 535 2833 meos,
557 2766 606 2821 sed
628 2782 720 2821 auram
739 2773 766 2820 et
788 2781 881 2820 vocem
904 2762 1045 2821 audiebam
1068 2764 1217 2821 dicentem:
1246 2762 1312 2836 quid

135 2849 234 2907 eniml
263 2849 395 2922 numquid
418 2849 501 2905 lromo
524 2865 616 2905 coram
637 2848 750 2904 llomiuo
773 2847 890 2904 mundus
914 2848 973 2917 erit,
995 2848 1038 2903 vel
1060 2848 1093 2904 de
1108 2844 1239 2922 operibus
1254 2848 1312 2903 suis

138 2932 314 3008 inculpabilis
337 2934 389 2998 vir,
421 2933 443 2988 si
466 2933 552 2989 servis
580 2932 637 2987 suis
667 2949 722 2987 non
744 2930 870 2994 confidit.
903 2940 929 2987 ct
956 2933 983 2987 in
1013 2931 1117 3004 angelis
1147 2931 1203 2986 suis
1232 2947 1312 3005 prava

138 3015 347 3075 animadvertitl
381 3014 490 3072 Coelurn
511 3031 620 3089 quoque
643 3031 699 3070 non
721 3023 764 3070 est
785 3016 915 3071 mundum
938 3024 998 3070 ante
1020 3032 1097 3081 eum3
1118 3013 1202 3071 multo
1223 3013 1312 3068 miuus

139 3099 295 3156 habitantes
318 3097 414 3154 domos
434 3098 537 3166 luteas,
559 3115 592 3154 cx
613 3096 712 3170 quibus
735 3106 763 3153 et
784 3098 837 3171 ipsi
860 3098 893 3154 de
916 3097 1013 3154 eodem
1026 3097 1082 3154 luto
1097 3111 1200 3153 sumus.
1229 3095 1312 3150 bevo·

140 3185 208 3239 rarit
228 3182 291 3239 iIIos
315 3189 440 3254 tanquam
458 3183 538 3249 liuea,
561 3191 588 3237 et
610 3197 624 3235 a
647 3196 831 3254 manensque
854 3181 887 3237 ad
909 3196 1051 3253 vesperam
1073 3179 1142 3236 ultra
1165 3195 1219 3234 non
1234 3184 1313 3244 sunt;

138 3283 180 3331 eo,
205 3264 281 3339 quod
303 3280 358 3320 nou
380 3272 497 3338 possunt
517 3263 569 3320 sibi
592 3264 659 3336 ipsis
678 3262 832 3332 subvenire,
855 3265 1003 3337 perierunt.
1046 3262 1194 3318 Insulllavit
1215 3261 1264 3329 eis,
1286 3267 1314 3316 et

140 3349 323 3414 interierunt,
345 3349 407 3420 quia
430 3365 484 3404 uon
505 3346 641 3404 habebant
669 3347 836 3421 sapientiam.
880 3347 976 3403 Iuvoca
996 3354 1101 3414 autem,
1124 3347 1146 3402 si
1175 3345 1237 3417 quis
1264 3341 1313 3399 tibi

189 3512 217 3573 4)
236 3511 255 3560 I.
273 3525 294 3559 e.
314 3511 370 3574 nelo
384 3511 460 3566 etlam,
482 3510 538 3570 quio
556 3508 652 3570 potios,
684 3513 710 3555 ut
745 3505 872 3569 Epiphanii
896 3505 973 3564 (haer.
994 3507 1039 3565 30,
1060 3504 1110 3568 15.)
1133 3513 1157 3554 et
1174 3502 1313 3567 Hieronymi

139 3574 491 3696 :resurrecturi
509 3575 604 3691 XIII
622 3573 710 3623 Μ)
744 3573 1090 3702 teutmundo·
1110 3571 1313 3690 ‘estuat

190 3661 372 3777 CapXXXleb
394 3657 711 3774 stronbetlrurss.
744 3656 924 3773 perpepistolns
945 3724 1001 3758 suas
1021 3655 1284 3757 tocuibsptueratflar.

194 3781 224 3843 2)
242 3781 283 3830 stc
311 3780 383 3828 Wott.
421 3777 446 3825 Iu
472 3778 514 3826 sss.
543 3776 710 3846 τμμελείτω,
794 3776 821 3836 ἵ)
843 3776 978 3825 Membrana
997 3776 1193 3840 lacernopntium
1212 3774 1313 3822 Iorsitau

141 3848 233 3899 bliilius
252 3842 336 3911 Μήτι
354 3842 499 3914 ἀμελείτω.
744 3844 816 3893 trium
833 3851 873 3892 aut
897 3851 1000 3908 quatuor
1019 3844 1140 3894 literanum
1158 3849 1215 3906 post
1231 3839 1314 3908 σαρκὶ

196 3915 227 3977 3)
244 3916 324 3966 Locus
335 3910 534 3964 citetusaClcm.
546 3911 609 3960 Alex.
624 3911 711 3960 Strom.
745 3911 831 3975 linquit
848 3909 932 3972 (lael,
954 3910 1019 3975 quod
1038 3911 1108 3961 Nolle
1134 3925 1179 3974 per
1206 3921 1313 3973 oryarnr

142 3983 179 4044 tv,
200 3983 240 4034 II.
260 3998 284 4046 p.
303 3982 361 4032 oto.
746 3978 889 4042 explendum
907 3986 982 4041 pritat.
1007 3979 1045 4041 (II.
1064 3978 1101 4027 ed.
1120 3976 1169 4040 lv.)

193 4052 210 4101 t
264 4043 393 4115 ὴλόγοις
408 4039 498 4116 μόνον
515 4044 588 4095 Clem.
606 4045 670 4095 dica.
797 4045 824 4106 8)
843 4045 881 4094 Ps.
902 4045 957 4106 138,
978 4046 1017 4097 15.

193 4120 209 4168 5
238 4066 312 4168 ἕπον.
332 4115 372 4175 27,
391 4113 414 4163 2.
797 4112 996 4174 eructasse,
1017 4113 1055 4164 18.

194 4186 224 4248 6)
243 4183 294 4234 Clr,
311 4183 385 4244 Ignat
402 4180 432 4230 ad
450 4179 532 4243 Polyc.
550 4196 571 4230 c.
588 4183 612 4230 5.
650 4180 714 4230 Tert.
797 4178 855 4243 Cap.
869 4180 966 4230 XXXIX.
1006 4179 1031 4243 1)
1049 4176 1099 4227 Iob.
1119 4175 1144 4234 I,
1169 4174 1273 4225 tes-ts.

145 4254 174 4306 de
193 4255 269 4317 virgg.
288 4249 335 4300 sel.
354 4264 374 4298 c.
394 4249 433 4299 ta.
467 4248 492 4296 In
519 4249 566 4298 boe
589 4248 645 4298 Ioco
666 4245 713 4296 Co·
797 4247 825 4312 2)
844 4247 894 4297 Iob.
917 4249 955 4306 lb,
975 4249 1014 4298 15.

141 4322 243 4373 telerius
259 4317 312 4383 :sihi
336 4315 401 4365 risus
427 4323 464 4365 est
484 4315 565 4366 ridere
593 4329 666 4365 unum
686 4330 713 4365 er
797 4315 824 4378 3)
840 4316 890 4365 Iob.
910 4315 933 4374 t,
955 4311 1060 4365 let-21.

143 4389 202 4451 illis,
221 4386 345 4452 inquibus
357 4383 475 4443 Clemens,
493 4383 556 4434 iuste
572 4382 714 4433 relationem
797 4382 892 4446 4)10b.
911 4382 934 4442 5,
954 4381 1026 4433 1-5.
