2886 4882
241 230 376 307 lelllle
398 230 536 287 Piston.
579 231 675 288 ntuetr
699 230 741 287 lll.
784 231 915 288 Sttttttt.
938 231 1006 291 Vlll.
1027 228 1071 304 (ll)
1182 234 1242 296 519

73 400 227 467 nitentiaus,
247 405 274 453 et
294 395 416 452 adsecuti
440 405 504 454 suut
525 397 648 453 salutem.
690 397 722 453 ttt
744 397 812 453 dixi:
838 396 925 466 video,
948 397 1064 454 domiue.
1107 399 1140 456 Ut
1162 405 1241 474 scias,

73 485 167 557 inquit,
188 480 336 538 bonitatem
359 485 439 551 atque
462 479 630 537 clementiam
652 496 775 553 magnam
798 478 912 554 Domini,
936 480 1062 552 quoniam
1083 485 1193 555 grandis
1215 495 1243 544 et

72 567 193 639 gloriosa
215 571 266 631 cst,
289 562 336 634 qui
358 562 432 618 dedit
451 562 576 636 spiritum
598 562 650 630 liis,
674 563 719 635 qui
742 563 815 635 digni
837 568 915 616 eraut
935 578 1016 634 agere
1038 565 1240 635 poenitentiam.

70 650 158 718 Quare
171 664 247 720 ergo,
271 644 386 710 domiue,
409 645 526 717 inquam,
550 662 605 700 nou
626 660 721 700 omnes
744 651 859 718 egerunt
875 644 1090 718 poenitentiami
1112 646 1239 720 Quorum,

72 732 175 803 inquit,
203 729 269 784 vidit
290 725 362 782 fleus
387 744 468 800 puras
490 737 595 784 meotes
618 727 722 783 futuras
745 736 772 784 et
793 727 939 783 servituras
968 727 992 783 ei
1021 743 1054 782 ea
1077 729 1139 785 totis
1162 748 1239 804 prae·

72 813 173 869 cordiis
195 811 261 875 suis,
284 809 350 882 ipsis
374 809 468 866 tribuit
488 810 690 884 poenitentiam.
732 809 807 865 tttos
823 810 894 864 enim
910 809 1096 866 animadvertit
1110 809 1241 871 fallaciter

69 896 104 951 ad
126 913 157 951 se
179 908 354 961 reversuros,
377 900 404 948 et
426 892 563 949 interdixit
584 884 647 948 illis¹
679 891 832 964 ingressum
855 891 1052 966 poenitentiae,
1074 909 1108 948 ne
1131 910 1240 954 rursum

69 978 158 1051 legem
180 978 239 1032 eius
266 975 293 1030 in
321 975 413 1031 futuro
441 976 534 1032 seculo
562 973 684 1031 nefandis
712 974 904 1031 maledicerent
933 973 1031 1029 verbis.
1074 973 1106 1031 lit
1128 975 1178 1032 diri
1201 980 1241 1034 ci:

69 1061 226 1117 demonstra
248 1072 320 1114 nnnc
343 1058 417 1122 stilai,
436 1059 561 1125 dominc,
584 1055 678 1130 quales
701 1056 800 1131 singuli
823 1072 935 1120 eorum,
958 1048 1019 1128 qui¹
1041 1056 1128 1130 virgas
1150 1060 1239 1117 reddi·

70 1143 178 1209 derunt,
200 1142 249 1197 scd
271 1148 298 1196 et
319 1156 391 1212 quoe
413 1157 507 1196 corum
529 1141 640 1208 utilitas,
663 1147 708 1194 aut
721 1157 789 1212 quae
805 1155 909 1206 eorum,
923 1139 968 1211 qui
988 1155 1042 1194 non
1056 1142 1243 1200 custodierunt

68 1225 185 1298 sigillum
195 1225 339 1295 integrum,
360 1223 433 1294 quod
445 1231 621 1297 aeceperunt,
644 1221 693 1277 sed
708 1214 807 1294 nou[f]
823 1221 1024 1295 dissipaverunt
1045 1222 1081 1285 id,
1104 1231 1134 1279 ut
1144 1226 1240 1298 agnitis

69 1308 127 1364 suis
142 1307 219 1364 factis
235 1312 347 1376 accepto
370 1320 385 1358 a
407 1312 432 1360 te
454 1306 542 1379 sigillo
564 1312 644 1376 agant
665 1305 874 1376 poeniteutiam,
898 1312 926 1359 ct
947 1304 1012 1360 dent
1026 1303 1140 1362 llomiuo
1155 1307 1240 1364 honu-

68 1407 133 1457 rem‚
157 1389 250 1462 quiin
273 1403 321 1442 eos
344 1386 487 1443 clementia
509 1405 558 1443 sua
581 1395 671 1442 motus
694 1388 766 1443 misit
788 1395 823 1455 tc,
845 1394 875 1442 ut
897 1386 1022 1460 spiritum
1045 1403 1140 1443 eorum
1161 1407 1241 1448 reno·

65 1480 147 1529 earet
188 1471 220 1527 Et
245 1470 312 1526 elisit
331 1469 412 1524 milri:
433 1471 506 1538 audi,
529 1470 626 1542 iuquit.
671 1469 792 1537 Quorum
814 1469 905 1543 virgae
927 1469 1018 1526 aridae
1040 1478 1189 1544 putresque
1212 1481 1241 1529 et

66 1556 146 1613 veluti
169 1571 184 1609 a
205 1555 278 1610 tinea
298 1559 385 1606 tactae
415 1562 539 1627 repertae
561 1560 640 1617 suut,
663 1552 689 1606 hi
713 1561 776 1608 sunt
798 1552 953 1624 transfugae
976 1552 1108 1607 ccclesiae
1131 1562 1157 1610 et
1178 1572 1240 1627 pro·

68 1638 188 1703 ditores,
212 1636 257 1708 qui
280 1633 443 1689 addiderunt
465 1636 553 1692 adbuc
576 1632 609 1689 ad
631 1633 728 1690 delicta
750 1651 814 1702 sua,
837 1633 910 1707 quod
932 1633 1055 1689 nefandis
1077 1636 1167 1692 verbis
1190 1635 1241 1694 llo·

65 1721 168 1776 minum
191 1717 328 1790 persecuti
350 1725 420 1783 sunt,
443 1733 598 1792 nomenque
621 1716 688 1786 eius,
712 1717 786 1789 quod
802 1718 827 1773 in
850 1733 898 1773 eos
921 1725 978 1772 erat
997 1717 1157 1789 invocatum,
1179 1737 1239 1776 eru·

66 1800 193 1857 buerunt
235 1798 266 1853 lli
289 1798 370 1871 igitur
391 1799 417 1854 in
442 1807 527 1857 totum
549 1801 648 1855 mertui
670 1808 733 1855 sunt
753 1799 825 1863 fleo.
855 1799 1007 1855 etidcirco
1030 1798 1122 1856 nullus
1145 1818 1241 1859 eorum

67 1885 123 1957 egit
151 1881 353 1956 poenitentiam.
398 1881 463 1937 Num
494 1883 545 1939 etsi
576 1881 711 1938 audierint
738 1882 805 1939 hace
837 1880 961 1938 mandata
993 1898 1067 1949 mea,
1101 1900 1170 1956 quae
1199 1887 1240 1941 eis

68 1974 230 2023 ostensurus
251 1981 319 2032 stim,
342 1964 409 2020 nibil
431 1966 584 2039 proficient
626 1965 665 2020 tt
688 1965 821 2022 eiusmodi
837 1964 992 2020 bominibus
1007 1964 1084 2021 abest
1104 1967 1165 2022 vita.
1208 1968 1241 2023 lli

66 2065 145 2115 vero,
169 2047 215 2121 qui
237 2047 326 2104 aridas
349 2056 376 2103 et
396 2064 451 2103 non
473 2057 568 2123 putres
591 2046 679 2121 virgas
702 2048 892 2114 tradiderunt,
913 2046 983 2102 iusta
1005 2047 1064 2102 illos
1086 2058 1170 2118 orant,
1193 2051 1241 2124 qui

66 2131 157 2187 aridas
178 2131 273 2202 virgas
291 2139 440 2203 putresque
465 2130 624 2186 habuerant.
667 2128 831 2203 Hypocritae
854 2129 926 2185 enim
949 2137 1033 2198 erant,
1056 2138 1083 2186 et
1102 2130 1240 2189 doctrinas

66 2231 161 2288 pravas
184 2210 352 2279 inferebant,
375 2219 559 2284 pemertcntcs
588 2209 637 2266 llei
659 2227 769 2278 servos,
793 2212 939 2284 praecipue
971 2226 1035 2278 eos,
1066 2214 1112 2285 qui
1142 2214 1240 2270 delicta

66 2296 275 2351 commisissent
317 2292 377 2346 Nou
399 2293 471 2347 euim
500 2294 526 2347 in
560 2298 617 2346 toto
640 2290 768 2346 sinebant
787 2307 835 2348 eos
858 2307 940 2362 agere
963 2292 1170 2363 poeniteutiam,
1192 2297 1241 2352 sed

66 2375 198 2434 doctrinis
220 2374 300 2428 fatuis
323 2389 372 2428 cos
395 2372 559 2428 detinebant,
604 2371 684 2427 Vides
707 2388 782 2445 crgo,
803 2371 903 2428 multos
925 2371 1025 2429 fulsere
1049 2391 1126 2447 spem
1149 2391 1240 2448 regre-

66 2457 158 2515 diendi
181 2465 207 2512 et
229 2455 325 2527 agendi
347 2454 552 2527 poenitentiam.
595 2453 632 2509 Es
653 2470 708 2526 quo
724 2455 794 2509 euim
814 2454 854 2509 eis
876 2452 1012 2525 pertulisti
1031 2455 1154 2511 mandata
1171 2474 1239 2527 mea,

65 2541 147 2612 aliqui
177 2555 208 2594 es
235 2538 290 2603 cis,
320 2538 365 2609 qui
398 2537 464 2592 tales
494 2545 572 2604 suut,
602 2536 690 2592 adbuc
721 2543 801 2608 agent
829 2534 1031 2609 poenitentiam.
1080 2535 1238 2612 Quicunque

65 2630 232 2678 autemnon
256 2619 361 2692 egerint
383 2619 595 2693 poenitentiam,
626 2619 748 2675 amittent
768 2617 848 2674 vitam
872 2632 956 2672 suain.
999 2617 1044 2673 lsti
1065 2626 1170 2688 autem,
1194 2623 1239 2694 qui

65 2713 181 2778 egerunt
202 2702 409 2777 poenitentiam,
432 2702 496 2760 boui
519 2708 676 2778 evaseruut,
699 2708 727 2757 et
747 2701 828 2758 sedes
851 2717 946 2758 eorum
975 2699 1001 2755 in
1029 2699 1124 2775 primis
1155 2703 1239 2760 muris

65 2778 141 2846 esse³
171 2792 330 2857 coeperunt.
381 2785 493 2853 Quidam
522 2801 588 2841 sero
618 2785 698 2841 etiam
727 2785 753 2839 in
781 2792 884 2840 turrem
916 2783 1105 2839 ascenderunt.
1159 2783 1239 2842 Vides

64 2870 155 2943 igitur,
178 2869 204 2925 in
226 2868 394 2941 poenitentia
417 2869 588 2941 peccantium
611 2868 701 2923 inesse
723 2868 822 2931 vitam;
847 2883 901 2922 uon
926 2865 1069 2939 agentibus
1090 2882 1153 2923 vero
1175 2883 1238 2942 poe·

64 2953 216 3019 nitentiam,
237 2958 353 3006 mortem
376 2959 504 3023 paratam.

149 3114 185 3187 (o)
207 3118 260 3173 Vll.
303 3118 339 3173 lle
369 3118 412 3173 bis
434 3132 513 3183 vero,
544 3116 591 3187 qui
613 3113 770 3170 semiaridas
799 3114 991 3187 scissurasque
1021 3111 1154 3171 babentes
1175 3131 1237 3188 por·

66 3208 202 3269 rexerunt,
225 3194 306 3256 audi.¹
350 3201 469 3268 [litorum
493 3198 655 3254 semiaridae
676 3204 754 3252 eraut
774 3197 883 3270 virgae,
906 3196 980 3253 dubii
1002 3206 1082 3264 suut,
1105 3197 1168 3271 quia
1188 3214 1239 3254 uec

70 3350 278 3363 ——a

71 3442 125 3491 dciu
146 3459 167 3491 c.
181 3441 265 3490 codem
280 3456 406 3503 necundo
424 3440 495 3500 iulg,
514 3448 561 3488 tum
574 3438 636 3488 oialc
725 3439 765 3503 16)
783 3440 806 3487 ln'
829 3454 853 3502 p.
871 3440 915 3498 liis,
935 3439 1241 3502 qotva1.,ubtdeesttm-

67 3510 117 3559 cxli.
138 3510 257 3558 doctrines·
277 3524 300 3572 p.
317 3508 440 3556 doctrinis.
669 3508 758 3569 prinus.

120 3609 161 3671 ll)
180 3608 237 3656 tut.
262 3625 293 3657 ec
315 3625 360 3673 quo
387 3610 423 3656 cis
450 3607 561 3654 nmndoto
586 3621 637 3654 meo
725 3573 766 3700 {gg
782 3569 1077 3701 gefffilgmg'mbivz'lfgnur
1094 3570 1118 3619 ὴ]
1138 3570 1188 3619 vm·

65 3678 186 3741 protulisti
195 3691 204 3734 ;
235 3682 256 3723 ct
280 3677 354 3724 odisee
380 3680 448 3739 egent
472 3674 635 3736 poenitentium
722 3705 835 3769 Capyn·
859 3704 944 3763 nmo
964 3702 1078 3762 mm,
1096 3704 1136 3753 ubi
1152 3704 1239 3754 deinde

69 3745 120 3792 Μ’
140 3743 163 3790 in
183 3742 232 3789 ω’
671 3775 784 3823 debebant
802 3786 825 3833 p.
843 3771 977 3819 bobnemnt.

123 3842 165 3903 lb)
184 3844 203 3890 ii
223 3857 269 3891 om.
288 3842 352 3900 vie,
370 3850 394 3890 ct
412 3840 435 3890 ni
455 3841 527 3890 fallor
544 3840 635 3895 Lomb.‚
722 3840 748 3900 2)
768 3839 820 3886 oiid
838 3839 961 3887 semioride
980 3835 1037 3901 (sic)
1050 3837 1108 3894 Vnt,
1128 3835 1167 3884 tibi
1181 3834 1236 3884 dein

68 3911 154 3975 quibus
185 3908 314 3958 Codicibns
346 3907 473 3958 lectionem
502 3907 634 3969 evulgatam
671 3906 756 3955 desunt
774 3919 839 3954 voce.
858 3910 924 3953 crant
942 3930 976 3940 -
993 3905 1056 3953 enim
1072 3927 1106 3938 -
1125 3907 1188 3950 suot.

68 3979 150 4027 debes.
185 3976 259 4038 Magis
280 3984 359 4025 tameo
385 3975 466 4039 placet
482 3973 596 4024 Cotelerii
616 3975 637 4021 ii

67 4051 90 4094 et
106 4045 285 4109 poenitentium,
313 4048 335 4092 et
351 4045 424 4092 sitem
441 4057 507 4093 enain
524 4045 636 4090 emittent.
720 4037 778 4102 Cep.
796 4037 832 4087 tt.
869 4036 893 4101 f)
910 4039 948 4088 illi
967 4037 1017 4087 Pel.

68 4112 128 4162 Tum
152 4110 301 4175 poenitentis
325 4110 416 4160 indicat
444 4122 512 4172 spem
543 4105 635 4164 suetis,
720 4104 747 4166 2)
766 4119 825 4170 quoe
842 4112 956 4154 mutitum
976 4103 1000 4151 iu
1020 4102 1076 4166 quoi
1095 4099 1159 4159 eat,
1182 4113 1235 4152 mot

69 4193 129 4240 quse
149 4193 176 4227 ex
195 4177 341 4241 poenitentia
361 4184 426 4225 recte
444 4181 541 4238 peracta
565 4171 636 4220 nobis
670 4187 723 4221 eunt
739 4173 814 4235 p.,id.

69 4245 192 4305 contingit
233 4245 268 4293 Eo
298 4250 392 4306 spectat
423 4239 472 4290 eu.
498 4239 636 4301 demumque
722 4239 751 4296 3)
768 4253 819 4288 eece
838 4237 888 4287 rat.

68 4318 147 4360 aeteus
163 4325 211 4359 non
233 4312 322 4372 egerint
347 4309 513 4372 poententiam
530 4307 635 4354 amittent
721 4306 778 4369 Cap.
795 4305 842 4355 Vll.
879 4304 903 4366 l)
921 4302 1045 4352 babentes:
1062 4308 1103 4353 cot
1115 4304 1233 4367 odoien-

67 4378 140 4426 uitam
158 4391 232 4425 suom.
671 4376 884 4437 aspernemini,
904 4369 961 4418 audi
978 4365 1029 4418 ru.
1056 4394 1060 4403 ·
