<?xml version="1.0" encoding="UTF-8"?>
<!DOCTYPE html PUBLIC "-//W3C//DTD XHTML 1.0 Transitional//EN"
    "http://www.w3.org/TR/xhtml1/DTD/xhtml1-transitional.dtd">
<html xmlns="http://www.w3.org/1999/xhtml" xml:lang="en" lang="en">
 <head>
  <title>
</title>
<meta http-equiv="Content-Type" content="text/html;charset=utf-8" />
  <meta name='ocr-system' content='tesseract 3.04.00' />
  <meta name='ocr-capabilities' content='ocr_page ocr_carea ocr_par ocr_line ocrx_word'/>
</head>
<body>
  <div class='ocr_page' id='page_1' title='image "./patrumapostolic00polygoog/patrumapostolic00polygoog_0302.png"; bbox 0 0 2886 4882; ppageno 0'>
   <div class='ocr_carea' id='block_1_1' title="bbox 292 222 1312 292">
    <p class='ocr_par' dir='ltr' id='par_1_1' title="bbox 292 222 1312 292">
     <span class='ocr_line' id='line_1_1' title="bbox 292 222 1312 292; baseline 0.011 -11"><span class='ocrx_word' id='word_1_1' title='bbox 292 222 417 282; x_wconf 75' lang='lat' dir='ltr'>tahath</span> <span class='ocrx_word' id='word_1_2' title='bbox 438 223 599 283; x_wconf 78' lang='lat' dir='ltr'>urtstmt</span> <span class='ocrx_word' id='word_1_3' title='bbox 621 227 663 282; x_wconf 77' lang='lat' dir='ltr'>stt</span> <span class='ocrx_word' id='word_1_4' title='bbox 686 227 903 291; x_wconf 79' lang='lat' dir='ltr'>Tnttltattos.</span> <span class='ocrx_word' id='word_1_5' title='bbox 935 230 979 288; x_wconf 90' lang='lat' dir='ltr'>lll.</span> <span class='ocrx_word' id='word_1_6' title='bbox 1003 230 1046 287; x_wconf 85' lang='lat' dir='ltr'>tv.</span> <span class='ocrx_word' id='word_1_7' title='bbox 1066 231 1095 290; x_wconf 85' lang='lat' dir='ltr'>V.</span> <span class='ocrx_word' id='word_1_8' title='bbox 1117 230 1159 290; x_wconf 80' lang='lat' dir='ltr'>Vl.</span> <span class='ocrx_word' id='word_1_9' title='bbox 1254 229 1312 292; x_wconf 80' lang='lat'>231</span> 
     </span>
    </p>
   </div>
   <div class='ocr_carea' id='block_1_2' title="bbox 133 388 1313 1112">
    <p class='ocr_par' dir='ltr' id='par_1_2' title="bbox 133 388 1313 1112">
     <span class='ocr_line' id='line_1_2' title="bbox 135 388 1312 470; baseline 0.01 -24"><span class='ocrx_word' id='word_1_10' title='bbox 135 389 244 446; x_wconf 87' lang='lat' dir='ltr'>Christi.</span> <span class='ocrx_word' id='word_1_11' title='bbox 288 388 352 448; x_wconf 89' lang='lat' dir='ltr'>Sine</span> <span class='ocrx_word' id='word_1_12' title='bbox 374 391 442 466; x_wconf 89' lang='lat' dir='ltr'>ipsis</span> <span class='ocrx_word' id='word_1_13' title='bbox 463 391 536 449; x_wconf 86' lang='lat' dir='ltr'>enim</span> <span class='ocrx_word' id='word_1_14' title='bbox 557 392 673 449; x_wconf 88' lang='lat' dir='ltr'>eeclesia</span> <span class='ocrx_word' id='word_1_15' title='bbox 694 388 795 451; x_wconf 84' lang='lat' dir='ltr'>eleeta⁴</span> <span class='ocrx_word' id='word_1_16' title='bbox 818 413 871 452; x_wconf 89' lang='lat' dir='ltr'>non</span> <span class='ocrx_word' id='word_1_17' title='bbox 895 406 950 464; x_wconf 88' lang='lat' dir='ltr'>est,</span> <span class='ocrx_word' id='word_1_18' title='bbox 980 414 1069 470; x_wconf 83' lang='lat' dir='ltr'>neque</span> <span class='ocrx_word' id='word_1_19' title='bbox 1098 398 1224 456; x_wconf 77' lang='lat' dir='ltr'>collectio</span> <span class='ocrx_word' id='word_1_20' title='bbox 1253 417 1312 457; x_wconf 91' lang='lat' dir='ltr'>san·</span> 
     </span>
     <span class='ocr_line' id='line_1_3' title="bbox 135 469 1313 549; baseline 0.008 -20"><span class='ocrx_word' id='word_1_21' title='bbox 135 481 363 548; x_wconf 70' lang='lat' dir='ltr'>trummacum</span> <span class='ocrx_word' id='word_1_22' title='bbox 385 475 560 549; x_wconf 79' lang='lat' dir='ltr'>congregatio</span> <span class='ocrx_word' id='word_1_23' title='bbox 583 469 696 533; x_wconf 80' lang='lat' dir='ltr'>sancta⁵</span> <span class='ocrx_word' id='word_1_24' title='bbox 740 477 853 535; x_wconf 83' lang='lat' dir='ltr'>Confido</span> <span class='ocrx_word' id='word_1_25' title='bbox 877 482 948 536; x_wconf 91' lang='lat' dir='ltr'>euim</span> <span class='ocrx_word' id='word_1_26' title='bbox 970 489 998 535; x_wconf 90' lang='lat' dir='ltr'>et</span> <span class='ocrx_word' id='word_1_27' title='bbox 1019 498 1066 536; x_wconf 84' lang='lat' dir='ltr'>vos</span> <span class='ocrx_word' id='word_1_28' title='bbox 1088 482 1128 537; x_wconf 90' lang='lat' dir='ltr'>sie</span> <span class='ocrx_word' id='word_1_29' title='bbox 1152 485 1313 541; x_wconf 75' lang='lat' dir='ltr'><strong>consistere.</strong></span> 
     </span>
     <span class='ocr_line' id='line_1_4' title="bbox 135 557 1311 640; baseline 0.009 -29"><span class='ocrx_word' id='word_1_30' title='bbox 135 557 263 630; x_wconf 73' lang='lat' dir='ltr'>Exempla</span> <span class='ocrx_word' id='word_1_31' title='bbox 284 566 375 615; x_wconf 88' lang='lat' dir='ltr'>autem</span> <span class='ocrx_word' id='word_1_32' title='bbox 396 560 517 615; x_wconf 84' lang='lat' dir='ltr'>raritatis</span> <span class='ocrx_word' id='word_1_33' title='bbox 536 568 642 616; x_wconf 87' lang='lat' dir='ltr'>vestrae</span> <span class='ocrx_word' id='word_1_34' title='bbox 657 563 761 635; x_wconf 87' lang='lat' dir='ltr'>accepi,</span> <span class='ocrx_word' id='word_1_35' title='bbox 785 571 812 617; x_wconf 92' lang='lat' dir='ltr'>et</span> <span class='ocrx_word' id='word_1_36' title='bbox 834 562 921 619; x_wconf 92' lang='lat' dir='ltr'>habeo</span> <span class='ocrx_word' id='word_1_37' title='bbox 940 580 1026 636; x_wconf 87' lang='lat' dir='ltr'>penes</span> <span class='ocrx_word' id='word_1_38' title='bbox 1047 565 1180 637; x_wconf 89' lang='lat' dir='ltr'>meipsum</span> <span class='ocrx_word' id='word_1_39' title='bbox 1201 567 1228 621; x_wconf 94' lang='lat' dir='ltr'>in</span> <span class='ocrx_word' id='word_1_40' title='bbox 1250 565 1311 640; x_wconf 86' lang='lat' dir='ltr'>Epi·</span> 
     </span>
     <span class='ocr_line' id='line_1_5' title="bbox 135 643 1311 718; baseline 0.009 -24"><span class='ocrx_word' id='word_1_41' title='bbox 135 649 334 712; x_wconf 67' lang='lat' dir='ltr'>scopulosam,</span> <span class='ocrx_word' id='word_1_42' title='bbox 350 643 477 715; x_wconf 83' lang='lat' dir='ltr'>quoniam</span> <span class='ocrx_word' id='word_1_43' title='bbox 494 643 580 716; x_wconf 89' lang='lat' dir='ltr'>ipsius</span> <span class='ocrx_word' id='word_1_44' title='bbox 596 644 729 703; x_wconf 87' lang='lat' dir='ltr'>institutio</span> <span class='ocrx_word' id='word_1_45' title='bbox 743 661 839 718; x_wconf 77' lang='lat' dir='ltr'>magna</span> <span class='ocrx_word' id='word_1_46' title='bbox 862 645 987 702; x_wconf 87' lang='lat' dir='ltr'>doctrina</span> <span class='ocrx_word' id='word_1_47' title='bbox 1010 653 1059 701; x_wconf 88' lang='lat' dir='ltr'>est.</span> <span class='ocrx_word' id='word_1_48' title='bbox 1102 646 1166 703; x_wconf 81' lang='lat' dir='ltr'>Nam</span> <span class='ocrx_word' id='word_1_49' title='bbox 1189 657 1216 703; x_wconf 91' lang='lat' dir='ltr'>et</span> <span class='ocrx_word' id='word_1_50' title='bbox 1236 666 1311 706; x_wconf 86' lang='lat' dir='ltr'>inan·</span> 
     </span>
     <span class='ocr_line' id='line_1_6' title="bbox 133 723 1310 800; baseline 0.008 -22"><span class='ocrx_word' id='word_1_51' title='bbox 133 723 250 780; x_wconf 87' lang='lat' dir='ltr'>suetudo</span> <span class='ocrx_word' id='word_1_52' title='bbox 272 725 333 780; x_wconf 90' lang='lat' dir='ltr'>eius</span> <span class='ocrx_word' id='word_1_53' title='bbox 355 725 439 781; x_wconf 84' lang='lat' dir='ltr'>virtus</span> <span class='ocrx_word' id='word_1_54' title='bbox 461 733 519 792; x_wconf 87' lang='lat' dir='ltr'>est,</span> <span class='ocrx_word' id='word_1_55' title='bbox 548 743 629 798; x_wconf 87' lang='lat' dir='ltr'>quam</span> <span class='ocrx_word' id='word_1_56' title='bbox 651 725 772 783; x_wconf 76' lang='lat' dir='ltr'>arbitror</span> <span class='ocrx_word' id='word_1_57' title='bbox 798 729 877 784; x_wconf 90' lang='lat' dir='ltr'>etiam</span> <span class='ocrx_word' id='word_1_58' title='bbox 901 729 976 795; x_wconf 91' lang='lat' dir='ltr'>illos,</span> <span class='ocrx_word' id='word_1_59' title='bbox 1008 729 1053 800; x_wconf 89' lang='lat' dir='ltr'>qui</span> <span class='ocrx_word' id='word_1_60' title='bbox 1083 729 1141 784; x_wconf 92' lang='lat' dir='ltr'>sine</span> <span class='ocrx_word' id='word_1_61' title='bbox 1163 729 1217 784; x_wconf 85' lang='lat' dir='ltr'>lleo</span> <span class='ocrx_word' id='word_1_62' title='bbox 1239 740 1310 799; x_wconf 89' lang='lat' dir='ltr'>sunt,</span> 
     </span>
     <span class='ocr_line' id='line_1_7' title="bbox 135 806 1311 883; baseline 0.007 -21"><span class='ocrx_word' id='word_1_63' title='bbox 135 809 265 864; x_wconf 77' lang='lat' dir='ltr'>revereri.</span> <span class='ocrx_word' id='word_1_64' title='bbox 309 809 376 875; x_wconf 73' lang='lat' dir='ltr'>Quia</span> <span class='ocrx_word' id='word_1_65' title='bbox 397 816 486 864; x_wconf 89' lang='lat' dir='ltr'>autem</span> <span class='ocrx_word' id='word_1_66' title='bbox 509 808 673 882; x_wconf 81' lang='lat' dir='ltr'>diligeres,</span> <span class='ocrx_word' id='word_1_67' title='bbox 702 826 786 883; x_wconf 88' lang='lat' dir='ltr'>pareo</span> <span class='ocrx_word' id='word_1_68' title='bbox 809 810 979 883; x_wconf 83' lang='lat' dir='ltr'>frequentius</span> <span class='ocrx_word' id='word_1_69' title='bbox 1002 809 1078 865; x_wconf 89' lang='lat' dir='ltr'>vehis</span> <span class='ocrx_word' id='word_1_70' title='bbox 1099 806 1253 880; x_wconf 79' lang='lat' dir='ltr'>scribere,⁰</span> <span class='ocrx_word' id='word_1_71' title='bbox 1276 831 1311 871; x_wconf 89' lang='lat' dir='ltr'>ne</span> 
     </span>
     <span class='ocr_line' id='line_1_8' title="bbox 134 889 1309 968; baseline 0.008 -25"><span class='ocrx_word' id='word_1_72' title='bbox 134 889 223 946; x_wconf 81' lang='lat' dir='ltr'>videar</span> <span class='ocrx_word' id='word_1_73' title='bbox 243 889 379 962; x_wconf 84' lang='lat' dir='ltr'>aliquibus</span> <span class='ocrx_word' id='word_1_74' title='bbox 402 891 554 948; x_wconf 89' lang='lat' dir='ltr'>contrarius</span> <span class='ocrx_word' id='word_1_75' title='bbox 586 901 631 948; x_wconf 91' lang='lat' dir='ltr'>ant</span> <span class='ocrx_word' id='word_1_76' title='bbox 663 893 801 949; x_wconf 85' lang='lat' dir='ltr'>taediosus</span> <span class='ocrx_word' id='word_1_77' title='bbox 832 910 903 951; x_wconf 86' lang='lat' dir='ltr'>esse.</span> <span class='ocrx_word' id='word_1_78' title='bbox 945 893 1056 949; x_wconf 78' lang='lat' dir='ltr'>Vinctus</span> <span class='ocrx_word' id='word_1_79' title='bbox 1079 910 1136 949; x_wconf 92' lang='lat' dir='ltr'>sum</span> <span class='ocrx_word' id='word_1_80' title='bbox 1166 894 1237 950; x_wconf 88' lang='lat' dir='ltr'>enim</span> <span class='ocrx_word' id='word_1_81' title='bbox 1259 913 1309 968; x_wconf 92' lang='lat' dir='ltr'>pro</span> 
     </span>
     <span class='ocr_line' id='line_1_9' title="bbox 134 973 1308 1048; baseline 0.008 -22"><span class='ocrx_word' id='word_1_82' title='bbox 134 973 261 1040; x_wconf 86' lang='lat' dir='ltr'>Christo,</span> <span class='ocrx_word' id='word_1_83' title='bbox 295 974 344 1030; x_wconf 88' lang='lat' dir='ltr'>sed</span> <span class='ocrx_word' id='word_1_84' title='bbox 372 975 491 1030; x_wconf 91' lang='lat' dir='ltr'>nondum</span> <span class='ocrx_word' id='word_1_85' title='bbox 522 974 630 1031; x_wconf 88' lang='lat' dir='ltr'>Christo</span> <span class='ocrx_word' id='word_1_86' title='bbox 661 976 759 1048; x_wconf 81' lang='lat' dir='ltr'>dignus</span> <span class='ocrx_word' id='word_1_87' title='bbox 790 994 859 1032; x_wconf 79' lang='lat' dir='ltr'>suut.</span> <span class='ocrx_word' id='word_1_88' title='bbox 902 976 930 1032; x_wconf 83' lang='lat' dir='ltr'>Si</span> <span class='ocrx_word' id='word_1_89' title='bbox 960 984 1049 1033; x_wconf 92' lang='lat' dir='ltr'>autem</span> <span class='ocrx_word' id='word_1_90' title='bbox 1077 993 1308 1047; x_wconf 77' lang='lat' dir='ltr'>consummavero,</span> 
     </span>
     <span class='ocr_line' id='line_1_10' title="bbox 133 1056 326 1112; baseline 0.005 -2"><span class='ocrx_word' id='word_1_91' title='bbox 133 1056 248 1112; x_wconf 80' lang='lat' dir='ltr'>forsitan</span> <span class='ocrx_word' id='word_1_92' title='bbox 269 1073 326 1112; x_wconf 87' lang='lat' dir='ltr'>cro.</span> 
     </span>
    </p>
   </div>
   <div class='ocr_carea' id='block_1_3' title="bbox 133 1187 1320 1763">
    <p class='ocr_par' dir='ltr' id='par_1_3' title="bbox 133 1187 1320 1763">
     <span class='ocr_line' id='line_1_11' title="bbox 215 1187 1308 1267; baseline 0.005 -24"><span class='ocrx_word' id='word_1_93' title='bbox 215 1187 339 1245; x_wconf 75' lang='lat' dir='ltr'>thilon</span> <span class='ocrx_word' id='word_1_94' title='bbox 363 1191 434 1246; x_wconf 89' lang='lat' dir='ltr'>sicut</span> <span class='ocrx_word' id='word_1_95' title='bbox 454 1190 600 1266; x_wconf 81' lang='lat' dir='ltr'>Apostolus</span> <span class='ocrx_word' id='word_1_96' title='bbox 623 1190 772 1265; x_wconf 90' lang='lat' dir='ltr'>praecipio,</span> <span class='ocrx_word' id='word_1_97' title='bbox 795 1191 845 1247; x_wconf 91' lang='lat' dir='ltr'>sed</span> <span class='ocrx_word' id='word_1_98' title='bbox 868 1192 967 1249; x_wconf 89' lang='lat' dir='ltr'>metior</span> <span class='ocrx_word' id='word_1_99' title='bbox 989 1193 1135 1267; x_wconf 82' lang='lat' dir='ltr'>meipsnm3</span> <span class='ocrx_word' id='word_1_100' title='bbox 1158 1209 1191 1247; x_wconf 89' lang='lat' dir='ltr'>ne</span> <span class='ocrx_word' id='word_1_101' title='bbox 1213 1193 1237 1247; x_wconf 93' lang='lat' dir='ltr'>iu</span> <span class='ocrx_word' id='word_1_102' title='bbox 1252 1192 1308 1265; x_wconf 79' lang='lat' dir='ltr'>glo·</span> 
     </span>
     <span class='ocr_line' id='line_1_12' title="bbox 134 1269 1307 1349; baseline 0.003 -23"><span class='ocrx_word' id='word_1_103' title='bbox 134 1271 247 1328; x_wconf 86' lang='lat' dir='ltr'>riatione</span> <span class='ocrx_word' id='word_1_104' title='bbox 272 1290 331 1328; x_wconf 91' lang='lat' dir='ltr'>mea</span> <span class='ocrx_word' id='word_1_105' title='bbox 355 1291 472 1347; x_wconf 89' lang='lat' dir='ltr'>peream.</span> <span class='ocrx_word' id='word_1_106' title='bbox 514 1273 617 1329; x_wconf 87' lang='lat' dir='ltr'>Bonum</span> <span class='ocrx_word' id='word_1_107' title='bbox 639 1281 682 1330; x_wconf 90' lang='lat' dir='ltr'>est</span> <span class='ocrx_word' id='word_1_108' title='bbox 705 1275 776 1329; x_wconf 89' lang='lat' dir='ltr'>enirn</span> <span class='ocrx_word' id='word_1_109' title='bbox 800 1275 827 1329; x_wconf 96' lang='lat' dir='ltr'>in</span> <span class='ocrx_word' id='word_1_110' title='bbox 849 1274 963 1331; x_wconf 84' lang='lat' dir='ltr'>Domino</span> <span class='ocrx_word' id='word_1_111' title='bbox 987 1269 1117 1349; x_wconf 75' lang='lat' dir='ltr'>gloriari.¹</span> <span class='ocrx_word' id='word_1_112' title='bbox 1160 1275 1236 1329; x_wconf 85' lang='lat' dir='ltr'>Etsi</span> <span class='ocrx_word' id='word_1_113' title='bbox 1258 1275 1307 1330; x_wconf 89' lang='lat' dir='ltr'>sal·</span> 
     </span>
     <span class='ocr_line' id='line_1_13' title="bbox 133 1355 1308 1431; baseline 0.006 -24"><span class='ocrx_word' id='word_1_114' title='bbox 133 1362 206 1411; x_wconf 84' lang='lat' dir='ltr'>ratus</span> <span class='ocrx_word' id='word_1_115' title='bbox 230 1355 309 1412; x_wconf 85' lang='lat' dir='ltr'>luero</span> <span class='ocrx_word' id='word_1_116' title='bbox 342 1357 413 1430; x_wconf 90' lang='lat' dir='ltr'>apud</span> <span class='ocrx_word' id='word_1_117' title='bbox 435 1357 533 1424; x_wconf 83' lang='lat' dir='ltr'>Deum,</span> <span class='ocrx_word' id='word_1_118' title='bbox 565 1358 625 1431; x_wconf 88' lang='lat' dir='ltr'>plus</span> <span class='ocrx_word' id='word_1_119' title='bbox 646 1375 688 1412; x_wconf 91' lang='lat' dir='ltr'>me</span> <span class='ocrx_word' id='word_1_120' title='bbox 713 1365 823 1430; x_wconf 81' lang='lat' dir='ltr'>oportet</span> <span class='ocrx_word' id='word_1_121' title='bbox 846 1359 954 1426; x_wconf 88' lang='lat' dir='ltr'>timere,</span> <span class='ocrx_word' id='word_1_122' title='bbox 982 1368 1009 1415; x_wconf 92' lang='lat' dir='ltr'>et</span> <span class='ocrx_word' id='word_1_123' title='bbox 1039 1376 1092 1413; x_wconf 80' lang='lat' dir='ltr'>ritui</span> <span class='ocrx_word' id='word_1_124' title='bbox 1114 1357 1252 1413; x_wconf 87' lang='lat' dir='ltr'>attendere</span> <span class='ocrx_word' id='word_1_125' title='bbox 1275 1359 1308 1414; x_wconf 91' lang='lat' dir='ltr'>ad</span> 
     </span>
     <span class='ocr_line' id='line_1_14' title="bbox 133 1432 1307 1514; baseline 0.003 -22"><span class='ocrx_word' id='word_1_126' title='bbox 133 1454 179 1493; x_wconf 87' lang='lat' dir='ltr'>eos</span> <span class='ocrx_word' id='word_1_127' title='bbox 214 1440 261 1511; x_wconf 91' lang='lat' dir='ltr'>qui</span> <span class='ocrx_word' id='word_1_128' title='bbox 284 1440 458 1514; x_wconf 75' lang='lat' dir='ltr'>magnilieaut</span> <span class='ocrx_word' id='word_1_129' title='bbox 486 1457 537 1495; x_wconf 88' lang='lat' dir='ltr'>uic.</span> <span class='ocrx_word' id='word_1_130' title='bbox 581 1432 625 1495; x_wconf 72' lang='lat' dir='ltr'>lli&#39;</span> <span class='ocrx_word' id='word_1_131' title='bbox 664 1457 729 1495; x_wconf 80' lang='lat' dir='ltr'>vero</span> <span class='ocrx_word' id='word_1_132' title='bbox 753 1442 797 1513; x_wconf 86' lang='lat' dir='ltr'>qiii</span> <span class='ocrx_word' id='word_1_133' title='bbox 828 1457 869 1496; x_wconf 91' lang='lat' dir='ltr'>me</span> <span class='ocrx_word' id='word_1_134' title='bbox 893 1441 1017 1509; x_wconf 90' lang='lat' dir='ltr'>laudant,</span> <span class='ocrx_word' id='word_1_135' title='bbox 1047 1441 1137 1514; x_wconf 79' lang='lat' dir='ltr'>piitms</span> <span class='ocrx_word' id='word_1_136' title='bbox 1162 1440 1307 1513; x_wconf 81' lang='lat' dir='ltr'>llagellaut.</span> 
     </span>
     <span class='ocr_line' id='line_1_15' title="bbox 133 1513 1320 1597; baseline 0.003 -22"><span class='ocrx_word' id='word_1_137' title='bbox 133 1520 206 1593; x_wconf 71' lang='lat' dir='ltr'>illigo</span> <span class='ocrx_word' id='word_1_138' title='bbox 229 1513 314 1577; x_wconf 82' lang='lat' dir='ltr'>enim³</span> <span class='ocrx_word' id='word_1_139' title='bbox 336 1524 405 1597; x_wconf 89' lang='lat' dir='ltr'>pati:</span> <span class='ocrx_word' id='word_1_140' title='bbox 428 1523 475 1578; x_wconf 87' lang='lat' dir='ltr'>sed</span> <span class='ocrx_word' id='word_1_141' title='bbox 495 1524 588 1579; x_wconf 87' lang='lat' dir='ltr'>neseio</span> <span class='ocrx_word' id='word_1_142' title='bbox 611 1524 634 1578; x_wconf 91' lang='lat' dir='ltr'>si</span> <span class='ocrx_word' id='word_1_143' title='bbox 658 1523 754 1596; x_wconf 74' lang='lat' dir='ltr'>dignus</span> <span class='ocrx_word' id='word_1_144' title='bbox 777 1515 849 1578; x_wconf 68' lang='lat' dir='ltr'>sim.⁴</span> <span class='ocrx_word' id='word_1_145' title='bbox 892 1516 984 1579; x_wconf 74' lang='lat' dir='ltr'>Zelus⁶</span> <span class='ocrx_word' id='word_1_146' title='bbox 1006 1524 1076 1579; x_wconf 89' lang='lat' dir='ltr'>euim</span> <span class='ocrx_word' id='word_1_147' title='bbox 1102 1524 1199 1578; x_wconf 89' lang='lat' dir='ltr'>inimici</span> <span class='ocrx_word' id='word_1_148' title='bbox 1218 1523 1320 1582; x_wconf 80' lang='lat' dir='ltr'>multis</span> 
     </span>
     <span class='ocr_line' id='line_1_16' title="bbox 134 1604 1306 1680; baseline 0.004 -22"><span class='ocrx_word' id='word_1_149' title='bbox 134 1621 186 1660; x_wconf 90' lang='lat' dir='ltr'>nou</span> <span class='ocrx_word' id='word_1_150' title='bbox 209 1604 330 1662; x_wconf 86' lang='lat' dir='ltr'>videtur:</span> <span class='ocrx_word' id='word_1_151' title='bbox 354 1624 396 1662; x_wconf 92' lang='lat' dir='ltr'>me</span> <span class='ocrx_word' id='word_1_152' title='bbox 420 1613 507 1661; x_wconf 87' lang='lat' dir='ltr'>aiitem</span> <span class='ocrx_word' id='word_1_153' title='bbox 531 1607 679 1680; x_wconf 81' lang='lat' dir='ltr'>impugnat.</span> <span class='ocrx_word' id='word_1_154' title='bbox 723 1605 814 1662; x_wconf 85' lang='lat' dir='ltr'>lleheo</span> <span class='ocrx_word' id='word_1_155' title='bbox 837 1623 903 1679; x_wconf 78' lang='lat' dir='ltr'>ergo</span> <span class='ocrx_word' id='word_1_156' title='bbox 928 1622 989 1662; x_wconf 89' lang='lat' dir='ltr'>esse</span> <span class='ocrx_word' id='word_1_157' title='bbox 1013 1614 1180 1673; x_wconf 85' lang='lat' dir='ltr'>niurisuetus,</span> <span class='ocrx_word' id='word_1_158' title='bbox 1204 1614 1232 1661; x_wconf 93' lang='lat' dir='ltr'>ut</span> <span class='ocrx_word' id='word_1_159' title='bbox 1254 1606 1306 1663; x_wconf 87' lang='lat' dir='ltr'>dis·</span> 
     </span>
     <span class='ocr_line' id='line_1_17' title="bbox 133 1682 789 1763; baseline -0.002 -21"><span class='ocrx_word' id='word_1_160' title='bbox 133 1686 253 1745; x_wconf 87' lang='lat' dir='ltr'>solvatur</span> <span class='ocrx_word' id='word_1_161' title='bbox 275 1689 404 1763; x_wconf 82' lang='lat' dir='ltr'>princeps</span> <span class='ocrx_word' id='word_1_162' title='bbox 427 1689 506 1745; x_wconf 88' lang='lat' dir='ltr'>huius</span> <span class='ocrx_word' id='word_1_163' title='bbox 529 1682 628 1744; x_wconf 84' lang='lat' dir='ltr'>seculi⁰</span> <span class='ocrx_word' id='word_1_164' title='bbox 652 1688 789 1745; x_wconf 85' lang='lat' dir='ltr'>Diabolus.</span> 
     </span>
    </p>
   </div>
   <div class='ocr_carea' id='block_1_4' title="bbox 130 1820 1306 2725">
    <p class='ocr_par' dir='ltr' id='par_1_4' title="bbox 130 1820 1306 2725">
     <span class='ocr_line' id='line_1_18' title="bbox 212 1820 1306 1894; baseline 0.006 -21"><span class='ocrx_word' id='word_1_165' title='bbox 212 1821 243 1878; x_wconf 84' lang='lat' dir='ltr'>V.</span> <span class='ocrx_word' id='word_1_166' title='bbox 286 1820 413 1894; x_wconf 89' lang='lat' dir='ltr'>Nunquid</span> <span class='ocrx_word' id='word_1_167' title='bbox 436 1837 490 1876; x_wconf 90' lang='lat' dir='ltr'>nun</span> <span class='ocrx_word' id='word_1_168' title='bbox 513 1829 636 1894; x_wconf 89' lang='lat' dir='ltr'>poteram</span> <span class='ocrx_word' id='word_1_169' title='bbox 657 1821 735 1878; x_wconf 87' lang='lat' dir='ltr'>vobis</span> <span class='ocrx_word' id='word_1_170' title='bbox 758 1823 906 1878; x_wconf 89' lang='lat' dir='ltr'>secretiora</span> <span class='ocrx_word' id='word_1_171' title='bbox 929 1820 1069 1878; x_wconf 71' lang='lat' dir='ltr'>seribere?</span> <span class='ocrx_word' id='word_1_172' title='bbox 1093 1821 1146 1879; x_wconf 87' lang='lat' dir='ltr'>Sed</span> <span class='ocrx_word' id='word_1_173' title='bbox 1168 1826 1248 1881; x_wconf 90' lang='lat' dir='ltr'>timeo</span> <span class='ocrx_word' id='word_1_174' title='bbox 1272 1841 1306 1880; x_wconf 91' lang='lat' dir='ltr'>ne</span> 
     </span>
     <span class='ocr_line' id='line_1_19' title="bbox 135 1903 1306 1981; baseline 0.003 -22"><span class='ocrx_word' id='word_1_175' title='bbox 135 1903 253 1978; x_wconf 81' lang='lat' dir='ltr'>parvulis</span> <span class='ocrx_word' id='word_1_176' title='bbox 275 1904 352 1960; x_wconf 83' lang='lat' dir='ltr'>vobis</span> <span class='ocrx_word' id='word_1_177' title='bbox 375 1905 530 1961; x_wconf 82' lang='lat' dir='ltr'>constitutis</span> <span class='ocrx_word' id='word_1_178' title='bbox 553 1906 700 1962; x_wconf 81' lang='lat' dir='ltr'>laesionem</span> <span class='ocrx_word' id='word_1_179' title='bbox 730 1906 873 1979; x_wconf 80' lang='lat' dir='ltr'>imponam.</span> <span class='ocrx_word' id='word_1_180' title='bbox 916 1905 948 1960; x_wconf 86' lang='lat' dir='ltr'>Et</span> <span class='ocrx_word' id='word_1_181' title='bbox 969 1906 1102 1979; x_wconf 74' lang='lat' dir='ltr'>ignoscite</span> <span class='ocrx_word' id='word_1_182' title='bbox 1133 1909 1213 1963; x_wconf 85' lang='lat' dir='ltr'>inihi:</span> <span class='ocrx_word' id='word_1_183' title='bbox 1245 1908 1306 1981; x_wconf 83' lang='lat' dir='ltr'>quia</span> 
     </span>
     <span class='ocr_line' id='line_1_20' title="bbox 134 1985 1305 2062; baseline 0.008 -21"><span class='ocrx_word' id='word_1_184' title='bbox 134 2003 184 2042; x_wconf 91' lang='lat' dir='ltr'>non</span> <span class='ocrx_word' id='word_1_185' title='bbox 215 1985 309 2042; x_wconf 88' lang='lat' dir='ltr'>valetis</span> <span class='ocrx_word' id='word_1_186' title='bbox 338 1988 411 2043; x_wconf 82' lang='lat' dir='ltr'>ferre</span> <span class='ocrx_word' id='word_1_187' title='bbox 433 2005 518 2043; x_wconf 90' lang='lat' dir='ltr'>onera</span> <span class='ocrx_word' id='word_1_188' title='bbox 549 1988 734 2056; x_wconf 88' lang='lat' dir='ltr'>vinculorum,</span> <span class='ocrx_word' id='word_1_189' title='bbox 765 1989 992 2061; x_wconf 83' lang='lat' dir='ltr'>queinadmodum</span> <span class='ocrx_word' id='word_1_190' title='bbox 1024 2006 1075 2062; x_wconf 84' lang='lat' dir='ltr'>ego</span> <span class='ocrx_word' id='word_1_191' title='bbox 1110 1993 1214 2048; x_wconf 78' lang='lat' dir='ltr'>vinctus</span> <span class='ocrx_word' id='word_1_192' title='bbox 1236 2009 1305 2050; x_wconf 83' lang='lat' dir='ltr'>sirm.</span> 
     </span>
     <span class='ocr_line' id='line_1_21' title="bbox 133 2068 1304 2147; baseline 0.003 -23"><span class='ocrx_word' id='word_1_193' title='bbox 133 2068 162 2125; x_wconf 82' lang='lat' dir='ltr'>lit</span> <span class='ocrx_word' id='word_1_194' title='bbox 183 2085 296 2143; x_wconf 90' lang='lat' dir='ltr'>possum</span> <span class='ocrx_word' id='word_1_195' title='bbox 317 2071 427 2144; x_wconf 85' lang='lat' dir='ltr'>quidem</span> <span class='ocrx_word' id='word_1_196' title='bbox 451 2071 602 2144; x_wconf 80' lang='lat' dir='ltr'>intelligere</span> <span class='ocrx_word' id='word_1_197' title='bbox 625 2071 769 2127; x_wconf 88' lang='lat' dir='ltr'>caelestia:</span> <span class='ocrx_word' id='word_1_198' title='bbox 799 2072 965 2145; x_wconf 80' lang='lat' dir='ltr'>drigelornm</span> <span class='ocrx_word' id='word_1_199' title='bbox 989 2072 1096 2129; x_wconf 87' lang='lat' dir='ltr'>scilieet</span> <span class='ocrx_word' id='word_1_200' title='bbox 1119 2083 1199 2147; x_wconf 66' lang='lat' dir='ltr'>nti‘pie</span> <span class='ocrx_word' id='word_1_201' title='bbox 1221 2075 1304 2130; x_wconf 77' lang='lat' dir='ltr'>Arch-</span> 
     </span>
     <span class='ocr_line' id='line_1_22' title="bbox 130 2152 1304 2225; baseline 0.006 -19"><span class='ocrx_word' id='word_1_202' title='bbox 130 2152 287 2225; x_wconf 77' lang='lat' dir='ltr'>angelorum</span> <span class='ocrx_word' id='word_1_203' title='bbox 318 2155 444 2221; x_wconf 84' lang='lat' dir='ltr'>ordines,</span> <span class='ocrx_word' id='word_1_204' title='bbox 474 2153 626 2210; x_wconf 86' lang='lat' dir='ltr'>llilitiarum</span> <span class='ocrx_word' id='word_1_205' title='bbox 654 2154 839 2223; x_wconf 83' lang='lat' dir='ltr'>diversitates,</span> <span class='ocrx_word' id='word_1_206' title='bbox 874 2155 1005 2210; x_wconf 89' lang='lat' dir='ltr'>Virtutum</span> <span class='ocrx_word' id='word_1_207' title='bbox 1036 2165 1061 2211; x_wconf 93' lang='lat' dir='ltr'>et</span> <span class='ocrx_word' id='word_1_208' title='bbox 1088 2157 1304 2213; x_wconf 84' lang='lat' dir='ltr'>dorriiuatiounm</span> 
     </span>
     <span class='ocr_line' id='line_1_23' title="bbox 130 2234 1304 2311; baseline 0.004 -22"><span class='ocrx_word' id='word_1_209' title='bbox 130 2234 305 2304; x_wconf 75' lang='lat' dir='ltr'>differentias,</span> <span class='ocrx_word' id='word_1_210' title='bbox 327 2236 438 2293; x_wconf 85' lang='lat' dir='ltr'>Sediuni</span> <span class='ocrx_word' id='word_1_211' title='bbox 461 2245 541 2309; x_wconf 84' lang='lat' dir='ltr'>atque</span> <span class='ocrx_word' id='word_1_212' title='bbox 565 2239 748 2294; x_wconf 86' lang='lat' dir='ltr'>Postestatmu</span> <span class='ocrx_word' id='word_1_213' title='bbox 768 2239 1110 2305; x_wconf 86' lang='lat' dir='ltr'>distantias,detcrnorum</span> <span class='ocrx_word' id='word_1_214' title='bbox 1133 2240 1304 2311; x_wconf 79' lang='lat' dir='ltr'>iringnilicen·</span> 
     </span>
     <span class='ocr_line' id='line_1_24' title="bbox 131 2319 1304 2393; baseline 0.003 -21"><span class='ocrx_word' id='word_1_215' title='bbox 131 2319 193 2384; x_wconf 88' lang='lat' dir='ltr'>tias,</span> <span class='ocrx_word' id='word_1_216' title='bbox 224 2319 362 2375; x_wconf 83' lang='lat' dir='ltr'>Cherubin</span> <span class='ocrx_word' id='word_1_217' title='bbox 391 2328 418 2376; x_wconf 90' lang='lat' dir='ltr'>et</span> <span class='ocrx_word' id='word_1_218' title='bbox 440 2321 574 2393; x_wconf 77' lang='lat' dir='ltr'>Seraphin</span> <span class='ocrx_word' id='word_1_219' title='bbox 605 2320 793 2387; x_wconf 82' lang='lat' dir='ltr'>excellentias,</span> <span class='ocrx_word' id='word_1_220' title='bbox 825 2321 942 2392; x_wconf 84' lang='lat' dir='ltr'>Spiritus</span> <span class='ocrx_word' id='word_1_221' title='bbox 965 2319 1171 2387; x_wconf 87' lang='lat' dir='ltr'>sublimitatem,</span> <span class='ocrx_word' id='word_1_222' title='bbox 1200 2322 1304 2376; x_wconf 73' lang='lat' dir='ltr'>betiriini</span> 
     </span>
     <span class='ocr_line' id='line_1_25' title="bbox 131 2396 1302 2477; baseline 0.001 -22"><span class='ocrx_word' id='word_1_223' title='bbox 131 2418 250 2474; x_wconf 77' lang='lat' dir='ltr'>regnum,</span> <span class='ocrx_word' id='word_1_224' title='bbox 273 2411 300 2457; x_wconf 91' lang='lat' dir='ltr'>et</span> <span class='ocrx_word' id='word_1_225' title='bbox 317 2403 483 2477; x_wconf 88' lang='lat' dir='ltr'>superhaec</span> <span class='ocrx_word' id='word_1_226' title='bbox 500 2405 588 2459; x_wconf 92' lang='lat' dir='ltr'>omnia</span> <span class='ocrx_word' id='word_1_227' title='bbox 605 2396 809 2477; x_wconf 75' lang='lat' dir='ltr'>itiniiipotentis¹</span> <span class='ocrx_word' id='word_1_228' title='bbox 824 2403 868 2456; x_wconf 85' lang='lat' dir='ltr'>llei</span> <span class='ocrx_word' id='word_1_229' title='bbox 892 2401 1188 2473; x_wconf 84' lang='lat' dir='ltr'>incomparabilitatoni.</span> <span class='ocrx_word' id='word_1_230' title='bbox 1233 2403 1302 2457; x_wconf 89' lang='lat' dir='ltr'>llaec</span> 
     </span>
     <span class='ocr_line' id='line_1_26' title="bbox 131 2476 1303 2559; baseline -0.001 -21"><span class='ocrx_word' id='word_1_231' title='bbox 131 2484 210 2556; x_wconf 76' lang='lat' dir='ltr'>igitur</span> <span class='ocrx_word' id='word_1_232' title='bbox 232 2502 283 2559; x_wconf 79' lang='lat' dir='ltr'>ego</span> <span class='ocrx_word' id='word_1_233' title='bbox 306 2503 493 2559; x_wconf 82' lang='lat' dir='ltr'>cognoscens,</span> <span class='ocrx_word' id='word_1_234' title='bbox 517 2504 570 2542; x_wconf 84' lang='lat' dir='ltr'>tren</span> <span class='ocrx_word' id='word_1_235' title='bbox 594 2489 704 2543; x_wconf 88' lang='lat' dir='ltr'>omnino</span> <span class='ocrx_word' id='word_1_236' title='bbox 728 2476 879 2559; x_wconf 67' lang='lat' dir='ltr'>perlectns²</span> <span class='ocrx_word' id='word_1_237' title='bbox 904 2500 972 2549; x_wconf 84' lang='lat' dir='ltr'>sinii,</span> <span class='ocrx_word' id='word_1_238' title='bbox 995 2491 1040 2537; x_wconf 91' lang='lat' dir='ltr'>aut</span> <span class='ocrx_word' id='word_1_239' title='bbox 1068 2482 1217 2554; x_wconf 82' lang='lat' dir='ltr'>discipulus</span> <span class='ocrx_word' id='word_1_240' title='bbox 1241 2500 1303 2539; x_wconf 87' lang='lat' dir='ltr'>esse</span> 
     </span>
     <span class='ocr_line' id='line_1_27' title="bbox 131 2558 1302 2641; baseline -0.001 -21"><span class='ocrx_word' id='word_1_241' title='bbox 131 2584 240 2639; x_wconf 87' lang='lat' dir='ltr'>possum</span> <span class='ocrx_word' id='word_1_242' title='bbox 271 2569 359 2641; x_wconf 83' lang='lat' dir='ltr'>qiialis</span> <span class='ocrx_word' id='word_1_243' title='bbox 382 2569 479 2625; x_wconf 91' lang='lat' dir='ltr'>Paulus</span> <span class='ocrx_word' id='word_1_244' title='bbox 501 2578 546 2626; x_wconf 92' lang='lat' dir='ltr'>ant</span> <span class='ocrx_word' id='word_1_245' title='bbox 567 2572 672 2626; x_wconf 86' lang='lat' dir='ltr'>Petrus.</span> <span class='ocrx_word' id='word_1_246' title='bbox 717 2568 826 2624; x_wconf 80' lang='lat' dir='ltr'>llulturn</span> <span class='ocrx_word' id='word_1_247' title='bbox 850 2567 921 2623; x_wconf 91' lang='lat' dir='ltr'>enim</span> <span class='ocrx_word' id='word_1_248' title='bbox 945 2558 1023 2620; x_wconf 76' lang='lat' dir='ltr'>mihi³</span> <span class='ocrx_word' id='word_1_249' title='bbox 1045 2573 1138 2631; x_wconf 90' lang='lat' dir='ltr'>restat,</span> <span class='ocrx_word' id='word_1_250' title='bbox 1160 2581 1195 2619; x_wconf 91' lang='lat' dir='ltr'>ue</span> <span class='ocrx_word' id='word_1_251' title='bbox 1219 2565 1302 2620; x_wconf 81' lang='lat' dir='ltr'>alteo</span> 
     </span>
     <span class='ocr_line' id='line_1_28' title="bbox 131 2648 313 2725; baseline 0.016 -21"><span class='ocrx_word' id='word_1_252' title='bbox 131 2648 313 2725; x_wconf 85' lang='lat' dir='ltr'>derelinquar.</span> 
     </span>
    </p>
   </div>
   <div class='ocr_carea' id='block_1_5' title="bbox 128 2789 1303 3373">
    <p class='ocr_par' dir='ltr' id='par_1_5' title="bbox 128 2789 1303 3373">
     <span class='ocr_line' id='line_1_29' title="bbox 208 2789 1302 2875; baseline 0 -21"><span class='ocrx_word' id='word_1_253' title='bbox 208 2800 250 2857; x_wconf 86' lang='lat' dir='ltr'>Vl.</span> <span class='ocrx_word' id='word_1_254' title='bbox 293 2801 369 2875; x_wconf 81' lang='lat' dir='ltr'>Rogo</span> <span class='ocrx_word' id='word_1_255' title='bbox 392 2810 481 2859; x_wconf 90' lang='lat' dir='ltr'>antem</span> <span class='ocrx_word' id='word_1_256' title='bbox 503 2821 566 2870; x_wconf 90' lang='lat' dir='ltr'>vos,</span> <span class='ocrx_word' id='word_1_257' title='bbox 589 2819 643 2858; x_wconf 93' lang='lat' dir='ltr'>non</span> <span class='ocrx_word' id='word_1_258' title='bbox 668 2817 735 2874; x_wconf 78' lang='lat' dir='ltr'>ego,</span> <span class='ocrx_word' id='word_1_259' title='bbox 758 2798 807 2854; x_wconf 89' lang='lat' dir='ltr'>sed</span> <span class='ocrx_word' id='word_1_260' title='bbox 831 2797 941 2855; x_wconf 89' lang='lat' dir='ltr'>dilectio</span> <span class='ocrx_word' id='word_1_261' title='bbox 963 2799 1025 2856; x_wconf 88' lang='lat' dir='ltr'>lesu</span> <span class='ocrx_word' id='word_1_262' title='bbox 1045 2797 1146 2854; x_wconf 90' lang='lat' dir='ltr'>Christi</span> <span class='ocrx_word' id='word_1_263' title='bbox 1155 2789 1172 2864; x_wconf 90' lang='lat'>‚¹</span> <span class='ocrx_word' id='word_1_264' title='bbox 1195 2805 1224 2853; x_wconf 95' lang='lat' dir='ltr'>ut</span> <span class='ocrx_word' id='word_1_265' title='bbox 1253 2798 1302 2855; x_wconf 92' lang='lat' dir='ltr'>idi·</span> 
     </span>
     <span class='ocr_line' id='line_1_30' title="bbox 129 2874 1302 2956; baseline -0.001 -17"><span class='ocrx_word' id='word_1_266' title='bbox 129 2901 206 2956; x_wconf 90' lang='lat' dir='ltr'>psum</span> <span class='ocrx_word' id='word_1_267' title='bbox 225 2884 321 2940; x_wconf 88' lang='lat' dir='ltr'>dicatis</span> <span class='ocrx_word' id='word_1_268' title='bbox 336 2901 439 2952; x_wconf 87' lang='lat' dir='ltr'>omues,</span> <span class='ocrx_word' id='word_1_269' title='bbox 457 2894 483 2940; x_wconf 92' lang='lat' dir='ltr'>et</span> <span class='ocrx_word' id='word_1_270' title='bbox 504 2903 558 2941; x_wconf 90' lang='lat' dir='ltr'>non</span> <span class='ocrx_word' id='word_1_271' title='bbox 582 2887 635 2941; x_wconf 89' lang='lat' dir='ltr'>sint</span> <span class='ocrx_word' id='word_1_272' title='bbox 658 2886 684 2940; x_wconf 93' lang='lat' dir='ltr'>iu</span> <span class='ocrx_word' id='word_1_273' title='bbox 707 2883 783 2939; x_wconf 91' lang='lat' dir='ltr'>vobis</span> <span class='ocrx_word' id='word_1_274' title='bbox 805 2874 980 2951; x_wconf 68' lang='lat' dir='ltr'>schismata;²</span> <span class='ocrx_word' id='word_1_275' title='bbox 1004 2882 1061 2939; x_wconf 88' lang='lat' dir='ltr'>sitis</span> <span class='ocrx_word' id='word_1_276' title='bbox 1075 2891 1165 2938; x_wconf 89' lang='lat' dir='ltr'>autem</span> <span class='ocrx_word' id='word_1_277' title='bbox 1188 2882 1302 2955; x_wconf 87' lang='lat' dir='ltr'>perlecti</span> 
     </span>
     <span class='ocr_line' id='line_1_31' title="bbox 129 2957 1303 3039; baseline -0.001 -18"><span class='ocrx_word' id='word_1_278' title='bbox 129 2967 154 3021; x_wconf 94' lang='lat' dir='ltr'>in</span> <span class='ocrx_word' id='word_1_279' title='bbox 177 2967 275 3023; x_wconf 87' lang='lat' dir='ltr'>codem</span> <span class='ocrx_word' id='word_1_280' title='bbox 297 2985 388 3034; x_wconf 87' lang='lat' dir='ltr'>sensu,</span> <span class='ocrx_word' id='word_1_281' title='bbox 412 2977 439 3024; x_wconf 91' lang='lat' dir='ltr'>et</span> <span class='ocrx_word' id='word_1_282' title='bbox 461 2970 487 3023; x_wconf 92' lang='lat' dir='ltr'>iu</span> <span class='ocrx_word' id='word_1_283' title='bbox 510 2969 604 3025; x_wconf 90' lang='lat' dir='ltr'>eadem</span> <span class='ocrx_word' id='word_1_284' title='bbox 627 2957 759 3024; x_wconf 81' lang='lat' dir='ltr'>seientia³</span> <span class='ocrx_word' id='word_1_285' title='bbox 802 2966 870 3021; x_wconf 87' lang='lat' dir='ltr'>Sunt</span> <span class='ocrx_word' id='word_1_286' title='bbox 891 2967 964 3022; x_wconf 93' lang='lat' dir='ltr'>enim</span> <span class='ocrx_word' id='word_1_287' title='bbox 987 2967 1095 3039; x_wconf 88' lang='lat' dir='ltr'>quidam</span> <span class='ocrx_word' id='word_1_288' title='bbox 1118 2964 1253 3036; x_wconf 79' lang='lat' dir='ltr'>vaniloqui</span> <span class='ocrx_word' id='word_1_289' title='bbox 1276 2974 1303 3020; x_wconf 90' lang='lat' dir='ltr'>et</span> 
     </span>
     <span class='ocr_line' id='line_1_32' title="bbox 128 3047 1301 3118; baseline -0.003 -13"><span class='ocrx_word' id='word_1_290' title='bbox 128 3050 224 3105; x_wconf 87' lang='lat' dir='ltr'>mentis</span> <span class='ocrx_word' id='word_1_291' title='bbox 246 3051 424 3118; x_wconf 88' lang='lat' dir='ltr'>seductores,</span> <span class='ocrx_word' id='word_1_292' title='bbox 447 3069 501 3107; x_wconf 91' lang='lat' dir='ltr'>non</span> <span class='ocrx_word' id='word_1_293' title='bbox 524 3052 685 3118; x_wconf 78' lang='lat' dir='ltr'>Christiani,</span> <span class='ocrx_word' id='word_1_294' title='bbox 707 3049 756 3105; x_wconf 89' lang='lat' dir='ltr'>sed</span> <span class='ocrx_word' id='word_1_295' title='bbox 779 3048 916 3105; x_wconf 79' lang='lat' dir='ltr'>Christum</span> <span class='ocrx_word' id='word_1_296' title='bbox 937 3059 1108 3113; x_wconf 88' lang='lat' dir='ltr'>mercantes,</span> <span class='ocrx_word' id='word_1_297' title='bbox 1140 3047 1301 3102; x_wconf 89' lang='lat' dir='ltr'>seductione</span> 
     </span>
     <span class='ocr_line' id='line_1_33' title="bbox 131 3130 1301 3205; baseline -0.003 -18"><span class='ocrx_word' id='word_1_298' title='bbox 131 3133 353 3190; x_wconf 83' lang='lat' dir='ltr'>circumierentes</span> <span class='ocrx_word' id='word_1_299' title='bbox 375 3150 473 3189; x_wconf 91' lang='lat' dir='ltr'>nomen</span> <span class='ocrx_word' id='word_1_300' title='bbox 497 3134 604 3203; x_wconf 76' lang='lat' dir='ltr'>illinisti,</span> <span class='ocrx_word' id='word_1_301' title='bbox 628 3142 654 3190; x_wconf 90' lang='lat' dir='ltr'>et</span> <span class='ocrx_word' id='word_1_302' title='bbox 676 3138 858 3205; x_wconf 86' lang='lat' dir='ltr'>caiiponantes</span> <span class='ocrx_word' id='word_1_303' title='bbox 882 3130 993 3188; x_wconf 88' lang='lat' dir='ltr'>verbum</span> <span class='ocrx_word' id='word_1_304' title='bbox 1007 3131 1152 3205; x_wconf 76' lang='lat' dir='ltr'>Crarigelii,</span> <span class='ocrx_word' id='word_1_305' title='bbox 1175 3138 1202 3185; x_wconf 93' lang='lat' dir='ltr'>et</span> <span class='ocrx_word' id='word_1_306' title='bbox 1224 3146 1301 3184; x_wconf 80' lang='lat' dir='ltr'>reue·</span> 
     </span>
     <span class='ocr_line' id='line_1_34' title="bbox 130 3213 1301 3281; baseline -0.002 -11"><span class='ocrx_word' id='word_1_307' title='bbox 130 3231 192 3271; x_wconf 92' lang='lat' dir='ltr'>uum</span> <span class='ocrx_word' id='word_1_308' title='bbox 214 3218 317 3273; x_wconf 90' lang='lat' dir='ltr'>erroris</span> <span class='ocrx_word' id='word_1_309' title='bbox 341 3218 546 3274; x_wconf 85' lang='lat' dir='ltr'>commiscentes</span> <span class='ocrx_word' id='word_1_310' title='bbox 571 3217 644 3273; x_wconf 94' lang='lat' dir='ltr'>dulci</span> <span class='ocrx_word' id='word_1_311' title='bbox 671 3214 870 3281; x_wconf 90' lang='lat' dir='ltr'>blandimento,</span> <span class='ocrx_word' id='word_1_312' title='bbox 899 3215 970 3270; x_wconf 90' lang='lat' dir='ltr'>sicut</span> <span class='ocrx_word' id='word_1_313' title='bbox 998 3213 1142 3271; x_wconf 91' lang='lat' dir='ltr'>oenomelli</span> <span class='ocrx_word' id='word_1_314' title='bbox 1162 3214 1234 3268; x_wconf 87' lang='lat' dir='ltr'>virus</span> <span class='ocrx_word' id='word_1_315' title='bbox 1257 3213 1301 3268; x_wconf 92' lang='lat' dir='ltr'>ad·</span> 
     </span>
     <span class='ocr_line' id='line_1_35' title="bbox 130 3296 1300 3373; baseline 0 -21"><span class='ocrx_word' id='word_1_316' title='bbox 130 3299 281 3367; x_wconf 88' lang='lat' dir='ltr'>miscentes,</span> <span class='ocrx_word' id='word_1_317' title='bbox 306 3308 334 3354; x_wconf 91' lang='lat' dir='ltr'>ut</span> <span class='ocrx_word' id='word_1_318' title='bbox 356 3301 402 3373; x_wconf 86' lang='lat' dir='ltr'>qui</span> <span class='ocrx_word' id='word_1_319' title='bbox 425 3299 526 3356; x_wconf 91' lang='lat' dir='ltr'>biberit</span> <span class='ocrx_word' id='word_1_320' title='bbox 547 3300 618 3356; x_wconf 91' lang='lat' dir='ltr'>illius</span> <span class='ocrx_word' id='word_1_321' title='bbox 640 3306 721 3372; x_wconf 89' lang='lat' dir='ltr'>potus</span> <span class='ocrx_word' id='word_1_322' title='bbox 742 3296 902 3370; x_wconf 75' lang='lat' dir='ltr'>gestabilem</span> <span class='ocrx_word' id='word_1_323' title='bbox 931 3313 1056 3365; x_wconf 91' lang='lat' dir='ltr'>sensum,</span> <span class='ocrx_word' id='word_1_324' title='bbox 1086 3296 1228 3353; x_wconf 85' lang='lat' dir='ltr'>dulcedine</span> <span class='ocrx_word' id='word_1_325' title='bbox 1260 3314 1300 3352; x_wconf 88' lang='lat' dir='ltr'>ca·</span> 
     </span>
    </p>
   </div>
   <div class='ocr_carea' id='block_1_6' title="bbox 132 3408 337 3417">
    <p class='ocr_par' dir='ltr' id='par_1_6' title="bbox 132 3408 337 3417">
     <span class='ocr_line' id='line_1_36' title="bbox 132 3408 337 3417; baseline 0.005 -3"><span class='ocrx_word' id='word_1_326' title='bbox 132 3408 189 3415; x_wconf 66' lang='lat'>—.-</span> <span class='ocrx_word' id='word_1_327' title='bbox 207 3410 337 3417; x_wconf 69' lang='lat'>.--—-—-</span> 
     </span>
    </p>
   </div>
   <div class='ocr_carea' id='block_1_7' title="bbox 130 3455 1257 3787">
    <p class='ocr_par' dir='ltr' id='par_1_7' title="bbox 130 3455 939 3528">
     <span class='ocr_line' id='line_1_37' title="bbox 130 3455 939 3528; baseline -0.002 -21"><span class='ocrx_word' id='word_1_328' title='bbox 130 3459 211 3508; x_wconf 77' lang='grc' dir='ltr'><em>τοῦτο</em></span> <span class='ocrx_word' id='word_1_329' title='bbox 228 3460 273 3508; x_wconf 75' lang='grc' dir='ltr'>καὶ</span> <span class='ocrx_word' id='word_1_330' title='bbox 288 3456 419 3526; x_wconf 76' lang='grc' dir='ltr'><em>μαθητὴς</em></span> <span class='ocrx_word' id='word_1_331' title='bbox 436 3461 494 3528; x_wconf 73' lang='grc' dir='ltr'>εἶμι</span> <span class='ocrx_word' id='word_1_332' title='bbox 509 3459 568 3508; x_wconf 82' lang='lat' dir='ltr'>hed.</span> <span class='ocrx_word' id='word_1_333' title='bbox 592 3459 619 3506; x_wconf 91' lang='lat' dir='ltr'>ln</span> <span class='ocrx_word' id='word_1_334' title='bbox 629 3458 644 3505; x_wconf 85' lang='lat' dir='ltr'>F</span> <span class='ocrx_word' id='word_1_335' title='bbox 654 3461 672 3503; x_wconf 89' lang='lat' dir='ltr'>ll</span> <span class='ocrx_word' id='word_1_336' title='bbox 682 3457 698 3503; x_wconf 85' lang='lat' dir='ltr'>V</span> <span class='ocrx_word' id='word_1_337' title='bbox 786 3455 811 3519; x_wconf 78' lang='lat'>2)</span> <span class='ocrx_word' id='word_1_338' title='bbox 830 3457 863 3503; x_wconf 86' lang='lat' dir='ltr'>hii</span> <span class='ocrx_word' id='word_1_339' title='bbox 883 3457 939 3518; x_wconf 76' lang='lat' dir='ltr'>lleg.</span> 
     </span>
    </p>

    <p class='ocr_par' dir='ltr' id='par_1_8' title="bbox 131 3522 1257 3787">
     <span class='ocr_line' id='line_1_38' title="bbox 131 3522 990 3593; baseline -0.002 -21"><span class='ocrx_word' id='word_1_340' title='bbox 131 3539 195 3574; x_wconf 83' lang='lat' dir='ltr'>tuce.</span> <span class='ocrx_word' id='word_1_341' title='bbox 214 3528 381 3588; x_wconf 83' lang='lat' dir='ltr'>transpositio:</span> <span class='ocrx_word' id='word_1_342' title='bbox 402 3528 503 3593; x_wconf 76' lang='grc' dir='ltr'><em>πέτρος</em></span> <span class='ocrx_word' id='word_1_343' title='bbox 520 3527 566 3575; x_wconf 80' lang='grc' dir='ltr'>καὶ</span> <span class='ocrx_word' id='word_1_344' title='bbox 586 3524 698 3580; x_wconf 73' lang='lat' dir='ltr'>metulae.</span> <span class='ocrx_word' id='word_1_345' title='bbox 784 3522 811 3583; x_wconf 83' lang='grc'>3)</span> <span class='ocrx_word' id='word_1_346' title='bbox 831 3525 922 3585; x_wconf 80' lang='lat' dir='ltr'>iptidcnr</span> <span class='ocrx_word' id='word_1_347' title='bbox 941 3523 990 3571; x_wconf 81' lang='lat' dir='ltr'>l’al.</span> 
     </span>
     <span class='ocr_line' id='line_1_39' title="bbox 183 3589 1214 3659; baseline -0.002 -17"><span class='ocrx_word' id='word_1_348' title='bbox 183 3593 224 3655; x_wconf 87' lang='grc'>10)</span> <span class='ocrx_word' id='word_1_349' title='bbox 243 3591 312 3659; x_wconf 80' lang='grc' dir='ltr'><em>ἡμῖν</em></span> <span class='ocrx_word' id='word_1_350' title='bbox 331 3595 390 3644; x_wconf 78' lang='lat' dir='ltr'>bled.</span> <span class='ocrx_word' id='word_1_351' title='bbox 785 3589 812 3651; x_wconf 79' lang='lat' dir='ltr'>l)</span> <span class='ocrx_word' id='word_1_352' title='bbox 831 3591 864 3638; x_wconf 86' lang='lat' dir='ltr'>lla</span> <span class='ocrx_word' id='word_1_353' title='bbox 884 3605 911 3638; x_wconf 61' lang='lat' dir='ltr'>its</span> <span class='ocrx_word' id='word_1_354' title='bbox 933 3591 990 3649; x_wconf 86' lang='lat' dir='ltr'>l¹ul.,</span> <span class='ocrx_word' id='word_1_355' title='bbox 1009 3604 1060 3638; x_wconf 87' lang='lat' dir='ltr'>snm</span> <span class='ocrx_word' id='word_1_356' title='bbox 1078 3589 1134 3651; x_wconf 82' lang='lat' dir='ltr'>lleg.</span> <span class='ocrx_word' id='word_1_357' title='bbox 1151 3590 1214 3650; x_wconf 67' lang='lat' dir='ltr'>virle.</span> 
     </span>
     <span class='ocr_line' id='line_1_40' title="bbox 184 3658 976 3727; baseline -0.006 -17"><span class='ocrx_word' id='word_1_358' title='bbox 184 3661 240 3723; x_wconf 86' lang='lat' dir='ltr'>Cap.</span> <span class='ocrx_word' id='word_1_359' title='bbox 250 3663 286 3710; x_wconf 83' lang='lat' dir='ltr'>Vl.</span> <span class='ocrx_word' id='word_1_360' title='bbox 312 3663 335 3722; x_wconf 88' lang='grc'>1)</span> <span class='ocrx_word' id='word_1_361' title='bbox 349 3662 442 3727; x_wconf 72' lang='grc' dir='ltr'>λέγετε</span> <span class='ocrx_word' id='word_1_362' title='bbox 455 3666 474 3709; x_wconf 82' lang='lat' dir='ltr'>tt</span> <span class='ocrx_word' id='word_1_363' title='bbox 484 3663 508 3720; x_wconf 85' lang='lat' dir='ltr'>ll,</span> <span class='ocrx_word' id='word_1_364' title='bbox 526 3661 576 3710; x_wconf 90' lang='lat' dir='ltr'>illic</span> <span class='ocrx_word' id='word_1_365' title='bbox 590 3678 604 3722; x_wconf 81' lang='grc' dir='ltr'><em>η</em></span> <span class='ocrx_word' id='word_1_366' title='bbox 617 3674 697 3722; x_wconf 87' lang='lat' dir='ltr'>supra.</span> <span class='ocrx_word' id='word_1_367' title='bbox 784 3658 811 3718; x_wconf 79' lang='lat'>5)</span> <span class='ocrx_word' id='word_1_368' title='bbox 829 3659 903 3705; x_wconf 73' lang='lat' dir='ltr'>zelum</span> <span class='ocrx_word' id='word_1_369' title='bbox 920 3658 976 3717; x_wconf 78' lang='lat' dir='ltr'>lleg.</span> 
     </span>
     <span class='ocr_line' id='line_1_41' title="bbox 181 3722 1257 3787; baseline -0.005 -11"><span class='ocrx_word' id='word_1_370' title='bbox 181 3727 208 3787; x_wconf 80' lang='lat'>2)</span> <span class='ocrx_word' id='word_1_371' title='bbox 227 3732 276 3778; x_wconf 75' lang='grc' dir='ltr'>τοῦ</span> <span class='ocrx_word' id='word_1_372' title='bbox 297 3745 343 3778; x_wconf 87' lang='lat' dir='ltr'>oni.</span> <span class='ocrx_word' id='word_1_373' title='bbox 363 3730 408 3776; x_wconf 80' lang='lat' dir='ltr'>ltl&#39;</span> <span class='ocrx_word' id='word_1_374' title='bbox 421 3730 476 3778; x_wconf 82' lang='lat' dir='ltr'>ht&#39;.</span> <span class='ocrx_word' id='word_1_375' title='bbox 782 3722 809 3786; x_wconf 79' lang='lat' dir='ltr'>a)</span> <span class='ocrx_word' id='word_1_376' title='bbox 826 3727 934 3787; x_wconf 83' lang='lat' dir='ltr'>princeps</span> <span class='ocrx_word' id='word_1_377' title='bbox 956 3726 1027 3773; x_wconf 81' lang='lat' dir='ltr'>seculi</span> <span class='ocrx_word' id='word_1_378' title='bbox 1046 3726 1114 3773; x_wconf 82' lang='lat' dir='ltr'>liuius</span> <span class='ocrx_word' id='word_1_379' title='bbox 1134 3725 1182 3773; x_wconf 86' lang='lat' dir='ltr'>l‘al.</span> <span class='ocrx_word' id='word_1_380' title='bbox 1201 3725 1257 3782; x_wconf 70' lang='lat' dir='ltr'>lieu.</span> 
     </span>
    </p>
   </div>
   <div class='ocr_carea' id='block_1_8' title="bbox 181 3796 1300 4090">
    <p class='ocr_par' dir='ltr' id='par_1_9' title="bbox 181 3796 1300 4090">
     <span class='ocr_line' id='line_1_42' title="bbox 181 3796 1300 3912; baseline 0.005 -48"><span class='ocrx_word' id='word_1_381' title='bbox 181 3796 207 3912; x_wconf 62' lang='lat' dir='ltr'>{l</span> <span class='ocrx_word' id='word_1_382' title='bbox 226 3796 272 3911; x_wconf 47' lang='lat'>5¹¹5</span> <span class='ocrx_word' id='word_1_383' title='bbox 290 3797 335 3911; x_wconf 55' lang='lat' dir='ltr'><em>&#39;‘l‘a</em></span> <span class='ocrx_word' id='word_1_384' title='bbox 347 3797 402 3911; x_wconf 56' lang='lat' dir='ltr'>(w</span> <span class='ocrx_word' id='word_1_385' title='bbox 413 3796 437 3843; x_wconf 66' lang='lat' dir='ltr'>v·</span> <span class='ocrx_word' id='word_1_386' title='bbox 747 3895 751 3901; x_wconf 30' lang='grc' dir='ltr'>Ι</span> <span class='ocrx_word' id='word_1_387' title='bbox 781 3824 839 3886; x_wconf 86' lang='lat' dir='ltr'>Cap.</span> <span class='ocrx_word' id='word_1_388' title='bbox 859 3824 884 3872; x_wconf 85' lang='lat' dir='ltr'>V.</span> <span class='ocrx_word' id='word_1_389' title='bbox 921 3825 945 3887; x_wconf 90' lang='lat' dir='ltr'>l)</span> <span class='ocrx_word' id='word_1_390' title='bbox 967 3825 1007 3874; x_wconf 88' lang='lat' dir='ltr'>Sic</span> <span class='ocrx_word' id='word_1_391' title='bbox 1025 3841 1051 3875; x_wconf 82' lang='lat' dir='ltr'>er</span> <span class='ocrx_word' id='word_1_392' title='bbox 1063 3825 1144 3888; x_wconf 81' lang='lat' dir='ltr'>Pulp.</span> <span class='ocrx_word' id='word_1_393' title='bbox 1156 3827 1300 3875; x_wconf 86' lang='lat' dir='ltr'>ouruiteoeu-</span> 
     </span>
     <span class='ocr_line' id='line_1_43' title="bbox 182 3958 1142 4090; baseline 0.005 -21"><span class='ocrx_word' id='word_1_394' title='bbox 182 3998 208 4063; x_wconf 72' lang='grc'>6)</span> <span class='ocrx_word' id='word_1_395' title='bbox 226 3992 398 4065; x_wconf 55' lang='grc' dir='ltr'><em>γλυκυτάτου</em></span> <span class='ocrx_word' id='word_1_396' title='bbox 416 3997 441 4045; x_wconf 64' lang='grc' dir='ltr'>Β·</span> <span class='ocrx_word' id='word_1_397' title='bbox 781 3958 811 4090; x_wconf 58' lang='grc' dir='ltr'>ἔξ)</span> <span class='ocrx_word' id='word_1_398' title='bbox 827 3961 1074 4077; x_wconf 46' lang='lat' dir='ltr'>rldrtdlbldubribdss&#39;etiint</span> <span class='ocrx_word' id='word_1_399' title='bbox 1093 4027 1142 4076; x_wconf 79' lang='lat' dir='ltr'>l‘al.</span> 
     </span>
    </p>
   </div>
   <div class='ocr_carea' id='block_1_9' title="bbox 132 4123 1299 4323">
    <p class='ocr_par' dir='ltr' id='par_1_10' title="bbox 132 4123 1299 4323">
     <span class='ocr_line' id='line_1_44' title="bbox 183 4123 1297 4194; baseline -0.008 -14"><span class='ocrx_word' id='word_1_400' title='bbox 183 4132 211 4194; x_wconf 82' lang='lat' dir='ltr'>l)</span> <span class='ocrx_word' id='word_1_401' title='bbox 229 4133 302 4181; x_wconf 79' lang='lat' dir='ltr'>electe</span> <span class='ocrx_word' id='word_1_402' title='bbox 323 4134 419 4181; x_wconf 73' lang='lat' dir='ltr'>ecclesio</span> <span class='ocrx_word' id='word_1_403' title='bbox 437 4131 570 4193; x_wconf 76' lang='lat' dir='ltr'>transponit</span> <span class='ocrx_word' id='word_1_404' title='bbox 592 4131 646 4187; x_wconf 70' lang='lat' dir='ltr'>llere.</span> <span class='ocrx_word' id='word_1_405' title='bbox 783 4129 840 4190; x_wconf 80' lang='lat' dir='ltr'>Cap.</span> <span class='ocrx_word' id='word_1_406' title='bbox 859 4128 894 4176; x_wconf 81' lang='lat' dir='ltr'>l&#39;l.</span> <span class='ocrx_word' id='word_1_407' title='bbox 931 4125 955 4187; x_wconf 85' lang='lat' dir='ltr'>l)</span> <span class='ocrx_word' id='word_1_408' title='bbox 974 4128 1006 4175; x_wconf 91' lang='lat' dir='ltr'>lta</span> <span class='ocrx_word' id='word_1_409' title='bbox 1027 4127 1075 4175; x_wconf 79' lang='lat' dir='ltr'>Pul.</span> <span class='ocrx_word' id='word_1_410' title='bbox 1087 4127 1142 4184; x_wconf 76' lang='lat' dir='ltr'>llep.</span> <span class='ocrx_word' id='word_1_411' title='bbox 1161 4124 1197 4171; x_wconf 92' lang='lat' dir='ltr'>ed.</span> <span class='ocrx_word' id='word_1_412' title='bbox 1212 4123 1297 4171; x_wconf 84' lang='lat' dir='ltr'>Veneta</span> 
     </span>
     <span class='ocr_line' id='line_1_45' title="bbox 181 4190 1299 4262; baseline -0.009 -15"><span class='ocrx_word' id='word_1_413' title='bbox 181 4200 210 4260; x_wconf 81' lang='grc'>5)</span> <span class='ocrx_word' id='word_1_414' title='bbox 233 4215 307 4262; x_wconf 74' lang='lat' dir='ltr'>impare</span> <span class='ocrx_word' id='word_1_415' title='bbox 336 4202 483 4261; x_wconf 76' lang='lat' dir='ltr'>eotiprcyutio</span> <span class='ocrx_word' id='word_1_416' title='bbox 517 4206 598 4246; x_wconf 81' lang='lat' dir='ltr'>scitoto</span> <span class='ocrx_word' id='word_1_417' title='bbox 626 4213 697 4261; x_wconf 70' lang='lat' dir='ltr'>rupen*</span> <span class='ocrx_word' id='word_1_418' title='bbox 735 4198 798 4249; x_wconf 71' lang='lat' dir='ltr'>tara</span> <span class='ocrx_word' id='word_1_419' title='bbox 820 4203 919 4246; x_wconf 78' lang='lat' dir='ltr'>ctcstu</span> <span class='ocrx_word' id='word_1_420' title='bbox 938 4209 980 4255; x_wconf 70' lang='lat' dir='ltr'>gr,</span> <span class='ocrx_word' id='word_1_421' title='bbox 1002 4190 1299 4242; x_wconf 75' lang='lat' dir='ltr'>t&#39;ltristilesuCurretouus</span> 
     </span>
     <span class='ocr_line' id='line_1_46' title="bbox 132 4263 834 4323; baseline -0.004 -10"><span class='ocrx_word' id='word_1_422' title='bbox 132 4267 235 4315; x_wconf 80' lang='lat' dir='ltr'>collectio</span> <span class='ocrx_word' id='word_1_423' title='bbox 255 4272 384 4315; x_wconf 80' lang='lat' dir='ltr'>cunctorum</span> <span class='ocrx_word' id='word_1_424' title='bbox 404 4267 516 4315; x_wconf 86' lang='lat' dir='ltr'>ordinant</span> <span class='ocrx_word' id='word_1_425' title='bbox 529 4266 583 4312; x_wconf 79' lang='lat' dir='ltr'>l‘ul.</span> <span class='ocrx_word' id='word_1_426' title='bbox 603 4265 658 4323; x_wconf 69' lang='lat' dir='ltr'>neg.</span> <span class='ocrx_word' id='word_1_427' title='bbox 734 4285 753 4315; x_wconf 76' lang='lat' dir='ltr'>e.</span> <span class='ocrx_word' id='word_1_428' title='bbox 774 4263 834 4323; x_wconf 68' lang='lat' dir='ltr'>sidu.</span> 
     </span>
    </p>
   </div>
   <div class='ocr_carea' id='block_1_10' title="bbox 182 4328 1069 4466">
    <p class='ocr_par' dir='ltr' id='par_1_11' title="bbox 182 4328 1069 4466">
     <span class='ocr_line' id='line_1_47' title="bbox 182 4328 1069 4397; baseline -0.009 -17"><span class='ocrx_word' id='word_1_429' title='bbox 182 4335 210 4394; x_wconf 84' lang='lat' dir='ltr'>li)</span> <span class='ocrx_word' id='word_1_430' title='bbox 228 4337 373 4397; x_wconf 75' lang='lat' dir='ltr'>frequentius</span> <span class='ocrx_word' id='word_1_431' title='bbox 391 4335 489 4383; x_wconf 84' lang='lat' dir='ltr'>scribere</span> <span class='ocrx_word' id='word_1_432' title='bbox 508 4333 574 4381; x_wconf 81' lang='lat' dir='ltr'>vohis</span> <span class='ocrx_word' id='word_1_433' title='bbox 596 4332 651 4392; x_wconf 74' lang='lat' dir='ltr'>lleg.</span> <span class='ocrx_word' id='word_1_434' title='bbox 784 4332 809 4389; x_wconf 72' lang='lat'>2)</span> <span class='ocrx_word' id='word_1_435' title='bbox 829 4332 926 4378; x_wconf 74' lang='lat' dir='ltr'>seiuncta</span> <span class='ocrx_word' id='word_1_436' title='bbox 945 4328 993 4375; x_wconf 79' lang='lat' dir='ltr'>l‘ul.</span> <span class='ocrx_word' id='word_1_437' title='bbox 1014 4328 1069 4386; x_wconf 70' lang='lat' dir='ltr'>ltere.</span> 
     </span>
     <span class='ocr_line' id='line_1_48' title="bbox 183 4395 1012 4466; baseline -0.004 -19"><span class='ocrx_word' id='word_1_438' title='bbox 183 4400 240 4463; x_wconf 86' lang='lat' dir='ltr'>Cap.</span> <span class='ocrx_word' id='word_1_439' title='bbox 258 4401 294 4450; x_wconf 87' lang='lat' dir='ltr'>lll.</span> <span class='ocrx_word' id='word_1_440' title='bbox 331 4400 356 4466; x_wconf 83' lang='grc'>1)</span> <span class='ocrx_word' id='word_1_441' title='bbox 376 4400 453 4451; x_wconf 86' lang='lat' dir='ltr'>lCor.</span> <span class='ocrx_word' id='word_1_442' title='bbox 473 4401 495 4460; x_wconf 92' lang='lat' dir='ltr'>l,</span> <span class='ocrx_word' id='word_1_443' title='bbox 512 4400 553 4450; x_wconf 83' lang='lat' dir='ltr'>at.</span> <span class='ocrx_word' id='word_1_444' title='bbox 785 4397 811 4460; x_wconf 76' lang='grc'>3)</span> <span class='ocrx_word' id='word_1_445' title='bbox 827 4397 839 4445; x_wconf 87' lang='lat' dir='ltr'>l</span> <span class='ocrx_word' id='word_1_446' title='bbox 858 4395 913 4444; x_wconf 86' lang='lat' dir='ltr'>Cor.</span> <span class='ocrx_word' id='word_1_447' title='bbox 933 4396 954 4452; x_wconf 90' lang='lat' dir='ltr'>l,</span> <span class='ocrx_word' id='word_1_448' title='bbox 975 4397 1012 4445; x_wconf 86' lang='lat'>10.</span> 
     </span>
    </p>
   </div>
   <div class='ocr_carea' id='block_1_11' title="bbox 0 0 1448 4882">
    <p class='ocr_par' dir='ltr' id='par_1_12' title="bbox 0 0 1448 4882">
     <span class='ocr_line' id='line_1_49' title="bbox 0 0 1448 4882; baseline 0 1"><span class='ocrx_word' id='word_1_449' title='bbox 0 0 1448 4882; x_wconf 95' lang='lat' dir='ltr'> </span> 
     </span>
    </p>
   </div>
  </div>
 </body>
</html>
