2886 4882
291 241 428 301 tttttttmt
450 243 590 301 PASTOR.
634 242 730 300 LIBER
752 245 795 300 lll.
837 244 970 304 sttttttr.
992 249 1033 307 tn
1056 244 1098 321 (ll)
1219 250 1281 311 549

104 408 163 466 nee'
177 409 289 482 spiritus
312 409 344 463 ah
367 410 433 482 ipsis
456 409 628 479 hominibus,
651 427 740 485 neque
762 410 795 467 ala
819 411 960 485 spiritibus
982 413 1034 486 ipsi
1055 415 1178 473 homiues
1204 434 1278 476 rece·

103 493 209 560 dorent,
231 491 280 547 sed
303 501 510 565 perutauserunt
530 494 574 550 isti
597 494 708 567 spiritus
728 511 789 549 cum
806 492 859 549 illis
876 511 963 568 usque
980 496 1014 552 ad
1027 498 1146 569 quietem
1161 499 1277 558 illorum.

102 575 157 631 Nisi
180 584 267 631 autem
290 573 341 630 hos
363 575 475 648 spiritus
498 592 592 633 seeum
612 574 787 645 habuissent,
816 592 870 632 non
900 576 1015 634 luissent
1042 578 1115 652 digni
1144 581 1178 636 ad
1207 590 1276 641 stru·

104 666 207 713 cturam
231 658 310 713 liuius
334 657 425 713 turris.

184 801 221 875 (n)
244 804 306 860 lllll.
348 805 413 862 [lico
437 806 473 862 illi
502 808 613 864 iterum:
643 807 769 876 domine,
799 809 954 866 etiamnunc
979 809 1143 866 demonstra.
1186 810 1219 866 Et
1239 813 1276 869 ait

101 889 183 944 milri:
206 888 270 962 qnid
293 890 422 962 quaertst
444 890 477 945 m
499 890 612 946 dirici:
635 890 754 958 domine,
777 909 871 964 quare,
894 891 997 965 quide
1020 891 1156 965 profundo
1179 909 1273 950 ascen·

101 971 207 1039 derunt,
229 972 310 1045 positi
332 973 443 1028 suntin
466 981 631 1030 structuram
652 974 754 1030 turrisl
791 973 823 1030 Et
845 976 882 1030 ait
903 974 985 1031 mihi:
1021 973 1068 1048 qui
1095 975 1147 1031 iam
1169 976 1275 1048 pridem

99 1062 275 1126 portaverunt
297 1054 407 1127 spiritus
431 1056 513 1124 istos,
547 1056 609 1112 ideo
631 1072 745 1113 necesse
767 1055 903 1114 habehant
923 1074 973 1131 per
994 1073 1090 1131 aquam
1111 1058 1272 1129 ascendere,

100 1145 130 1192 ut
151 1136 261 1192 redivivi
283 1137 347 1191 siant
367 1144 395 1192 et
417 1137 593 1207 reviviscant3
626 1155 680 1194 uon
703 1147 831 1212 poterant
852 1141 922 1196 enim
946 1138 1026 1195 aliter
1040 1140 1067 1195 iu
1090 1157 1204 1214 regnum
1226 1141 1274 1199 llei
1308 1182 1312 1190 ·

99 1219 227 1287 introire,
250 1219 301 1274 uisi
323 1219 512 1277 mortalitatem
543 1222 646 1294 primae
675 1221 744 1277 uitae
772 1238 836 1278 suae
858 1223 1059 1296 deposuissent
1103 1224 1272 1297 deceperant

99 1319 165 1374 ergo
187 1309 215 1357 et
236 1303 294 1370 isti,
318 1305 364 1374 qui
388 1304 563 1375 quieverunt,
585 1306 690 1377 signum
712 1302 760 1359 lilii
783 1304 849 1372 llei,
872 1313 900 1361 et
921 1306 1088 1361 intraverunt
1108 1305 1136 1361 in
1157 1322 1272 1380 regnum

97 1385 154 1440 Ilei.
196 1386 344 1457 Antequam
368 1386 439 1440 enim
468 1393 558 1459 portet
587 1386 669 1442 homo
691 1402 790 1441 nomen
814 1385 860 1442 lilii
889 1387 952 1455 Dei,
981 1394 1105 1444 mortuus
1127 1396 1185 1455 est;
1209 1405 1271 1445 cum

97 1468 196 1539 accipit
233 1467 286 1523 hoc
316 1467 449 1541 sigillum,
482 1469 595 1542 deponit
622 1468 828 1536 mortalitatem,
852 1478 879 1525 et
900 1462 993 1525 sumit¹
1024 1471 1118 1539 vitam3
1150 1469 1272 1544 sigilium

97 1560 185 1607 antem
208 1566 276 1623 aqua
299 1559 349 1606 est.
394 1550 423 1605 ln
444 1543 555 1624 aquam²
576 1568 643 1624 ergo
666 1551 838 1608 descendunt
858 1553 965 1620 mortui,
987 1560 1014 1608 et
1036 1553 1086 1608 viri
1109 1553 1271 1611 ascendunt.

96 1633 160 1689 Nam
184 1640 212 1687 et
234 1631 285 1687 illis
307 1633 491 1706 praedicatum
513 1642 555 1690 est
575 1633 628 1690 hoe
651 1633 784 1707 sigillum3
815 1635 866 1708 ipsi
898 1651 1009 1708 quoqne
1037 1635 1079 1690 nsi
1110 1643 1174 1691 sunt
1202 1627 1270 1704 itto‚⁸

97 1723 126 1770 ut
147 1714 279 1771 iutrarent
307 1716 333 1770 in
357 1732 469 1787 regnum
498 1715 554 1772 oet.
596 1715 628 1772 ttt
649 1716 703 1772 diri
734 1715 788 1772 illi:
822 1716 946 1784 domine,
979 1734 1062 1791 quare
1094 1733 1160 1791 ergo
1183 1725 1211 1773 et
1231 1717 1271 1774 illi

97 1797 273 1870 quadraginta
293 1797 397 1871 lapides
420 1814 480 1854 cum
503 1790 569 1855 laon⁴
590 1798 679 1871 sigillo
702 1799 735 1855 de
749 1798 886 1872 profundo
909 1800 1042 1856 cumillis
1065 1800 1270 1857 ascenderuntl

95 1880 126 1936 llt
148 1881 185 1935 ait
206 1880 286 1935 milri:
309 1881 352 1936 isti
372 1888 436 1937 sunt
468 1881 584 1955 apostoli
607 1876 662 1951 [et]
684 1882 813 1938 doctores
845 1884 890 1955 qui
922 1882 1146 1956 praedicaverunt
1167 1898 1269 1940 nomeu

95 1961 141 2017 filii
164 1962 220 2029 Ilei,
242 1964 288 2035 qui
311 1963 510 2021 descendentes
537 1964 565 2020 in
593 1964 691 2020 virtute
724 1974 751 2020 et
783 1963 837 2022 lide
862 1963 910 2021 filii
932 1965 976 2021 llei
1007 1973 1035 2022 et
1053 1965 1086 2021 iis
1116 1966 1162 2038 qui
1190 1964 1267 2022 obie-

95 2053 155 2100 rant
176 2039 422 2119 praedieaverunt.⁶
464 2045 496 2125 Ε)
518 2047 571 2121 ipsi
600 2045 779 2120 quadraginta
809 2048 943 2105 dederunt
971 2047 1023 2104 illis
1055 2048 1108 2103 linc
1130 2038 1281 2121 sigillum!¹

95 2126 169 2183 Unde
192 2137 220 2183 et
242 2129 293 2201 ipsi
316 2129 433 2203 apostoli
455 2128 655 2186 descenderunt
676 2145 738 2184 eum
761 2129 812 2185 illis
835 2132 860 2185 iu
884 2123 992 2203 aquam*
1015 2130 1152 2186 etiterum
1175 2147 1270 2187 ascen·

93 2210 191 2267 derunt
212 2210 302 2267 soluti.
334 2210 388 2266 Viri
411 2210 621 2274 descenderunt,
644 2218 672 2266 et
692 2210 738 2281 qui
755 2210 861 2266 funerant
873 2220 935 2267 ante
949 2210 1077 2278 defuncti,
1093 2211 1175 2267 soluti
1191 2221 1270 2280 sunt;

92 2293 191 2349 mortui
214 2294 286 2347 onim
309 2291 519 2358 descenderunt,
541 2292 639 2346 etvini
662 2290 855 2347 ascenderunt.
899 2292 1013 2364 l‘ropter
1028 2291 1082 2346 hoo
1096 2293 1176 2347 vitam
1191 2308 1267 2349 reec-

92 2382 205 2449 perunt‚
228 2381 255 2428 et
276 2381 462 2445 cognoverunt
485 2388 583 2428 nomen
606 2370 653 2427 filii
676 2371 733 2429 llei.
776 2373 896 2445 ldeoqne
919 2381 1029 2428 etcum
1051 2373 1091 2428 eis
1113 2375 1140 2429 in
1163 2380 1268 2430 turrem

92 2455 284 2518 ascenderunt,
307 2463 335 2511 et
357 2463 543 2512 convenerunt
564 2454 590 2509 in
613 2461 775 2510 structuram
804 2456 895 2513 tinnis.
938 2453 998 2509 Nou
1020 2453 1090 2510 enim
1112 2453 1267 2512 circumcisi

92 2546 163 2606 sunt,
187 2538 250 2611 quia
271 2538 341 2593 sicut
356 2545 442 2606 erant,
462 2537 561 2610 integri
574 2534 708 2593 aedificati
722 2544 792 2605 sunt,
815 2537 943 2610 quoniam
956 2537 983 2592 iu
999 2535 1133 2608 aequitate
1146 2535 1265 2605 luerunt,

92 2631 119 2677 et
141 2621 167 2676 in
190 2637 286 2694 magna
308 2620 432 2676 castitate
455 2619 632 2695 quieverunt;
655 2618 826 2676 solummodo
849 2627 939 2676 autem
961 2617 1079 2692 sigillum
1101 2634 1156 2674 non
1181 2616 1265 2675 habu·

93 2711 180 2759 erunt.
225 2703 313 2759 llabes
336 2703 482 2759 ethorum
504 2701 710 2760 exsolutionem.

92 2807 339 2892 ἕζωοποιήθησαν,
354 2810 405 2873 καὶ
424 2809 590 2894 ἐπέγνωσαν
608 2804 643 2874 τὸ
657 2805 750 2891 ὄνομα
765 2812 817 2873 τοῦ
828 2808 897 2872 eloai
909 2812 985 2890 [τοῦ]
996 2810 1088 2871 Θεοῦ·
1111 2801 1161 2870 md
1181 2811 1268 2872 τοῦτο

91 2895 139 2958 καὶ
161 2895 361 2976 συνανέβησαν
380 2890 441 2976 μετ’
465 2891 579 2971 αὐτῶν,
604 2892 654 2956 καὶ
675 2888 862 2974 συνήρμοσαν
883 2893 924 2966 εἰς
944 2888 998 2973 τὴν
1025 2887 1184 2991 οἰκοδομὴν
1212 2895 1266 2954 τοῦ

91 2975 214 3062 πύργου,
236 2978 286 3041 καὶ
307 2974 481 3059 ἆλασόμητοι
501 2973 808 3063 συνῳκοδομήθησαν·
828 2975 861 3038 ἐν
876 2969 1046 3061 δικαιοσύνῃ
1063 2973 1266 3054 {notandorum

91 3062 141 3124 nel
162 3062 194 3124 ἐν
214 3058 321 3147 μεγάλῃ
342 3056 459 3147 ἁγνεία·
481 3057 572 3140 μόναν
592 3059 624 3122 δὲ
645 3055 697 3140 τὴν
720 3060 866 3142 σφραγῖδα
887 3054 995 3138 ταύτην
1016 3055 1072 3122 odat
1093 3056 1183 3137 ἔσχον.

91 3245 206 3309 Baptismi
219 3254 288 3295 anton
297 3252 365 3294 erant
380 3254 497 3308 expertes,
515 3244 602 3294 mortui
617 3244 659 3294 do·
694 3244 759 3309 quod
778 3244 855 3294 minias
865 3242 963 3293 Graecis
976 3241 1103 3293 consentit
1115 3240 1190 3291 Clem.
1200 3239 1265 3291 illex.

91 3312 241 3371 recuderim,
273 3312 424 3361 ascenderint
451 3312 504 3360 vivi.
540 3312 584 3360 llic
603 3312 658 3360 mihi
694 3309 1265 3374 strom.tte.p.tauernsuomntmmnut.

92 3379 184 3429 ridetur
202 3394 287 3428 senatis
305 3394 358 3427 esse
368 3378 532 3427 obscurissimi
547 3378 603 3438 loci,
623 3385 659 3426 at·
746 3380 776 3428 10
808 3382 862 3427 item
880 3379 930 3426 Vnt.

92 3463 168 3563 qrra⁴a
186 3447 268 3563 ffulhtis
284 3461 333 3563 non
352 3445 474 3494 intellecti.
497 3443 542 3493 Cot.
693 3512 721 3560 de
746 3445 775 3559 11¹
808 3445 896 3494 liil'at.
915 3445 973 3492 Post
987 3440 1265 3504 corrigendumdescen-

204 3520 211 3562 t
247 3516 264 3562 ii
303 3521 334 3562 at.
717 3528 783 3564 run.

141 3515 168 3636 5³
186 3581 314 3645 Antequam
345 3582 406 3628 enirn
432 3592 515 3627 nomen
544 3577 582 3624 dei
613 3577 658 3636 filii
745 3579 787 3644 12)
806 3581 836 3627 Ac
855 3579 898 3625 otii
918 3576 968 3624 Vat.

91 3649 190 3710 arripiat
208 3649 275 3696 nomo
293 3650 364 3696 morti
380 3648 511 3695 destinatus
531 3649 566 3691 est
584 3644 623 3693 ndi
636 3651 658 3692 el
746 3646 788 3710 13)
806 3643 979 3693 exsolutionem
995 3640 1046 3689 llat.

91 3715 175 3777 occipit
191 3715 234 3762 doe
254 3715 359 3775 aiyillnm
377 3713 426 3761 Vnt.
700 3708 703 3715 '

141 3781 168 3843 d)
187 3781 229 3829 lunc
244 3781 347 3841 sinillurn
361 3779 503 3838 antonian,
522 3778 576 3828 dein
585 3779 658 3828 adlati
746 3777 804 3840 Cap.
829 3774 884 3823 xvt.
925 3773 951 3836 l)
974 3780 1047 3823 suntet
1073 3772 1138 3833 rat,
1170 3769 1257 3820 deinde

90 3854 162 3897 morte
179 3861 204 3911 p.
221 3849 289 3896 morti
309 3847 413 3909 obloquii.
693 3859 768 3909 aquae
786 3857 809 3904 p.
831 3856 892 3905 aquo
909 3846 953 3890 ert.

140 3915 166 3977 i)
185 3916 226 3964 lroo
246 3914 304 3975 vat,
324 3922 372 3962 tum
391 3916 475 3962 intrent
495 3929 519 3976 p.
538 3915 657 3962 intrarent.
744 3909 771 3970 2)
789 3923 851 3972 equa
871 3906 919 3956 l‘nl.

143 3981 170 4045 8)
188 3983 212 4030 ln'
231 3982 295 4037 liet,
320 3981 343 4030 in
369 3981 415 4030 tine
433 3981 545 4030 ledentes
563 3981 605 4028 nec
624 3981 658 4026 si·
742 3976 769 4035 3)
787 3975 854 4024 illnnr
873 3973 930 4034 eat..
950 3973 1004 4023 dein
1023 3975 1049 4021 in
1065 3985 1141 4034 reone.

89 4050 178 4111 nillum.
742 4040 770 4101 4)
788 4042 843 4090 lace
862 4039 911 4092 Pal.

141 4116 167 4178 9)
185 4116 323 4177 llorefidem
337 4115 420 4165 inllat.
435 4114 522 4164 omissa
541 4112 655 4172 lemnius,
742 4108 769 4170 5)
787 4107 822 4156 ltu
846 4107 973 4157 reformari
996 4105 1123 4154 lectionem
1147 4102 1197 4152 eat.
1219 4106 1259 4169 oni

90 4182 127 4231 cui
146 4182 250 4244 iungitur
267 4198 330 4233 man.
348 4197 396 4230 seo.
414 4180 444 4229 ad
463 4194 529 4228 orum
546 4178 657 4239 riqillnnt,
690 4175 841 4224 ascendentes
851 4175 876 4222 in
886 4177 982 4223 entole:
999 4177 1020 4218 et
1032 4170 1132 4230 fidefilii
1149 4171 1201 4219 dei:
1218 4173 1259 4235 qni

91 4248 145 4297 dein
165 4251 205 4310 qni
223 4251 417 4311 praedicaverunt
434 4248 470 4294 ln'r
489 4260 513 4306 p.
529 4243 656 4307 praedico·
691 4243 794 4290 odierant
811 4247 833 4289 et
851 4241 1049 4302 praedicaverant.
1279 4251 1284 4263 ·

89 4320 168 4362 tanum
185 4316 244 4363 illis.
279 4315 337 4363 Cum
356 4312 440 4362 eedem
460 4317 483 4360 et
503 4309 560 4357 Fal).
579 4307 613 4357 St.
630 4306 655 4354 in
741 4307 768 4368 6)
787 4307 853 4354 illins
871 4306 914 4353 loa
932 4303 1037 4366 siciliam
1055 4301 1105 4351 Pal.

89 4382 136 4430 tine
147 4379 201 4428 dedi
217 4381 259 4430 noc
272 4382 375 4443 sinillnm
388 4393 412 4442 p.
422 4378 474 4427 Cot.
487 4376 546 4425 tttna
556 4376 655 4436 omnum,
742 4373 770 4436 l)
788 4387 849 4435 aqna
869 4369 919 4419 l’al.

803 4562 899 4584 .-
