2886 4882
193 192 253 256 aab
356 184 493 261 wodan
514 181 652 243 PASTOR.
695 181 795 240 blllllll
815 181 858 238 ΙΙΙ
901 178 1036 241 ΙΙΙΙΙΙΤ.
1058 180 1125 260 ΙΙΙΙι
1141 175 1198 257 Q

192 359 220 415 bi
236 353 310 414 dubii
322 361 403 420 suot3
425 367 476 408 nee
489 350 560 407 enim
572 348 622 404 vivi
640 355 703 404 sunt
718 363 769 404 nec
782 347 890 404 mortui.
927 346 1003 417 ltbi,
1027 344 1246 420 qnisemiaridas
1261 354 1294 404 et
1306 348 1375 404 scis·

192 455 270 496 suras
282 435 413 494 habentes
430 432 603 499 tradiderant,
619 439 646 488 et
666 428 741 487 dubii
757 438 860 487 suntet
873 420 1021 503 maledici,⁸
1044 429 1077 487 de
1092 428 1258 488 absentibus
1282 429 1373 488 detre-

193 521 299 588 hentcs,
321 526 348 574 et
361 534 499 591 nunquam
521 517 592 571 inter
605 530 635 570 se
656 530 751 587 paoem
767 512 908 581 babentes,
933 521 961 569 et
974 514 1045 569 inter
1058 529 1089 568 se
1104 511 1270 570 invidentes.
1291 511 1329 570 Et
1339 513 1372 571 iis

194 602 302 677 quidem
325 599 466 676 proposita
489 605 532 653 est
551 597 718 672 poenitentia
727 588 747 663 3⁴
776 594 850 651 vidos
873 596 944 652 enim
966 611 998 651 ex
1021 593 1063 649 bis
1084 593 1192 669 aliquos
1212 594 1372 668 poenitere.

192 685 352 758 Quicunque
381 699 445 738 vero
475 696 570 737 eorum
597 680 650 735 cito
679 686 795 751 egerunt
822 678 1025 752 poenitentiam,
1053 676 1081 733 lsi
1108 677 1134 733 in
1165 678 1236 734 turri
1268 676 1371 735 babeat

192 768 303 833 sedem,
326 774 352 821 at
375 766 400 833 ii,
423 763 470 838 qui
491 764 567 819 tarde
590 752 726 835 egerunt,⁵
748 761 775 816 iu
798 760 883 816 muris
904 760 1034 816 habitant
1076 760 1127 829 Qui
1143 775 1209 816 vero
1233 777 1292 817 non
1307 777 1369 834 ege·

193 856 258 907 runt
283 848 488 923 poenitentiam,
515 846 565 901 sed
594 845 620 899 iu
649 844 707 899 suis
733 834 955 918 permanserunt⁶
978 842 1065 910 lactis,
1094 851 1183 899 morte
1204 843 1369 900 morientur.

192 932 226 991 at
247 947 312 987 roro
330 931 367 997 hi,
392 929 438 1002 qui
455 926 555 984 virides
571 926 680 1000 quidem
700 926 798 999 virgas,
820 924 869 981 scd
887 925 1022 981 scissuras
1039 923 1171 982 babentes
1188 924 1368 997 tradiderunt,

193 1011 290 1070 fldeles
312 1027 422 1085 semper
444 1010 554 1066 luerunt
575 1016 602 1066 et
622 1007 696 1077 boni,
716 1009 766 1066 sed
787 1007 921 1064 babentes
945 1009 1015 1064 inter
1037 1024 1066 1063 se
1083 1007 1217 1081 quandam
1240 1008 1369 1065 insidiam

194 1102 221 1152 et
240 1087 338 1151 aclum'
362 1097 395 1148 de
412 1092 565 1167 principatu
584 1099 611 1147 ct
627 1092 764 1164 dignitate.
807 1090 905 1147 Verum
921 1107 1016 1147 omines
1033 1089 1189 1147 huiusmodi
1204 1088 1369 1165 insipientes

194 1185 258 1234 sunt
279 1184 304 1232 et
326 1167 415 1244 latui,⁸
437 1176 482 1248 qui
505 1172 606 1230 babent
622 1174 692 1229 inter
709 1190 738 1231 sc
754 1172 965 1231 aemulationem
985 1172 1019 1229 de
1039 1173 1200 1247 principatu.
1241 1174 1369 1231 Attamen

194 1259 231 1327 lai,
262 1273 324 1314 cum
346 1257 401 1313 sint
422 1254 522 1330 alioqui
542 1255 619 1324 boni,
648 1257 671 1312 si
696 1256 794 1312 auditis
818 1255 950 1312 masclatis
971 1236 1031 1312 letis
1054 1254 1261 1312 emendaverint
1279 1273 1324 1324 se,
1341 1262 1370 1313 et

193 1341 247 1399 cito
269 1357 320 1415 per
341 1339 497 1396 suasionem
519 1355 604 1395 meam
624 1340 730 1412 egerint
747 1338 950 1413 poenitentiam,
972 1340 998 1395 in
1012 1338 1080 1394 turri
1103 1337 1221 1413 denique
1236 1338 1371 1413 incipient

193 1423 331 1492 babitare,
360 1423 432 1479 sicut
460 1429 488 1479 et
517 1421 559 1490 bi,
589 1423 634 1497 qui
663 1430 778 1496 egerunt
806 1422 885 1496 digne
915 1409 1131 1496 poenitentiam.⁹
1173 1419 1278 1490 Quodsi
1307 1421 1370 1496 quis

194 1521 288 1564 eorum
317 1523 412 1563 rursus
439 1505 473 1562 ad
502 1505 702 1562 dissensionem
730 1504 850 1569 redierit,
882 1496 1054 1579 repelletor¹⁰
1081 1520 1096 1558 a
1126 1502 1203 1571 turri,
1230 1509 1259 1559 et
1290 1504 1370 1561 sitam

195 1605 271 1645 suam
292 1588 400 1664 perdet.
443 1587 500 1644 Vita
518 1588 591 1644 enim
606 1605 709 1656 eorum,
735 1589 780 1660 qui
802 1588 959 1645 costodiunt
972 1585 1098 1643 mandata
1111 1584 1227 1655 bomini,
1251 1585 1280 1642 in
1296 1603 1369 1644 men·

196 1670 265 1728 datis
287 1672 422 1738 consistit,
444 1688 499 1728 non
520 1670 547 1726 in
570 1662 821 1745 principatu,.aut¹¹
846 1671 934 1744 aliqua
956 1668 1093 1742 dignitate.
1135 1667 1188 1724 Per
1209 1668 1368 1743 patientiam

195 1754 311 1811 enimet
328 1754 504 1810 humilitatem
521 1753 625 1809 animae
640 1755 719 1809 vitam
739 1743 887 1810 bomines¹²
909 1760 1128 1855 consequentum
1150 1767 1200 1825 per
1217 1750 1368 1809 seditiones

195 1852 260 1894 rero
283 1843 310 1892 et
333 1843 517 1908 contemptum
539 1833 609 1906 legis
630 1842 745 1891 mortem
771 1835 824 1892 sibi
847 1827 998 1911 acquireut¹
1013 1830 1030 1889 .‘

280 1976 320 2050 (n)
343 1979 407 2036 lllll.
447 1981 506 2050 ,Qui
534 1997 599 2037 vero
629 1982 655 2037 in
683 1983 766 2056 virgis
794 1984 851 2039 suis
879 1984 1018 2041 dimidium
1044 1982 1149 2039 aridum
1170 1981 1317 2050 habebant,
1344 1990 1371 2040 et

196 2055 347 2121 dimidium¹
367 2061 461 2131 viride,
485 2063 592 2119 bisunt
610 2065 841 2139 negotiationibus
858 2066 980 2132 involuti,
1003 2082 1091 2140 neque
1109 2065 1228 2143 sppliciti
1246 2066 1368 2134 sanctis3

195 2144 312 2221 ideoque
336 2146 414 2203 etiam
438 2145 577 2203 dimidium
592 2162 686 2203 eorum
707 2148 778 2216 vivit,
802 2149 941 2205 dimidium
957 2139 1036 2205 vero¹
1059 2133 1194 2205 mortuslm
1209 2155 1260 2203 est
1292 2148 1369 2206 llulti

194 2229 330 2303 igiturex
352 2227 413 2296 illis,
435 2229 533 2286 auditis
555 2224 709 2298 mandatis,⁸
735 2239 851 2305 egerunt
872 2231 1075 2306 poenitentiam,
1103 2239 1131 2286 ct
1153 2231 1180 2286 in
1202 2231 1272 2286 turri
1292 2229 1368 2287 babi-

194 2318 251 2368 tare
281 2318 447 2385 coeperunt;
476 2310 585 2386 quidam
611 2330 675 2369 sero
705 2331 799 2371 eornm
830 2315 856 2370 in
887 2321 972 2370 totum
1000 2313 1171 2369 destiterunt.
1214 2311 1263 2368 ilis
1285 2312 1369 2386 igitur

195 2410 248 2450 non
270 2402 313 2450 est
333 2395 411 2450 locus
434 2395 632 2468 poenitentiae3
654 2413 668 2450 a
692 2397 875 2470 negotiatione
894 2398 965 2452 enim
981 2412 1029 2451 sun
1045 2394 1160 2450 nelanda
1179 2395 1205 2450 in
1225 2394 1369 2452 bominum

193 2476 276 2534 locuti
300 2468 383 2544 sunt,‘
412 2484 439 2532 ct
460 2494 520 2534 eum
543 2477 751 2552 abnegaverunt.
795 2479 911 2552 Propter
939 2479 1010 2534 banc
1032 2478 1115 2550 igitur
1135 2477 1284 2551 nequitiam
1304 2477 1368 2539 ami·

196 2566 291 2615 serunt
309 2560 398 2616 vitam.
442 2559 514 2616 llulti
543 2576 608 2616 vero
632 2578 663 2618 cs
687 2561 729 2616 bis
753 2561 860 2618 dubiam
882 2569 1000 2617 mentem
1023 2560 1179 2616 induerunt
1222 2559 1319 2616 Adbuc
1340 2567 1370 2617 et

194 2633 240 2696 iis⁶
260 2649 302 2697 est
324 2657 483 2715 regressus,
505 2641 561 2715 qui,
583 2643 606 2698 si
623 2644 677 2700 cito
699 2645 894 2716 poenitentiam
911 2643 1026 2715 egerint,
1048 2643 1074 2697 in
1090 2641 1157 2698 turri
1172 2641 1267 2698 sedem
1287 2641 1369 2699 habe·

194 2721 276 2789 bunt;
298 2724 321 2779 si
343 2739 408 2779 vero
431 2723 534 2779 tardius
557 2726 673 2798 egerint,
694 2727 720 2780 in
734 2726 819 2782 muris
840 2724 1012 2789 babitalrunt;
1036 2725 1057 2781 si
1079 2735 1237 2781 autemnon
1253 2724 1368 2798 egerint,

151 2820 160 2830 ’
194 2812 310 2861 mortem
334 2803 386 2860 sibi
407 2805 558 2878 acquirent
603 2807 636 2862 nt
657 2807 693 2875 bi,
715 2808 760 2880 qui
782 2808 849 2865 duas
871 2816 962 2882 partes
985 2808 1122 2880 virgarum
1143 2824 1252 2864 suarum
1268 2806 1369 2864 virides

195 2886 355 2955 babuerunt,
385 2893 413 2942 et
441 2887 546 2943 tertiam
568 2887 680 2956 aridam,
708 2890 896 2964 compluribus
918 2890 1007 2947 modis
1030 2880 1180 2963 depravati⁸
1201 2896 1372 2964 negaverunt

195 2968 346 3027 bominum.
388 2968 426 3028 lix
448 2968 490 3025 nis
513 2969 594 3042 igitur
615 2969 691 3026 molti
715 2981 828 3046 egerunt
850 2973 1053 3046 poenitentiam,
1076 2981 1157 3046 atque
1178 2964 1225 3028 ita'
1247 2973 1273 3028 in
1298 2973 1369 3028 turri

196 3050 318 3109 habitare
348 3060 515 3125 coeperunt;
544 3060 572 3108 et
598 3053 674 3108 multi
706 3071 721 3109 a
748 3053 802 3111 ileo
831 3055 857 3110 in
888 3064 1051 3129 perpetuum
1080 3063 1264 3111 recesserunt
1315 3046 1368 3110 llli⁸

195 3134 277 3206 igitur
304 3135 330 3189 in
354 3141 439 3188 totum
469 3135 618 3190 amiserunt
646 3136 733 3190 sitam.
774 3137 886 3205 Quidam
909 3154 982 3205 vero,
1009 3137 1090 3194 dubia
1110 3145 1201 3193 oronte
1224 3147 1369 3211 concepta,

195 3214 381 3271 dissensiones
409 3214 631 3284 concitaverunt3
663 3209 708 3273 iis⁹
742 3219 832 3275 adlmc
868 3237 1012 3293 regressus
1042 3228 1093 3288 est,
1122 3221 1145 3274 si
1173 3220 1227 3275 cito
1260 3220 1369 3292 egerint

194 3296 396 3370 poenitentiam,
429 3311 481 3351 nec
501 3296 685 3370 voluptatibus
708 3302 765 3356 suis
788 3303 916 3358 remorati
940 3302 1055 3367 luerint3
1086 3303 1108 3358 si
1131 3310 1220 3357 antem
1243 3318 1366 3373 perman·

196 3376 284 3432 serint
305 3377 331 3433 in
355 3377 432 3433 lactis
455 3378 520 3444 suis,
544 3388 658 3436 mortem
681 3383 732 3439 sibi
754 3381 915 3457 acquirent‘

195 3488 404 3498 ———-

245 3536 272 3598 3)
290 3537 399 3589 labentes
418 3540 578 3589 trodideront·
605 3547 626 3589 et
645 3540 678 3588 lcii
698 3542 764 3591 dubii
797 3546 901 3606 suerunt.
928 3545 968 3592 sed
991 3543 1101 3591 bolientcs
1127 3544 1187 3590 inter
1206 3556 1231 3590 se
1250 3541 1367 3604 quondum

195 3610 248 3653 sunt
267 3610 289 3652 et
306 3606 424 3656 maledicti
443 3607 501 3666 liat,
521 3607 575 3657 dein
594 3609 657 3656 intro
675 3622 700 3656 se
718 3625 765 3672 po·
798 3613 911 3660 incidians
928 3617 948 3659 et
966 3612 1020 3672 pelo
1037 3625 1085 3658 scr.
1098 3609 1148 3658 llat.
1167 3608 1235 3671 Apud
1246 3607 1300 3659 Cot.
1309 3624 1366 3658 ron·

195 3685 245 3721 sern
261 3669 381 3720 babentes.
798 3681 923 3727 tentionem
941 3692 964 3740 p.
981 3679 1062 3735 selum,
1083 3690 1154 3739 quam
1173 3675 1303 3727 lectionem
1321 3676 1368 3725 iam

247 3737 273 3800 Ι)
291 3737 316 3785 Et
340 3739 376 3786 lais
401 3741 494 3801 quidem
528 3743 603 3791 edisne
628 3745 764 3806 postposito
798 3744 949 3806 esulgarcrat
970 3743 1026 3791 Feb.
1046 3744 1080 3792 St.

192 3806 324 3870 penitentie
342 3804 393 3853 vas.
848 3812 874 3872 8)
893 3810 939 3859 Sed
950 3825 1027 3859 emises
1038 3810 1173 3860 buosmodi
1180 3811 1243 3872 (otei
1253 3818 1306 3859 sont
1317 3810 1367 3858 l'at.

245 3874 272 3935 5)
292 3871 430 3936 octenosque
447 3887 499 3922 sero
516 3877 597 3926 celis
616 3879 663 3926 cito
681 3893 763 3939 pesce·
848 3878 874 3937 9)
894 3877 939 3926 Sed
963 3878 990 3926 ΙΙ
1012 3891 1064 3926 eom
1087 3879 1135 3926 sint
1164 3877 1234 3926 aliter
1263 3876 1320 3926 bosi
1345 3878 1367 3926 si

193 3946 247 3989 rent
268 3940 331 3997 (orat
355 3939 448 4001 gerunt)
464 3943 617 4002 penitentiam
634 3950 655 3993 et
674 3946 697 3993 in
712 3952 762 3995 tnr-
799 3945 887 3994 reddis
915 3945 1034 3993 madetis
1060 3948 1118 3995 oreis
1147 3943 1318 3992 emerrdoserisst
1343 3959 1368 3992 se

194 4009 239 4054 rins
257 4007 340 4056 labent
360 4007 444 4056 sedent
464 4005 490 4054 alt
506 4005 530 4054 lli
547 4011 662 4071 quitorde
681 4026 764 4072 pesse·
798 4015 845 4061 rito
867 4010 1050 4075 (eupreadditur
1069 4013 1109 4073 et)
1126 4011 1291 4074 persuasionis
1311 4027 1366 4072 ege·

194 4079 249 4120 rent
268 4073 317 4122 Vnt.
797 4081 845 4128 rint
859 4081 1028 4143 poenitentiam
1039 4081 1062 4128 in
1073 4081 1155 4127 turrim
1167 4080 1237 4140 igiter
1250 4078 1367 4140 incipient

244 4139 272 4188 bt
291 4142 377 4201 egerint
394 4164 428 4173 —
442 4141 612 4202 permanserint
624 4141 675 4190 llat
797 4147 917 4195 babitare·
945 4147 1007 4194 sicu
1033 4151 1054 4195 et
1078 4146 1102 4194 lli
1125 4147 1165 4208 qui
1185 4146 1273 4206 egerim
1297 4146 1367 4207 digne

245 4203 274 4267 Ι)
292 4205 364 4270 Atque
381 4219 435 4254 sero
455 4206 479 4254 lli
504 4205 567 4270 (eret
583 4207 631 4269 bis)
648 4210 688 4271 qui
706 4211 763 4258 eiri-
794 4215 963 4275 poenitentiam
981 4212 1032 4262 Vnt.

192 4269 233 4317 des
253 4272 345 4333 quidem
369 4273 448 4332 sirpus
472 4275 514 4322 sed
531 4275 647 4323 scissuras
670 4276 763 4337 quidem
851 4281 891 4341 to)
909 4281 940 4330 od
958 4280 1132 4330 descensionem
1155 4278 1239 4326 rediret
1258 4278 1369 4339 expelle·

195 4334 305 4385 lebenter
323 4339 467 4388 tradiderant
480 4341 560 4401 fideles
573 4346 596 4390 et
609 4341 662 4391 boni
675 4355 763 4405 semper
796 4351 833 4394 tor
851 4345 901 4394 liat.
919 4402 922 4408 ¹
