2886 4882
128 3978 135 4081 ί

149 249 209 311 370
403 242 603 300 mmmmm
625 238 731 312 (INED.)
755 241 782 297 S.
804 240 937 298 IGNATll.
965 238 997 295 λλ.
1018 239 1061 296 ΙΙΙ.

151 407 183 469 έν
204 401 317 485 αὐτοῖς,
344 408 397 464 τοῦ
418 406 493 464 θεοῦ
512 406 570 463 τοῖν
590 396 782 480 πνενμάτων,”
804 402 857 460 τοῦ
875 394 1014 477 βασιλέως
1039 389 1147 466 παντὸς
1175 394 1326 475 αἰσθητοῦ

152 489 202 552 καί
222 491 340 567 νοητοῦ,
360 481 394 560 ὃς
414 484 470 564 ἔχει
486 480 583 565 πάσης
603 480 709 566 σαρκὸς
737 483 878 557 έξουσίαν.
923 473 1068 562 Τραϊανός
1086 472 1182 540 εἶπεν·
1210 478 1239 539 τί
1267 475 1324 562 γάρ

152 592 184 635 σε
204 567 315 642 κωλύει,
337 566 481 645 κάκεῖνον,
503 569 581 646 είπερ
603 568 687 641 ἔστιν,
710 563 784 628 θεὸν
799 564 909 645 σέβειν,
939 563 988 625 καὶ
1007 557 1136 642 τούτους,
1162 557 1216 635 οῦς
1237 568 1325 648 κοινῇ

151 653 256 727 πάντες
277 649 488 735 όμολογοῦμενς
504 646 644 733 Ἰγνάτιος
664 645 758 713 εἶπεν
778 646 799 728 ἦ
820 644 931 727 φυσικὴ
954 642 1118 727 διάγνωσις,
1141 641 1212 707 όταν
1233 636 1254 731 ᾖ
1272 671 1327 727 κα-Ι

152 734 248 817 θαρά,
278 733 314 799 ού
334 736 479 819 συγκρίνει
500 741 536 820 τῇ
558 731 682 818 ἀληθείᾳ
702 729 734 794 τό
755 734 884 809 ψεῦδος,
914 737 954 815 τῷ
983 729 1059 808 φωτὶ
1085 724 1117 791 τδ
1140 726 1259 804 σκότος,
1282 736 1323 815 τῷ

151 828 252 906 γλυκεῖ
267 817 299 882 τδ
321 819 434 900 πικρόν.
475 825 536 890 τοῖς
562 814 616 899 γάρ
637 822 727 878 ταῦτα
748 812 788 895 μὴ
810 815 992 896 διακρίνουσι
1012 808 1168 892 ἐπήρτηται
1188 807 1220 874 τό
1243 808 1320 875 ούαί.

150 908 194 978 τίς
204 900 258 987 γάρ
268 900 457 983 συμφώνησις
471 905 588 983 Χριστῷ
598 896 672 982 πρός
684 900 797 980 Βελίαρ,
809 895 827 978 ἢ
840 899 884 972 τίς
892 897 972 980 μερὶς
983 901 1075 979 πιστῷ
1087 890 1157 975 μετὰ
1171 891 1321 974 ἀπίστων;

151 992 194 1062 τίς
216 986 247 1049 δέ
270 985 482 1068 συγκατάθεσις
497 988 576 1046 νασῖν
594 988 669 1046 θεοῦ
691 982 740 1044 καὶ
766 979 896 1055 εἰδώλοις
903 1009 912 1058 ;
945 977 1089 1062 Τραϊανός
1110 972 1204 1041 εἶπεν·
1225 975 1322 1042 άπλιό·

151 1093 252 1144 σαντες
272 1068 363 1131 αάτοῦ
383 1075 479 1150 χεῖρας
497 1062 624 1145 πλήσατε
644 1062 747 1147 πυρός.
772 1063 909 1148 Ἰγνάτιος
931 1060 1024 1128 εἶπεν·
1047 1058 1113 1126 ούτε
1124 1067 1184 1142 πῦρ
1206 1058 1321 1126 τάνταυ-

151 1149 265 1228 στικδν,
293 1147 358 1214 ούτε
378 1151 495 1232 θηρίων
514 1145 651 1225 ὀδόντες,
684 1145 749 1212 ούτε
770 1146 947 1231 σκορπισμδς
968 1144 1089 1221 ἀστέων,
1119 1141 1155 1208 ού
1176 1147 1321 1229 συγκοπαὶ

151 1241 252 1318 μελῶν,
269 1231 335 1296 ου”τε
358 1228 474 1313 ἀλεσμοδ
494 1230 564 1294 ὅλον
586 1238 638 1295 τοῦ
659 1230 805 1313 στόματος,
828 1229 880 1312 οὐχ
901 1231 934 1292 αί
952 1237 1005 1293 τοῦ
1027 1227 1167 1308 διαβόλου
1188 1227 1322 1304 κολάσεις

151 1315 375 1400 μεταστησουσίν
403 1341 436 1397 με
461 1322 514 1395 τῆς
529 1312 604 1399 πρὸς
625 1312 700 1379 θεὸν
720 1312 842 1400 ἀγάπης.
888 1311 1031 1393 Τραϊανός
1058 1310 1152 1376 είπεν·
1182 1310 1322 1397 πάπυρον

150 1404 237 1489 έλαίφ
256 1399 405 1482 βάψαντες
434 1400 485 1464 καί
511 1399 641 1480 ἀψαντες
667 1397 718 1474 τάς
743 1395 868 1482 πλευράς
898 1394 989 1461 αύτοῦ
1018 1397 1144 1476 φλὲξατε.
1181 1393 1322 1480 Ἰγνάτιος

151 1482 245 1549 εἶπεν·
268 1487 363 1558 δοκεῖς
385 1508 445 1566 μοι,
466 1485 595 1565 βασιλεῦ,
616 1481 742 1568 ἀγνοεῖν,
763 1482 808 1547 ἀτι
829 1479 845 1546 ό
864 1479 935 1557 θεὸς
957 1483 988 1544 έν
1009 1481 1073 1561 ἐμοί
1094 1482 1183 1556 ἐστιν,
1215 1479 1251 1554 ἀς
1271 1481 1320 1544 καί

151 1566 276 1651 δύναμίν
286 1593 335 1649 μοι
356 1568 521 1651 έπιγορηγεῑ
538 1566 722 1650 καὶστερβἀν
741 1574 824 1631 ποιεῖ
840 1591 897 1647 μου
918 1562 972 1647 τὴν
994 1561 1104 1646 φυγήν·
1127 1560 1194 1626 ούτε
1214 1562 1270 1647 γάρ
1283 1562 1321 1628 ἀν

151 1648 214 1727 οἶός
234 1677 264 1714 τε
283 1649 362 1733 ἥμην
387 1652 487 1734 φέρειν
506 1671 560 1715 σον
581 1677 631 1726 τας
649 1648 805 1732 βασάνους.
838 1647 982 1732 Τραϊανός
996 1644 1086 1712 εἶπεν
1108 1644 1321 1729 σιδήριοςτάγα

149 1760 194 1809 τις
214 1731 243 1796 εί
259 1737 309 1798 καὶ
331 1730 531 1812 ἀπεσκληκοός·
557 1725 579 1814 ἦ
601 1731 656 1817 γάρ
684 1731 721 1795 ἀν
741 1734 889 1808 ένεδίδους
909 1732 1012 1797 λοιπόν
1033 1741 1093 1806 τοῖς
1113 1728 1249 1811 μύλοψιν
1271 1730 1320 1794 ἀλ-

150 1814 308 1901 γυνόμενος
329 1822 421 1878 θῦσαι
442 1822 503 1888 τοῖς
522 1823 614 1888 θεοῖς.
639 1813 777 1897 Ἰγνάτιος
793 1811 887 1878 εἶπεν·
909 1814 962 1896 οὐχ
983 1814 1023 1889 άς
1043 1812 1320 1896 μὴαῖσθανόμενος,

149 1903 283 1980 βασιλεῦ,
310 1902 368 1957 τῶν
387 1892 524 1976 βασάνων
553 1897 633 1977 φέρω
659 1899 709 1959 καί
729 1904 857 1979 καρτερῷ
878 1905 982 1972 ταῦτα,
1011 1895 1075 1960 ἀλλ’
1108 1896 1148 1971 άς
1173 1906 1225 1979 τῆς
1245 1896 1322 1978 πρός

148 1977 224 2044 θεόν
244 1977 360 2051 εύνοίας
379 1978 474 2041 ἐλπίδι
492 1984 552 2040 τοῖν
572 1975 695 2060 ἀγαθῶν
712 1979 955 2060 έπικουφιζούσης
973 2005 1030 2059 μου
1044 1979 1095 2054 τάς
1106 1978 1230 2056 ύδύνας·
1253 1981 1321 2045 ούτε

149 2063 203 2147 γάρ
224 2069 283 2143 πῦρ
304 2060 419 2143 φλέγον,
441 2055 507 2124 σύτε
526 2057 605 2142 ῦδοιρ
625 2059 776 2138 έπικλύζον
796 2062 897 2141 σβέσαι
916 2062 985 2126 ποτὲ
1006 2061 1159 2142 δυνήσεται
1178 2063 1232 2144 τὴν
1246 2063 1322 2147 πρός

149 2147 223 2210 θεὸν
242 2143 367 2231 ἀγάπην.
404 2140 548 2226 Τραϊανός
567 2140 660 2208 εἶπεν·
683 2146 848 2229 ένόγκαντες
867 2152 927 2228 πῦρ
948 2146 998 2208 καί
1018 2141 1201 2218 άπλάσαντες
1222 2151 1264 2221 εἰς
1286 2146 1321 2212 τό

150 2233 259 2309 ἔδαφος
278 2226 331 2308 τὴν
351 2223 520 2311 ἀνθρακιὰν
540 2225 663 2310 στήσατε
683 2228 730 2293 ἐπ’
755 2225 847 2310 αὐτὴν
865 2226 917 2293 τόν
934 2224 1081 2313 Ἰγνάτιον,
1098 2228 1147 2290 ῖνα
1160 2229 1208 2289 καὶ
1224 2230 1323 2306 οὕτως

149 2321 259 2401 πεισθῇ
281 2309 353 2389 εἶξαι
373 2313 423 2374 καί
443 2318 539 2374 θῦσαι
557 2320 619 2387 τοῖς
639 2321 731 2389 θεοῖς.
769 2311 909 2396 Ἰγνάτιος
929 2309 1019 2377 εἶπεν·
1041 2309 1074 2376 τδ
1094 2308 1250 2374 κανστικδυ
1263 2318 1320 2377 τοῦ

150 2394 242 2480 πυρός
263 2419 316 2462 σου
338 2397 379 2470 είς
399 2392 564 2476 ύττόμνησίν
584 2420 619 2477 με
643 2394 707 2480 ἀγει
727 2399 840 2461 ἐκείνου
861 2405 914 2460 τοῦ
935 2393 1028 2479 πνρδς
1054 2396 1103 2459 καλ
1125 2397 1246 2458 αἰωνίου
1268 2400 1321 2460 καί

150 2480 305 2563 ἀσβέστου,
334 2481 384 2544 καί
404 2502 449 2543 τοι
469 2477 648 2565 πρόσκαιρον
670 2478 713 2544 όν.
760 2480 906 2562 Τραϊανός
927 2477 1019 2545 εἶπεν·
1052 2476 1132 2560 οἶμαι
1162 2477 1228 2541 ότι“’
1251 2506 1318 2563 γοη·

148 2570 226 2640 τείας
247 2567 313 2640 ἐστὶ,
336 2571 530 2645 καταφρονεῖν
548 2571 606 2627 τῶν
625 2565 777 2645 βασάνων·
799 2557 841 2646 ἦ“
861 2563 916 2650 γάρ
938 2562 975 2627 ἀν
996 2566 1084 2639 είξαις
1102 2559 1172 2644 ἡμῖν
1192 2570 1319 2625 τοσαῦτα

148 2648 220 2731 παρ’
245 2647 328 2728 ἡμῶν
347 2648 502 2720 αἰκισθείς.
537 2643 676 2728 Ἰγνάτιος
696 2645 789 2712 εἶπεν·
810 2649 841 2710 οἱ
856 2652 998 2727 δαίμονας
1018 2642 1264 2729 ἀποστρεφόμενοι
1278 2644 1319 2721 ὥς

149 2730 311 2802 ἀποστάτας
338 2734 415 2790 θεοῦ
433 2728 484 2790 καλ
504 2729 610 2791 ε’ίδαλα
635 2729 860 2811 βδελυσσόμενοι
887 2737 951 2804 πῶς
975 2728 1013 2792 ἀν
1041 2726 1098 2792 εἷεν
1118 2727 1235 2813 γόητες,
1256 2730 1319 2793 εἰπέ

149 2837 206 2893 μοι.
228 2811 310 2892 ύμεῖς
330 2807 385 2893 γάρ
406 2816 514 2888 μᾶλλον
533 2816 623 2872 ταῦτα
644 2813 674 2873 οῖ
693 2811 844 2895 σεβόμενοι
863 2821 924 2886 τοῖς
950 2810 1092 2886 τοιούτοις
1114 2810 1319 2894 ληρωδημασιν

148 2894 322 2957 ύπόκεισθε·
343 2889 415 2972 ἡμῖν
434 2891 466 2954 δὲ
485 2894 721 2973 νενομοθέτηται,
743 2893 916 2977 φαρμάκονς
936 2891 976 2975 μὴ
989 2895 1040 2957 έᾶν
1058 2902 1118 2975 ζῆν,
1134 2895 1207 2976 μήδε
1220 2897 1318 2959 έπαοι-

149 2975 232 3053 δούς,
265 2975 337 3058 μήδε
354 2975 622 3057 κληδονιζομένους,
651 2974 722 3040 ἀλλά
749 2979 799 3040 καί
824 2985 883 3041 τῶν
910 2976 945 3040 τά
972 2981 1107 3061 περίεργα
1133 2979 1319 3063 πραττόντων

148 3059 199 3137 τάς
218 3064 338 3166 βίβλους
357 3061 525 3121 κατακαίειν
544 3056 690 3140 είύθαμεν
710 3056 751 3135 οῖς
768 3059 962 3142 ἀπορρήτους.
985 3060 1097 3125 οὐκοῦν
1110 3061 1165 3125 οάκ
1179 3060 1319 3146 έγόιγόης

149 3141 211 3207 ἀλλ’
235 3151 317 3224 νμεῖς
337 3147 568 3223 προσκυνοῦντες
588 3150 649 3216 τοῖς
668 3145 811 3247 δαίμοσιν.
846 3141 990 3226 Τραϊανός
1011 3141 1105 3208 εἶπεν·
1127 3142 1194 3220 τούς
1214 3144 1318 3223 θεοὺς,

143 3224 272 3309 Ἰγνάτιε,
292 3223 440 3303 ἀπέκαμον
461 3225 502 3298 είς
514 3223 554 3298 σέ,
574 3226 624 3288 καί
642 3233 747 3289 λοιπον
765 3225 876 3311 ἀποροῖ,
896 3231 995 3303 ποίαις
1012 3226 1155 3334 γρήσομαι
1177 3227 1319 3306 βασάνοις

146 3304 221 3390 πρός
240 3305 273 3370 τό
295 3308 393 3369 πεῖσαί
413 3326 445 3370 σε
466 3302 538 3382 εἶξαι
556 3316 617 3383 τοῖς
642 3313 898 3393 προσταττομένοις
919 3334 972 3376 σοι.
1022 3309 1257 3396 Ιγνάτιοςείπεν·
1276 3313 1319 3396 μὴ

147 3391 247 3471 κάμνε,
265 3392 396 3495 βασιλεῦ,
419 3387 481 3452 ἀλλ’
504 3386 526 3470 ἢ
546 3393 619 3473 πυρί
638 3396 815 3477 παραδίδου,
836 3393 856 3477 ἢ
878 3399 956 3475 ξίφει
975 3395 1064 3476 τέμνε,
1086 3394 1106 3477 ἢ
1127 3399 1216 3483 βυθῷ
1237 3397 1318 3479 ἐπίρ-

148 3476 237 3554 βιπτε,
260 3500 279 3554 η
304 3476 424 3554 θηρίοις
444 3474 569 3553 έκδίδον,
592 3476 642 3539 ἵνα
662 3485 804 3566 πεισθῇς,
826 3479 999 3544 ὅτιτούτων
1018 3476 1090 3560 ἡμῖν
1111 3477 1198 3541 οὐδὲν
1219 3479 1319 3544 δεινὸν

145 3554 196 3619 διά
215 3552 268 3636 τὴν
288 3551 362 3637 πρὸς
382 3554 457 3619 θεόν
476 3554 599 3642 ἀγάπην.

228 3680 269 3737 ΙΙΙ.
315 3669 460 3754 Τραϊανός
480 3670 575 3737 εἶπεν
604 3675 669 3737 τίνει
689 3676 791 3741 ἐλπίδα
812 3677 945 3763 έκόέγη,”
963 3674 1097 3761 Ἰγνάτιε,
1118 3673 1233 3753 τούτοις
1252 3677 1319 3743 ένα-

145 3752 343 3836 ποθνήστιων,
374 3750 419 3829 οἷς
439 3753 558 3861 πάσγων
579 3753 749 3838 ύπομένεις,
771 3757 827 3824 οῦκ
847 3762 901 3863 λέγω
921 3759 1020 3865 λέγειν.
1059 3759 1197 3844 Ἰγνάτιος
1219 3757 1317 3825 εἶπεν·

2 3833 9 3848 ’
59 3885 65 3901 .
146 3841 178 3904 οῖ
196 3838 367 3923 ἀγνοοῦντες
386 3836 438 3901 τόν
457 3846 539 3916 θεον,
561 3837 613 3903 τόν
635 3841 683 3904 έπί
703 3841 820 3906 πάντων
840 3867 942 3925 κυριον
961 3850 1044 3924 ημῶν
1057 3841 1172 3924 Ἰησοῦν
1187 3844 1318 3925 Χριστόν

146 3923 282 4005 ἀγνοοῦσι
309 3920 359 3983 καί
385 3918 421 3983 τά
447 3917 643 4002 ἡτοιμασμένα
671 3922 787 4007 ἀγαθά,
817 3924 892 3989 ὅθεν
920 3925 1051 3989 ἐνταῦθα
1077 3929 1235 4010 λογίζονται
1261 3924 1318 4008 τὴν

145 4005 269 4088 ῦπαρξιν
290 4000 386 4066 αῦτῶν
407 3999 481 4066 εἶναι
502 4002 594 4084 μόνον
615 4004 655 4080 τός
675 4009 801 4070 καὶτῶν
822 4006 936 4092 ἀλόγων
956 4007 1051 4084 ξύων·
1073 4009 1212 4072 ούδένδέ
1227 4011 1318 4073 πλέον

144 4087 214 4168 μετά
235 4084 288 4168 τὴν
309 4084 428 4148 ἐνθένδε
455 4081 624 4168 ἀπαλλαγὴν
655 4088 871 4167 φαντάζονται·
898 4088 982 4172 ἡμεῖς
1012 4092 1043 4155 δέ
1071 4094 1102 4155 οί
1126 4091 1317 4174 γινώσκοντες

194 4239 221 4298 9)
243 4235 293 4287 τὸν
311 4239 350 4286 ‚w
365 4232 416 4315 μὸν
437 4237 520 4288 ’τῖιῖων
537 4232 596 4298 (sic)
616 4234 665 4285 λιι
798 4240 839 4302 λλ)
857 4236 962 4308 ἒκδέχει
982 4241 1031 4290 vat.
1050 4249 1165 4305 utsupra
1187 4256 1316 4311 μεταμε-

197 4305 240 4432 m
258 4304 344 4432 ηδηηηι
361 4318 414 4351 οτι.
745 4301 872 4370 ληθὴσει.
