2886 4882
82 222 209 284 ruhault
229 220 392 281 nrtsnota
415 221 457 278 uh
481 221 748 286 ahntocuuusne
773 226 828 287 vlt.
849 228 916 290 Vlll.
937 230 981 291 lx
1000 234 1031 295 Χ.
1053 234 1096 298 bl.
1115 236 1170 300 ΧΠ.
1197 236 1254 302 311

82 394 119 449 sit
140 390 291 484 anathema.
323 389 474 448 lmitatores
495 384 562 450 mei³
584 400 681 451 estote
716 392 771 452 Pro
792 397 931 457 animabus
951 404 1048 462 vestris
1071 423 1122 482 ego
1144 408 1256 484 efficiar,

82 474 191 550 quando
214 473 349 530 Christum
371 489 497 532 meruero
519 475 643 550 adipisci.
686 475 848 539 Mementote
867 481 1037 545 vinculorum
1057 486 1202 550 meorum.⁴

165 622 229 682 vttl.
273 623 446 700 Presbyteri,
469 627 571 700 pascite
594 645 704 702 gregem
736 623 793 702 qui¹
820 632 848 688 in
869 632 946 691 vobis
976 643 1031 704 est,
1054 638 1143 699 donec
1164 653 1254 705 osten·

80 710 220 766 datheus
249 725 325 777 enm,
354 709 399 783 qni
429 708 535 765 iuturus
567 717 610 766 est
632 711 658 767 in
681 702 772 769 vobis¹
793 722 893 771 rector.
935 715 992 790 Ego
1014 727 1103 778 autem
1125 741 1196 782 nunc
1218 729 1254 785 lc·

79 793 168 861 atino,
191 799 220 847 ut
242 791 378 848 Christum
400 784 589 850 lucrifaciam.³
621 792 731 850 biareni
753 806 909 869 agnoscant,
933 800 1010 857 cuius
1032 803 1087 859 sint
1108 805 1254 880 dignitatis,

80 884 108 932 et
130 874 256 931 studeant
277 891 338 931 esse
361 874 556 948 inculpabiles,
588 882 618 931 nt
644 877 698 933 sint
719 877 819 934 Christi
849 881 1007 940 imitatores.
1048 885 1169 962 Populus
1191 890 1254 949 sub·

80 958 152 1014 ditus
181 959 217 1014 sit
237 957 409 1034 Presbyteris
439 965 465 1013 et
489 957 623 1015 biacouis.
668 958 790 1034 Virgines
820 973 1002 1037 cognoscant,
1034 970 1077 1024 cui
1105 986 1136 1028 se
1158 988 1253 1032 conse·

80 1049 230 1098 eraverunt.

162 1180 204 1239 lll.
250 1180 303 1237 Viri
325 1182 437 1255 diligant
457 1173 597 1255 coniuges¹
618 1198 695 1252 suas,
727 1199 878 1254 memores,
902 1189 965 1260 quia
986 1205 1039 1246 una
1060 1193 1119 1261 uni,
1148 1202 1176 1251 et
1196 1212 1253 1255 non

79 1265 178 1324 multae
204 1255 266 1321 uni’
297 1265 323 1320 in
346 1265 481 1339 principio
504 1273 644 1322 creaturae
667 1266 745 1323 datae
766 1271 879 1326 suntin
901 1273 1116 1343 possessionem.
1160 1276 1250 1337 llulic.

78 1366 122 1407 res
146 1346 329 1406 honorificent
350 1349 423 1404 viros
447 1364 531 1415 suos,
558 1340 599 1404 ut³
622 1365 730 1405 carnem
753 1366 844 1406 suam:
871 1361 899 1408 et
926 1370 981 1411 non
1002 1357 1119 1415 audeaut
1138 1363 1252 1436 proprio

79 1433 186 1490 nomine
216 1449 263 1487 eos
291 1447 397 1486 vocare.
448 1428 541 1487 Sciant
568 1438 673 1505 autern,
702 1431 776 1488 solos
804 1433 877 1491 viros
905 1454 971 1494 suos
998 1455 1139 1514 compares
1168 1439 1252 1514 esss,⁴

78 1515 176 1591 quibus
199 1522 227 1572 et
248 1514 408 1571 coniunctae
432 1523 495 1569 sunt
516 1513 665 1570 secundum
687 1514 886 1574 ordinationem
908 1519 964 1576 Ilei.
1007 1517 1168 1591 Parentes,⁵
1189 1545 1249 1585 eru.

77 1594 131 1656 dite
153 1598 224 1656 lilios
245 1597 400 1653 eruditione
423 1604 524 1652 sancta.
566 1596 639 1666 Filii,
661 1597 793 1655 honorate
815 1610 951 1673 parentes,
972 1612 1003 1660 ut
1020 1604 1091 1662 bene
1110 1609 1146 1665 sit
1162 1609 1249 1681 uobis,

76 1689 104 1738 et
124 1682 185 1738 aitis
206 1681 328 1754 longaeui
350 1696 434 1754 super
455 1687 564 1736 terram.

161 1831 191 1888 ll.
232 1831 350 1900 bomini,
373 1831 456 1887 nolite
478 1829 598 1902 superbe
620 1830 706 1887 servis
728 1831 782 1900 uti,
802 1831 935 1889 imitantes
957 1836 1181 1908 patientissimum
1202 1842 1248 1900 lob

76 1915 211 1972 dicentem
221 1907 238 1969 =¹
264 1913 302 1983 ,Si
325 1930 406 1988 prave
428 1913 544 1975 iudicavi
559 1929 667 1969 servum
690 1930 788 1983 meum,
811 1922 857 1971 aut
877 1915 1001 1974 ancillam
1020 1936 1121 1990 meam,
1143 1924 1249 1983 iudicer

76 2014 128 2072 ego
150 1997 183 2054 ab
205 1998 261 2054 eis:
288 1997 446 2071 quidecim
477 1997 587 2063 laeiam,
614 1995 636 2051 si
666 1995 905 2071 interrogationem
926 2000 1054 2058 hominus
1080 2000 1192 2063 lecerit*
1213 2009 1247 2066 de

75 2077 146 2136 mel‘
167 2090 193 2136 et
214 2088 330 2144 caetera,
354 2096 422 2152 quae
446 2086 613 2151 sequuntur,
635 2077 705 2136 bene
727 2081 823 2137 nostis.
867 2080 958 2151 Servi,
984 2082 1068 2142 nolite
1089 2088 1123 2144 ad
1142 2089 1247 2148 iracun-

76 2164 145 2220 diam
168 2164 194 2220 in
216 2163 307 2236 aliquo
329 2177 480 2236 provocare
502 2152 648 2230 deminus,³
680 2178 715 2219 ne
738 2163 808 2220 lorte
831 2164 932 2237 aliquid
953 2166 1015 2223 mali
1038 2166 1085 2224 dat
1104 2171 1192 2241 robis,
1220 2182 1248 2231 et

72 2261 121 2302 vos
143 2247 193 2320 ipsi
214 2245 291 2302 vobis
314 2245 391 2301 eritis
414 2247 462 2302 rei.

156 2395 198 2452 lll.
240 2396 325 2453 Nemo
352 2396 458 2452 otiosus
486 2385 654 2462 manducet,¹
687 2410 720 2450 ne
749 2410 830 2468 vagus
860 2403 886 2452 et
912 2395 1075 2455 fornicarius
1104 2399 1247 2462 elliciatur.

71 2478 210 2546 Ebrietas,
233 2477 385 2547 iracundia,
407 2478 519 2546 invidia,
539 2475 734 2549 maliloquium,
757 2477 873 2546 clamor,
895 2476 1063 2552 blasphemia
1084 2497 1139 2538 non
1161 2486 1245 2542 nomi·

71 2569 153 2618 uetur
174 2564 200 2618 in
223 2551 321 2617 vohis.¹
353 2561 455 2618 Viduas
477 2578 531 2617 non
555 2561 582 2617 in
604 2558 709 2617 deliciis
731 2569 818 2634 agant,
840 2577 874 2617 ne
895 2577 946 2634 per
965 2559 1095 2619 luxuriam
1117 2564 1246 2625 abiiciant

70 2645 192 2701 verbum.
236 2645 349 2701 Caesari
366 2643 467 2701 subditi
489 2648 576 2700 estole
598 2643 625 2698 in
647 2642 705 2711 his,
728 2644 754 2699 in
776 2642 875 2716 quibus
899 2643 957 2700 sine
978 2645 1101 2718 periculo
1124 2656 1166 2703 est
1187 2648 1246 2723 ipsa

70 2721 225 2785 subiectio.a
266 2728 407 2801 Principes
438 2726 522 2783 nolito
551 2742 728 2799 exasperare,
757 2743 791 2783 ne
822 2726 891 2784 detis
920 2727 1080 2785 occasiones
1102 2730 1245 2790 adversum

69 2803 130 2867 νος*
151 2810 345 2886 quaerentibus
367 2828 423 2867 eas.
465 2811 502 2867 lle
524 2807 664 2866 maleficiis
687 2818 776 2867 autem
799 2819 826 2867 et
846 2808 999 2879 veuellciis,
1026 2810 1066 2867 vel
1088 2813 1245 2886 homicidio,

69 2895 269 2951 exabundanti
291 2902 334 2950 est
354 2893 476 2950 scribere
497 2883 604 2960 vobis,⁶
632 2893 740 2966 quando
770 2894 838 2950 haee
859 2884 952 2949 etiam⁸
980 2893 1007 2949 in
1029 2893 1160 2953 Gentibus
1181 2897 1244 2954 abu·

70 2977 196 3034 minabile
218 2979 255 3034 sit
274 2992 365 3051 agere.
396 2974 469 3033 llaec
491 2984 580 3033 autem
602 2991 656 3032 nou
680 2977 751 3032 sicut
765 2975 911 3050 Apostolus
932 2976 1080 3050 praecipio,
1101 2979 1151 3035 scd
1173 2980 1245 3037 sieut

73 3076 220 3117 censemus
241 3068 331 3116 vester
355 3075 571 3116 commemorans
593 3075 650 3115 vos.

156 3209 209 3265 llll.
252 3208 343 3267 Saluto
367 3217 490 3267 sanctum
511 3207 721 3282 Presbyterium.
765 3205 857 3264 Saluto
888 3216 1078 3265 sacrosanctos
1100 3206 1243 3281 Diaconos,

73 3300 102 3350 et
130 3292 310 3350 desiderabile
339 3293 404 3348 mihi
432 3308 531 3350 nomen
561 3283 647 3358 eius,¹
676 3307 756 3364 quem
786 3291 919 3348 reservavi
948 3308 1001 3364 pro
1028 3309 1071 3348 me
1092 3291 1118 3348 in
1140 3291 1243 3366 Spiritu

73 3383 188 3444 sancto,
218 3391 278 3432 cum
300 3376 436 3432 Christum
458 3389 584 3432 meruero
607 3373 737 3447 adipisci:
766 3390 817 3448 pro
848 3374 926 3430 cuius
948 3374 1036 3431 anima
1057 3390 1108 3448 ego
1129 3374 1242 3432 elliciar.

73 3456 166 3515 Saluto
188 3457 384 3526 subdiaconos,
407 3458 537 3524 lectores,
560 3464 695 3525 cantores,
717 3447 877 3525 ostiarios,¹
898 3455 1066 3525 laborantes,
1095 3459 1244 3516 exorcistas

124 3650 182 3714 Cap.
199 3651 235 3700 lx.
274 3650 297 3713 1)
318 3666 401 3700 encres
421 3650 476 3712 Reg.
725 3646 782 3711 Cap.
801 3647 837 3695 lll.
875 3645 899 3709 l)
917 3646 1040 3696 manducet
1060 3647 1109 3696 Pal.

126 3717 232 3780 aJt'occ.
245 3726 266 3767 rt
279 3735 323 3768 nea
332 3720 418 3767 multoe
431 3720 473 3766 cati
484 3715 534 3764 des.
546 3714 570 3764 in
583 3715 639 3776 lleg.
723 3729 752 3795 2)
770 3730 830 3793 pr.
851 3729 874 3787 5,
893 3729 917 3778 3,

72 3784 182 3834 Cetenrm
200 3787 231 3833 cl.
250 3785 338 3839 blall.
350 3786 388 3834 15.
408 3784 489 3834 blattb.
501 3783 605 3846 l9,lsq.
723 3796 751 3860 3)
770 3797 889 3860 ,muno
908 3796 964 3858 fleg,

124 3850 152 3973 Ξ)
169 3853 231 3969 :propt
251 3852 307 3969 ῗῑῗο
366 3922 369 3929 ·
724 3880 751 3944 4)
769 3895 796 3928 ue
815 3880 874 3928 detis
893 3882 1039 3931 mensionem
1057 3881 1178 3930 adeersum
1195 3893 1238 3928 noe

311 3937 321 3968 s
346 3935 407 3967 circs
437 3932 555 3980 corpores
581 3932 638 3965 scos

74 4000 127 4034 esse
138 3985 204 4046 l'al.;
225 3985 280 4034 add.
300 4002 358 4036 suns
372 3994 428 4049 post
440 3999 559 4047 compares
569 3983 639 4033 etiam
693 3964 706 3997 ⁸
718 3984 754 4078 ¹5)

73 4053 97 4101 in
117 4053 173 4101 lte.

123 4068 276 4182 ttgt’crentes
295 4135 347 4171 cero
365 4120 414 4171 l'al.
442 4118 476 4166 Cl.
495 4117 556 4180 Eplt.
574 4118 598 4173 6,
615 4117 640 4166 3.
674 4097 725 4133 mm
744 4081 802 4144 ΗΕΒ·
908 4166 912 4175 ,

125 4185 183 4247 (hp,
201 4187 227 4235 χ,
266 4187 290 4248 p)
308 4187 358 4236 pop,
375 4188 416 4247 31,
438 4185 466 4235 13
477 4200 514 4248 sq,
725 4165 752 4229 u)
770 4166 862 4230 pecude
881 4171 952 4214 etiam
969 4162 1085 4213 haecl’al.

127 4251 375 4315 anconitanensem
395 4254 441 4303 ine,
460 4251 509 4300 Pal.
528 4251 584 4312 llcg.
948 4296 952 4305 ,

122 4319 150 4379 3)
169 4321 276 4370 domines
296 4336 420 4383 provocare
444 4317 508 4375 tat,
532 4318 639 4367 dominos
725 4297 782 4362 cll·
804 4298 850 4348 ΧΠ·
887 4294 913 4360 Ῑ)
930 4310 982 4344 ‘⁸¹⁴⁸
1002 4308 1049 4343 ⁰¹¹¹·
1066 4293 1122 4358 Μ·

71 4400 200 4450 provocare
218 4386 274 4450 lleg.
725 4381 752 4446 2)
769 4381 899 4431 hostiarios
917 4378 967 4428 l'al.
984 4377 1041 4441 lleg.

770 4029 801 4063 en
819 4013 963 4063 abundantio
987 4020 1022 4063 est
1044 4015 1143 4064 scribon
1160 4012 1238 4060 cobia-
