2886 4882
510 676 565 725 ΑΙ)
601 674 919 726 MAGNESIOS.

204 815 346 890 ignatius,
375 815 421 888 qui
443 823 470 871 et
490 815 688 892 Theophorus,
717 815 877 875 benedictae
905 819 990 892 gratia
1012 816 1059 875 bei
1086 820 1171 894 patris
1193 821 1221 877 in
1243 822 1305 882 lesu

255 898 363 954 Christo
376 897 509 955 salvatore
535 908 639 968 nostro,
661 901 689 956 in
710 917 765 973 quo
789 900 876 958 saluto
893 901 1047 972 ecclesiam,
1068 919 1137 975 quae
1149 902 1302 978 Magnesiae

254 990 298 1039 est
319 981 354 1038 ad
374 981 555 1054 Maeandrum,
577 991 698 1059 optoque
721 984 748 1041 in
765 983 819 1041 beo
840 993 918 1060 patre
940 986 1017 1043 etin
1039 984 1102 1044 lesu
1116 986 1223 1044 Christo
1245 988 1302 1063 plu·

255 1065 349 1122 rimam
372 1064 494 1123 salutem.

505 1210 683 1263 lCNthUS
709 1210 923 1263 decursus.

207 1345 362 1426 *lgnatiue
384 1352 430 1424 qui
451 1360 480 1408 et
500 1352 690 1426 Theophoms,
712 1351 870 1410 benedictae
890 1369 942 1427 per
964 1355 1077 1428 gratiam
1098 1353 1146 1413 Ilei
1168 1354 1254 1413 Patris
1277 1358 1304 1414 in

256 1436 319 1491 lesu
338 1434 453 1503 Christo,
475 1435 614 1491 salvatore
635 1443 741 1503 nostro,
764 1436 791 1491 in
815 1452 869 1508 quo
891 1436 978 1493 saluto
994 1436 1152 1506 Ecclesiam,
1174 1456 1242 1512 quae
1264 1449 1306 1497 est

258 1517 410 1591 Magnesiae
432 1518 465 1573 ad
480 1517 663 1588 Maeandrum,
685 1526 805 1593 optoque
827 1518 921 1576 iubeo
935 1519 1015 1577 Patre
1038 1529 1066 1578 ct
1087 1521 1306 1580 inlesuChristo

257 1600 403 1675 plurimum
424 1601 552 1675 gaudere.

468 1776 488 1832 Ι.
524 1777 618 1835 Cocco
639 1775 769 1851 poetae
789 1782 815 1832 et
829 1776 882 1850 pie
902 1783 975 1835 cote.

219 1915 284 1974 Cum
307 1917 465 1974 charitatem
485 1926 602 1975 vestram
625 1917 780 1992 religiosam
801 1917 923 1991 perbene
945 1920 1095 1977 ordinatam
1109 1921 1307 1994 cognovissem,

130 2000 270 2058 exsultans
289 2018 338 2057 vos
369 2000 471 2057 iulide
494 2001 555 2058 lesu
580 2001 680 2058 Christi
702 2000 802 2074 alloqui
825 1999 943 2058 decrevi.
984 2003 1100 2060 Ornatus
1123 2005 1194 2060 enim
1222 2004 1307 2061 hono·

131 2083 336 2141 riheentissimo
355 2085 465 2141 nomine
487 2084 547 2154 liei,
571 2085 598 2140 in
619 2083 747 2153 vinculis,
771 2100 840 2157 quae
863 2084 1039 2155 circumfero,
1062 2086 1144 2143 laudo
1166 2086 1306 2157 ecclesias,

133 2167 235 2241 quibus
256 2169 385 2224 unionem
407 2176 471 2241 opto
495 2184 555 2224 cum
578 2184 660 2224 carne
683 2176 710 2224 et
731 2167 830 2241 spiritu
852 2166 914 2224 lesu
936 2168 1051 2238 Christi,
1075 2171 1121 2242 qui
1143 2171 1308 2243 sempiterna

134 2259 177 2306 est
197 2251 250 2306 vita
266 2260 369 2319 nostra,
390 2259 418 2307 et
437 2252 566 2307 unionem
588 2252 615 2306 iu
638 2249 692 2307 fide
715 2257 742 2306 et
763 2250 904 2320 charitate,
928 2252 972 2307 cui
994 2252 1061 2309 nihil
1081 2252 1308 2327 praeferendum

133 2334 248 2390 maxime
269 2350 333 2390 vero
356 2334 484 2391 unionem
504 2351 566 2392 cum
588 2333 650 2390 lesu
671 2342 699 2390 et
719 2331 808 2400 Patre,
830 2334 935 2406 inquo,
958 2351 1066 2393 omnem
1078 2336 1210 2409 principis
1226 2335 1307 2391 huius

135 2416 221 2474 sectili
242 2417 295 2473 vim
317 2417 482 2474 sustinentes
505 2424 532 2474 et
554 2416 708 2485 evadentes,
730 2416 785 2473 nco
807 2417 950 2490 potiemur.

218 2559 266 2623 ⁴1.
295 2566 360 2624 Cum
382 2569 556 2643 cognoverim
574 2566 712 2625 caritatem
728 2573 843 2624 vestram
865 2568 1016 2626 seeundum
1037 2568 1120 2626 neum
1143 2567 1243 2642 optime
1266 2583 1308 2625 or·

136 2652 262 2720 dinatam
285 2651 405 2708 exultans
427 2652 515 2708 animo
537 2651 679 2726 proposui,
701 2651 729 2706 in
751 2649 804 2708 tide
828 2649 891 2709 lesu
905 2652 1007 2709 Christi
1028 2668 1076 2709 vos
1098 2650 1207 2725 alloqui.
1242 2648 1308 2708 Cum

135 2737 206 2794 enim
226 2751 326 2792 nornen
350 2735 572 2809 augustissimum
596 2734 684 2792 divina
706 2734 861 2807 dignatione
883 2737 1029 2793 meruerim
1057 2737 1084 2791 in
1113 2735 1156 2792 his
1184 2734 1307 2805 vinculis,

135 2835 204 2895 quae
225 2817 399 2885 circumfero,
420 2817 544 2875 laudibus
567 2817 654 2875 ellero
667 2817 814 2887 Ecclesiae,
838 2819 864 2874 in
889 2818 987 2892 quibus
1001 2827 1075 2895 opto,
1098 2820 1308 2892 sempervivere

134 2903 262 2959 unionem
285 2901 374 2958 carnis
402 2909 428 2957 et
460 2900 571 2976 spiritus
594 2901 656 2959 lesu
678 2901 777 2958 Christi
799 2901 946 2958 salvatoris
969 2903 1072 2972 nostri,
1102 2901 1166 2958 fidei
1198 2918 1307 2975 quoque

135 2995 162 3043 et
184 2978 319 3053 caritatis,
347 3001 401 3057 qua
421 2984 488 3040 nihil
508 2986 706 3058 praestantius,
728 2992 755 3040 et
776 2984 850 3058 quod
872 2985 958 3041 maius
988 2993 1046 3054 est,
1069 2984 1131 3042 lesu
1163 2993 1191 3041 et
1212 2983 1309 3053 Patria,

134 3069 163 3124 in
185 3084 241 3142 quo
263 3068 426 3123 sustinentes
449 3084 542 3125 omues
565 3067 681 3126 insultus
710 3067 843 3125 violentos
866 3066 946 3124 buius
975 3068 1060 3125 seculi
1087 3076 1114 3124 et
1136 3066 1308 3141 effugientes,

135 3152 220 3209 beuru
241 3166 449 3224 consequemur.

506 3301 538 3358 ll.
581 3300 696 3360 Gaudeo
716 3301 816 3375 legetis
837 3301 943 3358 uectav‘a.

219 3418 283 3476 Cum
305 3421 396 3492 itaque
419 3418 515 3492 dignus
538 3418 589 3473 sim
611 3415 733 3485 habitus,
761 3417 853 3474 videre
875 3433 923 3473 vos
951 3432 1001 3490 per
1023 3415 1129 3472 bamam
1151 3417 1309 3494 episcopum

136 3510 255 3559 vestmm
277 3502 333 3559 Deo
356 3502 482 3577 dignum,
510 3510 537 3556 et
558 3517 608 3575 per
630 3499 727 3574 dignos
748 3499 924 3575 presbyteros
947 3497 1059 3556 Bassum
1082 3507 1110 3556 et
1130 3499 1310 3575 hpoMouium,

220 3647 276 3707 *lh
316 3650 448 3719 Quoniam
478 3667 544 3725 ergo
567 3650 664 3725 dignus
687 3648 741 3718 lui,
769 3650 861 3707 videre
889 3666 938 3706 vos
960 3666 1011 3725 per
1032 3648 1153 3718 bamam,
1186 3662 1311 3710 sanetum

138 3734 302 3809 Episcopum
332 3741 469 3804 vesunu,
498 3734 651 3809 dignosque
679 3733 861 3808 Presbyteros
892 3731 1005 3790 bassum
1033 3741 1060 3790 et
1084 3732 1256 3808 Apollonium
1280 3741 1313 3803 et

140 3962 280 4025 Smithium3
308 3962 377 4012 adest
407 3959 432 4008 iu
455 3958 531 4009 Codd.
557 3958 613 4010 ct.
648 3959 708 4010 Lec-
743 3958 904 4009 Laurentiano
932 3956 1014 4009 Codex
1046 3957 1063 4008 C
1093 3972 1190 4024 quoque
1212 3955 1314 4007 'exbibet

139 4029 212 4078 donis
233 4044 261 4080 τε
279 4029 404 4092 vestigium
418 4028 552 4077 Pearsonus
569 4027 711 4090 recognovit
744 4021 910 4096 τευξόμεθα.

139 4096 163 4145 iu
182 4104 227 4146 ret.
244 4097 296 4156 lnt,
316 4096 357 4160 qui
380 4094 425 4156 leg.
443 4089 483 4145 aii.
795 4094 853 4158 Cap.
872 4094 898 4144 ll.
936 4092 961 4156 1)
980 4093 1090 4143 Protesin
1108 4091 1163 4140 binc
1175 4089 1312 4141 inchoatam

190 4163 217 4227 8)
236 4164 305 4225 Fugit
320 4161 399 4212 lossii
424 4161 498 4210 aciem
520 4161 592 4211 lectio
618 4156 710 4219 τευξό-
744 4161 850 4224 scriptor
866 4161 952 4210 iterum
969 4159 1060 4210 inducit
1078 4174 1099 4208 c.
1115 4159 1144 4218 6,
1168 4155 1249 4217 ibique
1269 4157 1313 4207 ab·

137 4233 218 4299 μεθα
244 4230 268 4279 in
292 4231 325 4291 L,
356 4242 409 4278 curn
434 4228 617 4292 imprimendum
640 4243 710 4278 cure·
744 4228 824 4278 solvit.
861 4228 909 4278 Cir.
933 4228 976 4290 Cp.
1002 4225 1033 4276 ad
1056 4224 1117 4289 lipb.
1140 4239 1162 4273 c.
1190 4222 1211 4272 i.
1233 4217 1316 4278 ’Euat

138 4298 200 4347 verit
217 4292 392 4376 φευξόμεθα,
410 4295 470 4344 illud
488 4295 584 4359 quidem
603 4294 633 4344 de
652 4310 712 4344 con·
745 4284 796 4348 οὖν
812 4295 869 4345 κτλ.

141 4365 233 4416 iactura
263 4371 327 4415 nous
357 4362 505 4416 adscribens.
552 4361 611 4413 Cum
648 4361 711 4414 libro
797 4362 824 4427 2)
838 4355 995 4414 enotovhv
1012 4357 1071 4409 Cl..
