2886 4882
297 229 421 289 tousttt
443 230 606 292 urtsruttt
625 234 669 292 dh
692 231 1020 293 Pfflutnstrttuttstts.
1048 234 1078 292 tt.
1099 233 1143 291 Vl.
1247 231 1307 295 179

128 397 157 454 V.
194 396 279 455 Orate
298 415 350 471 pro
371 416 422 463 me,
445 401 494 472 gui
516 400 706 473 confugienti
728 402 915 477 Euangeliou
936 411 961 459 et
981 400 1132 478 Apostolos.
1159 402 1305 463 flemme

540 501 623 556 edum
641 501 790 574 prophetas
813 503 842 562 t.
866 503 895 558 Τ.

210 615 319 671 Fratres
341 616 410 683 mei,
432 615 508 673 ralde
530 614 633 672 ellusns
654 634 714 673 sum
737 617 763 672 iu
786 634 906 674 amorem
926 616 1018 685 vestri,
1043 626 1070 674 et
1089 617 1163 676 valde
1186 618 1301 678 laetatus

127 697 230 754 roboro
251 715 315 767 ros3
335 715 391 754 non
414 715 465 772 ego
488 715 562 766 vero,
586 699 636 755 sed
660 699 737 756 lesus
761 700 895 769 Christus,
919 702 997 757 euius
1019 702 1105 774 gratia
1121 703 1301 778 rinctusplus

127 783 227 847 timeo,
250 798 312 838 eum
333 781 422 838 adhue
446 784 471 837 in
493 783 533 836 ius
562 783 670 857 eripiar.
711 781 767 840 Sed
790 785 876 840 oratio
899 792 987 840 vestra
1010 784 1043 840 ad
1065 785 1148 841 heum
1172 803 1215 842 me
1240 803 1301 861 per·
1392 831 1400 845 .

127 864 214 933 liniet,
245 873 275 921 ut
303 873 377 921 sorte
401 882 451 938 per
472 865 688 922 misericordiam
710 866 775 922 mihi
797 869 933 941 assignata
954 866 1060 941 potiar,
1083 868 1246 943 confugiens
1266 870 1302 927 ad

126 947 296 1023 Evangehum
317 958 444 1021 tanquam
466 948 498 1003 ad
514 948 696 1022 corporaliter
710 958 883 1023 praesentem
898 950 1043 1018 Christum,
1066 959 1094 1007 et
1106 951 1140 1008 ad
1153 952 1301 1025 Apostolos

127 1041 253 1105 tanquam
276 1032 309 1087 ad
331 1048 462 1107 praesens
485 1031 619 1089 ecelesiae
641 1032 852 1108 presbyterium.
895 1034 950 1090 Sed
978 1045 1006 1090 et
1028 1034 1178 1109 Prophetas
1209 1035 1302 1111 diliga-

126 1131 196 1183 mus,
219 1114 280 1188 quia
302 1125 329 1171 et
351 1115 403 1188 ipsi
425 1114 596 1188 Evangelium
618 1116 843 1185 annuntiaverint,
865 1125 893 1174 et
914 1118 941 1174 iu
963 1117 1100 1174 Christum
1121 1119 1300 1192 speraverint,

126 1206 154 1254 et
175 1199 264 1272 ipsum
286 1199 515 1274 exspectaverint,
535 1216 688 1274 perquem
711 1208 739 1256 et
760 1199 906 1258 credentes
928 1200 1040 1257 salutem
1064 1202 1207 1258 consecuti
1228 1209 1301 1272 sunt,

127 1281 188 1338 lesu
216 1280 325 1338 Christo
356 1281 441 1354 uniti,
474 1298 536 1338 eum
565 1291 659 1338 essent
681 1284 784 1354 saneti,
813 1300 906 1341 amore
928 1291 956 1341 et
976 1284 1154 1342 admiratione
1176 1285 1302 1360 digni,a

127 1364 317 1458 leanhristo
340 1365 522 1422 testimonium
545 1365 651 1440 adepti,
674 1374 702 1424 et
724 1368 912 1425 connumerati
933 1367 961 1424 in
980 1366 1124 1443 Evangelio
1148 1369 1208 1442 spei
1229 1384 1302 1427 cour·

128 1465 224 1505 iuuurs.

210 1593 267 1656 Ὗ.
311 1599 420 1656 Fratres
444 1600 511 1667 inei,
534 1601 613 1657 nitriis
635 1600 740 1658 ellusus
763 1617 823 1657 sum
845 1616 937 1657 amore
958 1600 1059 1669 vestri,
1088 1609 1116 1658 et
1143 1601 1300 1676 superexul·

128 1693 187 1740 tans
209 1682 309 1757 gaudio
331 1684 489 1757 praemunio
508 1700 571 1752 ros3
599 1700 653 1741 nou
676 1692 766 1741 autem
787 1700 848 1757 ego,
870 1683 920 1740 sed
940 1683 1016 1741 lesus
1039 1683 1175 1753 Christus,
1195 1686 1222 1742 in
1245 1702 1300 1761 quo

127 1768 233 1823 rinctus
255 1765 317 1841 plus
340 1766 436 1834 timeo,
460 1775 488 1822 ut
510 1776 606 1841 postea
628 1767 718 1824 adhuc
746 1767 937 1842 imperleetus:
968 1766 1017 1824 sed
1043 1768 1182 1842 praecario
1210 1776 1300 1827 restra

127 1850 162 1906 ad
183 1849 267 1906 heum
289 1865 331 1907 me
353 1849 493 1924 perheiet,
515 1858 558 1918 ut,
582 1852 608 1907 in
630 1868 685 1926 qua
706 1858 781 1908 sorte
802 1857 913 1907 uocatus
943 1867 1018 1919 sum,
1046 1867 1106 1908 eam
1136 1867 1301 1927 consequar,

127 1933 290 2007 confugiens
311 1932 345 1988 ad
368 1932 555 2007 Euangeliou,
578 1943 705 2009 unquam
734 1935 768 1991 ad
797 1950 906 1991 earnem
929 1933 1006 2002 lesu,
1035 1943 1064 1992 et
1091 1935 1125 1991 ad
1145 1933 1300 2010 sponsus,

126 2015 199 2073 relut
219 2015 254 2072 ad
273 2015 480 2091 Presbyterium
501 2017 646 2075 Ecclesiae.
687 2016 741 2075 Sed
764 2026 791 2074 et
812 2017 964 2091 Prophetas
986 2017 1144 2092 deligimus,
1168 2035 1201 2076 eo
1224 2018 1299 2093 quod

127 2108 156 2155 et
175 2100 229 2174 ipsi
249 2099 277 2155 in
301 2098 473 2174 Evangelium
495 2101 676 2168 enuntiarunt,
699 2109 726 2158 et
749 2101 775 2157 in
798 2101 887 2175 ipsum
906 2100 994 2158 lesum
1017 2109 1163 2175 sperarunt
1183 2117 1300 2177 eumque

127 2190 319 2257 expertarunh
350 2184 377 2240 in
402 2200 456 2257 quo
478 2186 558 2240 etiam
580 2185 726 2243 eredentes
748 2184 862 2241 salutem
884 2185 1025 2242 consecuti
1048 2192 1124 2253 sunt,
1147 2186 1174 2240 in
1196 2185 1299 2242 unitate

130 2265 191 2322 lesu
219 2265 334 2333 Christi,
361 2267 411 2323 viri
439 2269 540 2335 saneti3
570 2268 660 2342 digni,
691 2283 761 2340 quos
790 2282 910 2323 amemus
943 2276 971 2324 et
999 2266 1178 2334 admiremur,
1201 2284 1217 2323 a
1237 2266 1300 2326 lsstt

128 2349 236 2406 Christo
258 2350 442 2407 testimouium
467 2351 566 2425 adepti,
588 2360 616 2409 et
636 2349 824 2408 connumerati
848 2349 873 2404 iu
895 2347 1038 2424 Evangelio
1060 2350 1120 2423 spei
1138 2350 1301 2408 eommunis.

409 2500 449 2555 Vl.
491 2500 547 2556 Nee
568 2508 661 2557 11111111
681 2500 861 2556 Juduismum
882 2498 1024 2554 admittite.

212 2615 241 2672 Si
263 2617 326 2691 quis
348 2624 436 2674 autem
457 2615 535 2672 vohis
557 2615 721 2674 ludaismum
741 2613 888 2691 praedicet,
911 2628 945 2669 ne
968 2611 1082 2670 audiatis
1104 2628 1174 2670 eum.
1205 2610 1301 2671 Melius

130 2708 172 2756 est
193 2701 280 2770 enim,
307 2701 400 2756 ariro
422 2699 584 2757 circumciso
607 2699 840 2756 Christianismum
867 2696 977 2764 audire,
1007 2712 1088 2770 quam
1119 2695 1152 2752 ah
1184 2694 1300 2755 habenis

130 2784 299 2858 praeputium
322 2781 495 2840 Iudaismum.
519 2783 546 2839 Si
569 2792 658 2840 autem
679 2783 788 2856 utrique
811 2781 845 2837 de
864 2781 926 2838 lesu
940 2779 1047 2837 Christo
1070 2796 1126 2836 non
1147 2780 1301 2854 loquantur,

130 2867 174 2922 isti
196 2866 260 2923 mihi
284 2866 425 2923 columnae
447 2866 634 2941 sepulchrales
656 2875 683 2923 et
703 2874 872 2922 mortuomm
902 2872 966 2921 sunt
987 2872 1172 2932 monumenta,
1202 2862 1302 2939 quihus

131 2949 269 3007 homiuum
291 2951 400 3006 nomina
422 2950 558 3007 dumtaxat
580 2950 709 3024 inscripta
731 2957 801 3005 suut
845 2946 940 3021 ttugite
962 2948 1044 3020 igitur
1068 2947 1151 3004 malas
1178 2955 1252 3005 artes
1274 2955 1302 3005 et

131 3032 242 3090 insidias
257 3033 390 3107 principis
404 3033 491 3089 seculi
509 3033 597 3098 huius,
619 3049 654 3089 ne
679 3032 787 3106 quando
806 3030 950 3105 prudentia
972 3032 1032 3086 eius
1054 3031 1180 3105 oppressi
1197 3031 1223 3086 iu
1240 3028 1301 3087 eha-

130 3117 208 3172 ritate
236 3115 394 3190 langueatis.
432 3114 487 3173 Sed
515 3132 609 3172 omnes
636 3116 704 3172 uuiti
725 3115 785 3171 sitis
807 3113 941 3170 indivulso
964 3113 1057 3170 corde.
1086 3113 1190 3171 Gratias
1212 3118 1302 3170 aulem

130 3214 180 3271 ago
202 3198 257 3255 heo
279 3216 355 3268 meo,
388 3199 460 3273 quod
484 3199 574 3272 quoad
596 3216 645 3256 ros
666 3198 738 3255 hona
760 3197 892 3272 gaudeam
922 3197 1106 3266 couscientia,
1135 3211 1187 3253 uec
1214 3197 1303 3269 possit

213 3336 278 3404 ‘'vt.
320 3346 349 3404 Si
371 3350 432 3422 quis
450 3356 538 3405 autern
552 3346 714 3405 Iudaismum
730 3346 808 3404 robis
822 3348 1023 3421 interpretatur,
1039 3345 1113 3403 illum
1126 3363 1180 3403 nou
1196 3345 1303 3417 audits3

130 3429 229 3488 melius
250 3431 321 3488 euim
344 3439 387 3488 est
406 3431 439 3487 ah
460 3431 569 3487 homine
598 3431 760 3488 circumciso
783 3429 1016 3487 Christianismum
1045 3428 1154 3500 audire,
1185 3445 1303 3505 qusma

131 3532 187 3571 non
216 3515 379 3572 circumciso
402 3515 573 3571 Iudaismum.
615 3512 643 3569 Si
672 3530 735 3570 vero
766 3514 875 3586 utrique
904 3514 937 3570 de
957 3513 1019 3569 lesu
1037 3512 1146 3570 Christo
1175 3529 1231 3570 nou
1262 3510 1301 3569 lo·

132 3605 263 3671 quantur,
286 3598 314 3654 hi
335 3599 401 3655 mihi
424 3598 496 3672 cippi
519 3595 685 3671 sepulcrales
708 3605 736 3654 et
755 3604 930 3654 monumenta
952 3604 1016 3653 suut
1035 3603 1220 3666 mortuomm,
1243 3596 1301 3671 qni·

131 3680 184 3737 hus
206 3681 344 3737 hominurn
367 3682 476 3738 nomina
498 3682 635 3739 dumtaxat
656 3680 787 3755 inscripta
809 3687 881 3736 sunt
923 3678 1018 3753 Fugite
1042 3695 1109 3753 ergo
1123 3679 1205 3736 malas
1219 3687 1302 3749 artes,

132 3771 161 3820 et
181 3764 294 3820 insidias
317 3765 449 3838 principis
477 3765 558 3822 huius
588 3764 694 3833 seculi,
725 3781 759 3820 ne
786 3761 895 3836 quando
923 3761 1056 3819 sententia
1078 3763 1137 3820 eins
1158 3761 1253 3819 alhieti
1273 3762 1302 3817 iu

132 3846 244 3903 caritate
273 3845 460 3904 infirmemini:
491 3848 540 3905 sed
570 3864 665 3905 omnes
695 3847 722 3903 in
750 3861 832 3902 unum
861 3846 1017 3920 conspirate
1047 3846 1131 3903 corde
1161 3842 1303 3902 indivulso.

133 3929 238 3987 Gratias
260 3937 349 3987 auteur
373 3948 424 4005 ago
446 3931 501 3989 heo
523 3947 599 4001 meo,
622 3930 696 4005 quod
720 3928 791 3988 hene
813 3929 941 3985 conscius
969 3927 1035 3985 mihi
1062 3945 1122 3985 sum
1154 3927 1188 3984 de
1217 3923 1303 3995 robis,

183 4139 211 4201 t)
230 4139 383 4189 holstenius:
407 4140 431 4189 te·
452 4139 509 4189 milri
538 4140 601 4203 cippi
618 4141 701 4204 sepul·
735 4137 874 4189 Codicisl
898 4130 1129 4200 ἒξασθενήσεται,
1164 4131 1230 4213 qnod
1258 4130 1304 4183 irn-

133 4207 209 4256 crules
230 4213 250 4255 el
268 4213 416 4257 monumento
434 4213 487 4257 suot
504 4212 655 4256 mortuorum.
735 4205 824 4271 pressit
845 4206 914 4256 Voss.
937 4203 1067 4256 coniiciens
1092 4193 1230 4284 dinuderp
1233 4210 1305 4253 usse

734 4273 803 4337 Apud
832 4274 913 4338 interp
915 4272 948 4323 ol.
979 4270 1053 4321 habes
1088 4214 1304 4333 liundorum,

184 4339 211 4404 ὁ)
229 4337 432 4421 ἔξασθενὴσετε
451 4341 505 4392 dedi
525 4340 592 4401 e.,C
611 4340 635 4389 iu
652 4354 701 4404 guo
736 4339 802 4405 quod
820 4340 935 4405 expressit
952 4340 1013 4400 lae,
1036 4340 1121 4411 utpote
1138 4348 1243 4398 gramma
1205 4279 1305 4389 ωεξηἭ,

134 4403 354 4473 lescheriensi
384 4424 458 4474 supra
487 4424 507 4461 ε.
547 4406 611 4458 idem
639 4405 700 4456 11111
736 4407 869 4459 canonibus
885 4406 960 4471 magia
978 4375 1134 4455 conveniens.
