2886 4882
272 228 399 291 tonant
419 228 582 292 uersuum
602 233 645 290 ab
668 233 839 293 EPHCSIOS.
872 235 1173 298 x11.xtn.xmxv.
1252 237 1311 301 133

133 395 328 469 menuctus,
349 400 507 476 martyrium
528 411 704 473 consecutus,
727 412 755 461 et
773 403 853 479 digne
866 402 961 463 beatus
983 414 1034 471 est,
1053 405 1087 464 ad
1102 407 1180 468 aufus
1200 411 1312 486 vestigia

133 483 274 557 contingat
294 484 360 541 mihi
389 495 420 542 ut
446 484 581 555 inveniar,
613 488 721 561 quando
743 488 791 545 bei
812 489 949 564 particeps
971 489 1022 558 fro,
1052 492 1098 564 qui
1120 500 1176 551 tota
1196 496 1311 569 epistola

132 583 237 623 memor
259 569 344 624 vestri
365 576 408 624 εει
429 569 457 624 iu
480 569 587 626 Christo
610 570 679 627 Iesu.

133 710 158 758 et
180 700 369 757 testimonium
397 711 561 760 consecutus
583 712 633 773 est,
656 705 807 779 meritoque
829 704 1002 762 beatissimus
1024 705 1206 780 praedicatur,
1229 712 1307 768 cuius

132 786 158 840 in
179 784 303 858 vestigiis
326 785 429 841 utinam
452 803 508 860 ego¹
534 788 663 853 inveniar,
687 805 747 844 cum
769 789 853 845 heum
875 797 970 846 nactus
992 788 1087 859 fuero,
1109 793 1156 864 qui
1177 793 1205 848 in
1226 796 1309 851 omui·

131 867 182 924 bus
205 867 331 942 epistoIis
353 870 410 925 suis
431 878 550 927 vestrum
572 871 694 927 meminit
715 871 742 926 iu
763 871 870 929 Christo
894 872 964 929 Iesu.

396 1019 462 1076 IIIII.
507 1021 653 1079 Conuenite
673 1024 787 1096 saepius
807 1025 847 1080 od
869 1023 973 1081 coitum
996 1023 1058 1081 bet.

215 1124 281 1183 Date
305 1127 394 1200 itaque
419 1144 538 1202 oporam,
561 1138 591 1185 ut
613 1128 738 1186 erebrius
760 1131 964 1205 congregemini
986 1131 1019 1187 ad
1036 1130 1137 1206 gratias
1153 1131 1209 1189 heo
1229 1149 1309 1206 agen·

131 1210 196 1278 das,
226 1210 309 1266 etad
332 1210 586 1271 cumlaudandum.
631 1213 742 1280 Quando
776 1215 847 1270 enim
877 1215 986 1290 saepius
1019 1215 1046 1271 in
1075 1216 1191 1273 eundem
1219 1216 1308 1273 iocum

130 1294 291 1363 convenitis,
314 1292 511 1351 labefactantur
532 1297 604 1351 vires
623 1295 745 1365 Satanae,
768 1304 796 1352 et
817 1298 963 1354 eoncordia
984 1306 1089 1356 vestrae
1112 1297 1176 1356 fidei
1195 1300 1308 1356 solvitur

129 1378 248 1445 exitum
272 1376 346 1449 qrrod
368 1377 412 1433 ilie
434 1379 525 1434 infert.
552 1378 622 1435 Nihil
645 1379 826 1453 praestantius
848 1397 913 1455 pace
936 1389 985 1450 ost,
1008 1400 1060 1456 qua
1080 1379 1208 1440 aboletur
1226 1399 1306 1440 omne

128 1459 231 1517 mhum
254 1459 413 1517 coelestium
436 1469 464 1517 et
485 1468 664 1519 terrenorum.

215 1605 303 1667 *mit
335 1610 398 1667 bate
421 1612 511 1685 itaque
527 1629 647 1687 operam,
669 1622 698 1670 ut
712 1613 837 1670 crebrius
851 1615 1053 1687 congregemini
1068 1613 1102 1671 ad
1113 1614 1309 1688 Eucharistiam

130 1695 301 1770 gloriamque
322 1694 378 1750 hei.
410 1695 521 1763 Quando
544 1698 615 1752 enim
638 1697 796 1771 frequenter
818 1698 845 1753 in
867 1713 950 1753 unum
963 1698 1121 1766 convenitis,
1143 1698 1306 1756 labefactan-

131 1789 176 1835 tur
195 1779 268 1835 vires
291 1776 422 1846 Satanae,
452 1787 479 1834 et
500 1781 608 1836 esitium
637 1797 668 1836 ac
690 1780 825 1854 pernicies
855 1781 913 1836 cius
936 1789 1026 1838 vestro
1049 1781 1076 1838 in
1096 1781 1150 1839 fide
1172 1799 1308 1840 consensu

131 1860 299 1918 dissolvitur.
340 1860 411 1917 Nihil
432 1865 615 1937 praestantius
637 1872 680 1919 est
698 1880 777 1937 pace,
801 1880 854 1937 qua
877 1880 956 1921 omne
978 1863 1080 1922 bellum
1103 1864 1232 1923 oboletur
1247 1884 1308 1924 coe·

130 1945 240 2002 testium
260 1953 287 2000 et
308 1947 487 2002 terrestrium.

129 2095 194 2154 niv.
218 2097 345 2154 Teneotia
366 2096 449 2170 fidem
472 2102 496 2151 et
519 2095 690 2162 charitatem,
713 2106 737 2154 ει
757 2099 886 2171 operibus
899 2115 948 2156 ooo
963 2097 1132 2157 Christianos
1142 2102 1309 2174 praebeatis.

213 2212 333 2282 Quorum
355 2212 421 2269 nihii
450 2229 498 2269 vos
521 2212 601 2281 fatet,
632 2214 655 2269 si
682 2214 803 2287 perfecte
832 2214 982 2272 habueritis
1013 2215 1040 2271 in
1062 2214 1151 2271 Iesum
1173 2216 1307 2274 Christum

133 2295 213 2353 fidem
236 2305 263 2351 ot
285 2297 452 2362 charitatem,
474 2313 543 2369 quae
566 2298 670 2353 initium
693 2299 760 2354 vitae
782 2305 809 2353 et
830 2297 892 2354 huis
914 2306 985 2353 sunt.
1014 2297 1180 2370 Principium
1196 2301 1306 2371 quidem

133 2378 215 2448 fides,
250 2379 311 2435 finis
338 2395 404 2436 vero
427 2380 552 2436 charitas.
596 2379 668 2436 Haec
691 2388 779 2436 autem
802 2381 855 2435 duo
885 2382 912 2435 in
944 2397 1027 2436 unum
1059 2382 1185 2435 coeuntia
1213 2383 1305 2437 abeo

131 2473 211 2535 sunt5
240 2465 330 2519 onmia
357 2479 422 2519 vero
450 2462 500 2518 alia
531 2463 564 2519 ad
590 2463 753 2536 probitatem
784 2469 963 2518 consectanea
994 2470 1066 2518 sunt.
1108 2460 1202 2517 Nullus
1225 2462 1306 2518 fidem

131 2545 266 2620 profitens
288 2553 397 2619 peccat,
420 2561 509 2618 neque
531 2545 691 2601 charitatem
714 2544 860 2617 possidens
883 2544 949 2599 odit.
991 2543 1132 2599 Manifesta
1157 2551 1200 2598 est
1226 2542 1308 2599 arbor

132 2645 162 2685 ex
185 2629 275 2685 fructu
297 2645 364 2694 suo;
387 2628 518 2697 similiter,
540 2629 585 2701 qui
607 2627 771 2701 profitentur
792 2643 822 2683 sc
848 2626 1017 2683 Christianos
1032 2642 1103 2692 esse,
1126 2641 1159 2681 ea
1173 2626 1215 2694 iis,
1239 2642 1307 2698 quae

131 2711 241 2779 faciunt,
266 2720 423 2768 cernentur.
465 2711 524 2767 Non
548 2712 619 2766 onim
648 2726 719 2767 nuno
741 2708 913 2784 professione
936 2726 1006 2783 opus
1029 2717 1086 2777 est,
1115 2709 1165 2766 sed
1191 2709 1215 2765 si
1244 2709 1306 2784 quis

132 2795 158 2851 in
180 2797 278 2852 virtute
300 2795 364 2852 fidei
388 2796 538 2851 inveniatur
557 2810 645 2867 usque
668 2794 700 2849 ad
723 2792 813 2849 finem.

214 2941 312 3000 *xm
355 2946 476 3015 Quorum
505 2945 572 3002 nihil
603 2962 650 3002 vos
679 2944 757 3012 latet,
787 2945 809 3000 si
832 2944 980 3018 perfectam
1003 2944 1028 3001 iu
1051 2943 1141 3001 Iesum
1171 2942 1307 3000 Christum

133 3027 237 3085 habetis
259 3027 341 3085 fidem
364 3038 391 3085 et
413 3030 560 3098 caritatem,
584 3045 653 3103 quae
676 3028 782 3084 initium
805 3028 873 3084 vitae
896 3036 939 3085 est
960 3027 1072 3084 utfinis.
1119 3027 1225 3083 Initium
1249 3027 1305 3099 qui·

134 3111 195 3168 dem
218 3110 294 3181 fides,
317 3112 379 3169 finis
401 3121 489 3169 autem
513 3114 623 3178 caritas;
657 3113 709 3167 duo
732 3119 821 3168 autem
844 3111 893 3167 ista
916 3113 1024 3184 quoties
1048 3111 1074 3166 in
1098 3127 1181 3166 unum
1197 3116 1308 3176 coeunt,

134 3195 181 3250 IJei
204 3202 282 3262 sunt,
313 3203 403 3252 cetera
431 3205 520 3252 antem
544 3195 632 3251 omnia
655 3195 688 3250 ad
709 3194 872 3268 probitatem
895 3201 1078 3251 consentanea
1109 3200 1179 3248 sunt
1223 3191 1307 3248 Nemo

133 3277 215 3334 fidem
236 3277 379 3351 professus
404 3287 515 3353 peecat3
538 3294 589 3334 nec
614 3278 752 3334 caritatem
776 3276 921 3350 possidens
944 3276 1008 3333 odit.
1038 3274 1308 3350 Dignosciturarbor

132 3377 165 3416 ea
187 3361 277 3417 fructu
299 3378 365 3430 suo;
387 3363 428 3418 sio
450 3362 496 3436 qui
519 3378 549 3417 se
574 3361 742 3417 Christianos
765 3376 826 3416 essc
848 3360 1028 3433 profitentur,
1051 3376 1084 3415 en
1105 3358 1154 3425 iis,
1177 3375 1246 3432 quae
1270 3358 1307 3414 fa·

133 3445 217 3510 ciunt,
238 3446 451 3518 perspiciuntur.
492 3444 546 3500 Res
568 3460 622 3499 non
645 3445 697 3498 iam
719 3444 746 3499 in
768 3442 943 3516 professione
964 3442 1105 3509 consistit,
1127 3441 1177 3499 scd
1199 3443 1222 3498 si
1245 3441 1306 3515 quis

132 3526 160 3583 iu
181 3528 280 3583 virtute
304 3526 366 3584 fidei
391 3528 543 3585 inveniatur
562 3541 650 3599 usque
672 3524 706 3581 ad
728 3524 820 3582 finem.

190 3676 243 3732 XV.
285 3678 348 3734 Non
370 3678 510 3751 loquentes
532 3677 630 3741 sotum,
652 3677 701 3733 aad
723 3682 747 3730 ot
768 3676 878 3732 sileotm
899 3675 1049 3732 Dominum
1065 3673 1255 3748 profiteamur.

215 3793 310 3850 ifelius
333 3802 382 3861 est,
405 3801 496 3850 tacere
518 3802 546 3849 et
568 3808 644 3861 esse,
666 3807 747 3864 quam
769 3792 926 3865 toquentem
948 3808 1002 3847 non
1024 3807 1096 3847 esse.
1139 3789 1245 3846 bonum
1266 3798 1309 3845 est

132 3877 250 3945 docere,
274 3877 312 3945 si,
337 3876 383 3951 qui
406 3876 487 3945 dicit,
518 3876 605 3932 faciat.
647 3872 722 3930 Unus
744 3875 826 3948 Igitur
847 3874 959 3943 doctor,
984 3873 1030 3948 qui
1054 3873 1137 3943 dixit,
1160 3880 1187 3928 et
1208 3872 1307 3928 factum

215 4022 292 4082 *xtt
334 4028 456 4084 Praestat
478 4032 567 4082 tacere
591 4032 618 4081 et
636 4041 707 4095 esse,
730 4042 810 4099 quam
832 4023 970 4099 quuendo
992 4039 1046 4079 non
1067 4039 1136 4080 esse.
1163 4019 1309 4091 Pufchrum

132 4117 175 4167 est
197 4109 311 4178 docere,
342 4111 366 4166 si
396 4109 442 4182 qui
465 4108 544 4176 dicit,
577 4109 646 4165 idem
669 4108 758 4165 faciat.
801 4107 874 4165 Unus
903 4124 969 4181 ergo
999 4107 1142 4180 magister,
1164 4103 1209 4174 qm
1235 4101 1307 4169 dixit,

184 4272 210 4334 2)
230 4270 352 4321 Sententia
377 4268 491 4318 cohaeret
519 4281 571 4317 cum
598 4275 703 4316 ennemo
738 4281 790 4317 esse
811 4265 968 4316 Christianum
993 4266 1045 4315 atae
1071 4263 1170 4325 strepitat
1185 4263 1307 4315 sorborum

131 4356 152 4389 c.
173 4338 211 4389 II.
246 4339 339 4388 Idcirco
364 4352 412 4386 non
429 4350 502 4384 sensu
523 4334 627 4396 generali
651 4349 703 4383 cum
738 4333 924 4397 interpretanda.

130 4406 197 4456 Italis
214 4405 385 4469 inteiligenda‚
412 4403 455 4454 sed
474 4402 567 4452 Smitho
593 4409 704 4451 monento
785 4401 812 4464 3)
832 4400 881 4450 Cir.
897 4401 964 4449 hom.
982 4397 1006 4459 2,
1028 4396 1068 4447 at.
