2886 4882
193 238 251 302 138
368 281 374 291 -
405 242 528 300 tenerit
550 243 712 302 rrtsrota
734 245 776 300 no
799 243 970 301 arnosto&
1005 243 1057 309 xii.
1080 242 1144 299 xxt.

190 403 239 465 καὶ
267 397 432 465 ἀναστάσει·
461 397 595 481 nemore?
622 399 674 465 ἕάν
701 399 718 466 ὁ
745 398 847 485 κύριός
874 425 924 481 μοι
945 398 1139 488 ἀποκαλύψῃ,
1163 400 1219 464 ίίτι3
1242 402 1272 464 οί
1291 397 1357 463 κατ’

189 482 282 568 ἀνδρα
304 493 388 572 κοινῷ
408 481 514 559 πάντες
533 486 565 548 ἕν
584 483 678 567 χύριτι
699 487 729 562 ἐξ
760 483 904 567 ὀνόματος
931 486 1103 566 συνέρχεσθε
1131 485 1162 548 ἐν
1190 492 1241 569 μιᾷ
1268 487 1362 548 πίστει

190 570 240 632 καλ
261 569 292 632 ἕν
308 567 405 651 Ἰησοῦ
429 574 545 655 Χριστῷ
556 571 575 648 ,⁴
597 577 636 657 τῷ
657 568 729 633 κατά
751 568 843 651 σύρκα
865 569 1017 654 ἔτιγένους
1038 570 1150 649 Δαβὶδ,
1172 575 1212 655 τῷ
1233 570 1289 655 υίῷ
1311 566 1360 631 ἀν-

190 650 314 734 θρύπου
344 655 391 715 καί
423 654 478 739 υίῷ
503 656 595 729 Θεοῦ,
627 655 668 729 είς
688 652 720 718 τὸ
741 651 902 718 ύπακούειν
921 650 998 733 ύμᾶς
1018 660 1057 739 τῷ
1080 650 1228 738 ἕπισιιόπῷ
1249 654 1298 715 καὶ
1319 661 1360 738 τῷ

189 739 381 822 πρεσβυτερίῷ
403 733 604 823 ἀπερισπάστῳ
626 739 755 823 διανοίῃ,
779 738 830 801 ἕνα
851 736 938 820 ἀριον
967 739 1115 812 κλῶντεςῇ
1136 735 1169 810 ύς
1189 737 1265 799 ἐστιν
1287 735 1360 816 φύρ-

188 845 282 900 μακον
310 819 489 897 ἀθανασίας,
519 818 668 897 ἀντίδοτος
693 827 746 886 τοῦ
773 819 812 904 μὴ
840 821 1021 898 ἀποθανεῖν,
1044 816 1116 885 ἀλλά
1143 827 1194 903 ζῆν
1214 821 1246 883 ἐν
1263 817 1361 901 Ἰησοῦ

191 909 307 991 Χριστῷ
329 902 379 966 διά
398 900 515 979 παντός.

530 1063 595 1120 xxi.
640 1065 724 1122 Orate
743 1084 795 1139 pro
818 1082 860 1120 me
882 1071 907 1119 et
927 1067 1024 1121 valeta.

268 1170 452 1252 Ἀντίψυχονῑ
479 1169 561 1253 ύμῶν
588 1168 657 1256 ἐμοὶ,
688 1172 737 1233 καί
766 1169 814 1235 δνί
850 1172 996 1252 ἐπέμψατε
1022 1173 1062 1246 είς
1093 1174 1169 1235 Θεοῦ
1205 1169 1290 1253 τιμὴν
1320 1176 1361 1248 είς

189 1255 345 1360 Σμύρναν,
372 1254 446 1319 ὅθεν
467 1257 516 1318 καὶ
536 1253 640 1340 γράψω
661 1252 748 1335 ύμῖν,
770 1254 943 1339 εὐχαριστῶν
964 1261 1004 1342 τῷ
1026 1258 1133 1341 κυρίῳ,
1155 1253 1275 1339 ἀγαπῶν
1299 1263 1360 1320 Πο-

188 1347 336 1424 λυκαρπον
357 1337 396 1414 ῶς
415 1339 475 1402 καί3
498 1337 583 1421 ύμᾶς.
626 1339 835 1421 Μνημονεύετέ
853 1365 918 1420 μου,
941 1336 981 1413 τίς
1002 1340 1050 1402 καί
1066 1337 1148 1421 ύμῶν
1159 1341 1272 1422 Ἰησοῦς
1290 1347 1359 1422 Χρι-

188 1420 263 1499 στός,
308 1420 512 1506 Προσεύῃεσθε
534 1420 606 1506 ύπὲρ
627 1429 679 1505 τῆς
701 1423 852 1505 ἐκκλησίας
872 1431 924 1504 τῆς
945 1423 1093 1511 ίνΣυρίηι,
1116 1422 1190 1488 ὅθεν
1211 1426 1361 1506 δεδεμένος

189 1508 231 1583 είς
250 1504 362 1588 Ῥεύμην
384 1505 549 1591 ἀπάγομαι,
570 1508 687 1588 ἔσχατος
707 1504 748 1569 ῶν
769 1513 827 1570 τῶν
849 1508 909 1571 ἐκεῖ
934 1514 1057 1585 πιστῶν,
1087 1505 1194 1589 ῶσπερ*
1226 1506 1361 1589 ἠξιώθην

189 1591 231 1667 είς
261 1589 346 1673 τιμὴν
371 1594 446 1654 Θεοῦ
476 1587 643 1673 εύρεθῆναι
678 1586 849 1674 Ἔρρωσθεὅ
879 1592 910 1655 ἐν
932 1595 996 1678 Θεῷ
1022 1592 1109 1675 πατρί
1137 1593 1186 1655 καὶ
1214 1593 1245 1656 ἐν
1263 1590 1360 1675 Ἰησοῦ

193 1679 323 1761 Χριστῷ,
345 1682 380 1762 τῇ
402 1681 487 1763 κοινῷ
508 1676 603 1738 ἐλπίδι
622 1672 727 1757 ἡμῶν.ο

189 1863 397 1873 Μ...-

150 1968 158 1985 “
241 1980 268 2038 2)
287 1980 357 2031 Noite
389 1993 442 2027 caim
469 1993 546 2041 eoque
575 1979 626 2042 Hes.
658 1980 695 2028 ed.
719 1979 755 2027 iv.
791 1993 844 2027 enm
866 1992 976 2028 mancum
1003 1977 1101 2028 Vossius
1128 1981 1158 2029 ita
1184 1982 1276 2029 restitui
1295 1983 1359 2031 sirit:

190 2045 372 2120 προδηλῶσω.
791 2047 869 2114 κοινῇ
887 2034 937 2097 υάν
955 2042 1061 2103 πάντες
1079 2045 1109 2097 ἐν
1127 2042 1224 2114 χάριτι
1247 2046 1275 2105 ἐξ
1293 2045 1360 2098 ὀνό-

240 2117 267 2177 3)
286 2114 480 2173 Scribami·obi5‚
499 2114 641 2177 praesertim
667 2115 687 2163 si
706 2115 755 2163 lieo
790 2130 879 2180 ματος
893 2115 1062 2181 συνέρχεσθε
1081 2112 1112 2164 ἐν
1124 2118 1177 2183 μιᾷ
1190 2117 1294 2177 πίστει,
1313 2115 1358 2164 καὶ

190 2184 282 2233 favente
301 2182 397 2231 nuntius
415 2182 472 2230 mihi
485 2181 620 2243 eontigerit,
640 2197 682 2231 ros
700 2197 757 2245 per-
791 2180 833 2233 ἑνὶ
843 2180 933 2244 Ἰησοῦ
943 2182 1059 2248 Χριστῷ
1071 2183 1109 2247 τῷ
1123 2179 1194 2233 κατὰ
1205 2176 1359 2249 σύραακτλ.

189 2264 300 2301 severare
317 2248 340 2297 in
358 2250 448 2298 unitate
473 2263 525 2297 cum
549 2249 674 2312 episcopo.
712 2250 756 2299 ntii
793 2248 841 2298 Sed
860 2265 907 2297 non
927 2266 988 2313 opus
1007 2250 1050 2297 iiac
1069 2251 1234 2299 emendatione
1256 2258 1319 2310 erat,
1338 2251 1357 2298 si

189 2317 221 2379 (e.
239 2333 261 2379 g.
279 2317 411 2366 Wochenis
429 2317 452 2365 in
471 2318 579 2365 versione
597 2318 759 2380 Epistularum
794 2316 861 2364 i'oss.
880 2317 992 2366 Cndieem
1017 2317 1034 2365 t
1053 2317 1186 2367 accuratius
1209 2319 1359 2373 exeiassisset,

191 2386 216 2436 S.
235 2385 318 2447 ignatii
343 2385 489 2445 germanica)
510 2391 566 2447 post
590 2379 758 2454 ἀποκαλύψῃ
793 2383 883 2447 qnippe
914 2385 953 2447 qni
980 2384 1049 2432 sicuti
1072 2383 1088 2431 C
1121 2392 1240 2434 exaratum
1267 2385 1360 2443 habeat,

189 2459 299 2517 punctum
315 2459 417 2514 ponunt,
436 2461 459 2501 et
478 2452 597 2514 epodosin
615 2447 758 2502 adei'rrete.
793 2459 818 2499 nt
836 2452 979 2515 impressum
998 2460 1041 2499 est.
1067 2451 1110 2501 ΙΙΙε
1130 2459 1207 2501 antem
1237 2453 1275 2502 eti.
1294 2467 1360 2504 συν-

188 2519 257 2570 initio
276 2518 360 2582 rapitis
377 2520 499 2584 sequentis
517 2529 634 2585 quaerunt
649 2536 683 2564 -τ
702 2523 758 2584 qnia
793 2519 927 2585 τρίχεσθε
944 2535 967 2582 μ.
983 2522 1163 2585 συνέρχεσθε,
1182 2535 1248 2569 voce.
1266 2518 1296 2570 δι’
1306 2525 1360 2590 μιᾷ

189 2602 231 2638 τοι
249 2589 311 2637 eniti
329 2589 395 2646 estis,
415 2595 435 2636 et
455 2603 481 2636 ee
500 2603 524 2636 re
542 2589 705 2646 mereareatis,
725 2615 759 2622 —
793 2588 888 2637 πίστει
906 2587 951 2635 καλ
970 2587 1153 2649 praetermissis.

190 2656 242 2706 ideo
259 2663 281 2704 et
302 2670 344 2717 τρο
362 2671 403 2704 eos
420 2670 526 2704 recreem.
552 2654 578 2704 H.
614 2656 671 2704 Post
688 2652 759 2704 ἀπο-
845 2655 870 2714 5)
890 2654 1012 2703 Gratiani:
1032 2654 1075 2702 che
1089 2669 1185 2713 ognnno
1200 2656 1223 2704 di
1235 2657 1360 2706 rnietutti

189 2715 302 2791 καλύψῃ
320 2722 345 2769 in
364 2722 411 2770 CL
431 2729 453 2770 et
476 2737 559 2785 apogr.
578 2722 696 2771 Hoistenii
720 2721 757 2769 di·
794 2722 816 2770 in
848 2737 948 2770 comune
976 2721 1193 2770 caritateroimente
1225 2723 1246 2771 vi
1274 2724 1361 2772 riunite

191 2788 287 2838 stinatio
307 2788 403 2836 omnino
424 2788 495 2837 nulia.
532 2788 626 2837 Rectius
645 2797 709 2837 certe
730 2804 756 2837 ex
791 2804 835 2851 per
854 2805 923 2838 nome
948 2789 971 2838 in
988 2803 1033 2835 uria
1052 2787 1181 2836 merissima
1200 2789 1265 2848 tede,
1290 2791 1359 2838 enei

190 2870 257 2905 more
276 2855 402 2916 scriptoris
425 2856 555 2904 membrum
579 2849 623 2904 ὅτι
646 2854 673 2903 oi
691 2853 755 2905 κατ’
791 2855 846 2904 solo
873 2856 934 2906 Gesn
962 2855 1048 2905 Cristo.
1084 2854 1132 2902 Cir.
1158 2855 1201 2917 Ep.
1224 2856 1255 2904 ad
1278 2857 1358 2920 ΡοΙῃο..

191 2914 282 2991 ἀνδρα
300 2921 330 2969 ad
347 2921 510 2970 antecedentia
529 2920 636 2971 trahitur.
663 2923 756 2971 flnnsen
792 2938 812 2970 o.
831 2925 853 2973 4.
873 2932 896 2973 et
914 2923 944 2971 ad
963 2925 1056 2985 Smyrn.
1075 2938 1094 2971 ο.
1117 2922 1153 2971 13.

190 2996 248 3054 post
265 2982 433 3057 ἀποκαλύψῃ
460 2989 532 3038 coion
555 3003 647 3051 ponens
672 3005 756 3039 noram
842 2991 868 3052 6)
887 2991 1008 3048 κλῶντες
1024 2990 1100 3050 Voss,
1119 2991 1240 3047 κλῶντος
1260 2990 1317 3050 te,
1336 2992 1360 3040 in

191 3057 309 3122 quandam
320 3056 512 3105 revelationem
525 3057 645 3118 scriptore
658 3071 757 3121 exspec—
792 3059 859 3107 euius
879 3074 953 3120 marg.
973 3056 1038 3127 περὶ
1058 3055 1243 3125 εὐχαριστίας.

190 3131 262 3175 tetam
271 3131 345 3187 pentat.
364 3122 452 3172 Contra
460 3123 629 3174 diritUirihorn
638 3124 652 3172 l.
662 3125 677 3175 Ι.
687 3126 756 3188 psi.
842 3124 899 3188 Cap.
917 3127 973 3176 xxi.
1002 3128 1025 3188 1)
1038 3127 1094 3176 ttire
1109 3126 1249 3175 variantriri
1259 3127 1324 3175 docti
1336 3127 1360 3176 in

240 3190 267 3251 4)
286 3190 409 3240 {ncorae
422 3190 569 3254 adscriptum
583 3186 757 3260 ,παράνειλῗψ
792 3193 836 3241 hae
858 3208 918 3241 rece
940 3194 1127 3258 interpretanda.
1163 3193 1234 3243 flecte
1262 3194 1360 3243 Hoiste·

193 3253 297 3320 ταύτην
306 3255 355 3321 τὴν
367 3255 549 3327 μαρτνρίανό
562 3254 756 3326 Θεοδιύρητος.“
792 3259 844 3308 ains
865 3260 905 3309 λὀτ
923 3264 1049 3311 πραπίδι
1068 3266 1145 3312 anima
1156 3262 1259 3310 τοτίοτετ
1279 3262 1359 3311 ieter.

191 3325 289 3376 Praeter
307 3326 451 3375 Theodoreti
469 3325 529 3376 niat.
552 3327 570 3375 1.
588 3334 651 3376 αιτιοι
671 3327 695 3376 in
711 3327 757 3376 Ge·
843 3327 868 3389 ’2)
888 3314 928 3378 ῶν
951 3330 987 3377 rei
1012 3324 1060 3384 οὓς
1085 3328 1187 3378 coniecit
1210 3328 1360 3388 Cateierius;

192 3391 246 3441 iasii
263 3392 304 3441 tib.
323 3392 352 3442 de
369 3394 465 3442 Duabus
484 3393 588 3454 naturis,
608 3409 635 3442 ex
652 3410 700 3457 quo
720 3394 757 3441 Ιο-
791 3395 834 3444 sed
853 3395 886 3444 nii
906 3404 995 3445 mutes:
1016 3416 1046 3439 =
1065 3392 1231 3456 naturitati,
1253 3388 1288 3444 δν
1306 3395 1320 3440 i.
1339 3413 1359 3443 e.

62 4316 341 4596 Λ
