2886 4882
108 203 168 266 534
546 194 684 251 ιιειιιιιε
706 191 843 250 mma.

112 352 153 423 ῶν
179 352 322 434 ἐύρακας;
357 350 546 434 Ἀποκριθεὶς
573 347 653 435 αύτῷ
680 349 752 432 λέγω
774 347 880 430 Κύριε,
906 352 992 452 τοῶηο
1012 342 1124 453 ,μόνον
1155 349 1309 454 αέτοόριαι,

109 441 175 518 περὶ
195 444 253 500 τῶν
274 443 361 517 τριῶν
382 443 504 516 μορφῶν
522 441 575 515 τῆς
594 432 788 515 πρεσβυτέρας
814 433 865 494 ἵνα
885 454 974 511 μοιη
1003 437 1216 535 αποιραλυψις
1245 441 1308 496 ολο·

110 521 193 599 τελής
223 521 347 604 γένηται.
394 517 583 600 Ἀποκριθείς
618 541 667 598 μοι
703 514 777 599 λέγει
806 514 903 596 Μέχρι
929 515 1187 617 τίνοςρασιρνετοί
1224 518 1306 622 έστρς

111 604 174 670 ἄλλ’
199 605 231 665 αἱ
248 606 384 684 διψυχίαι
404 600 486 682 ύμῶν
507 598 665 675 ἀσυνέτους
685 595 762 678 ύμεῖς
783 605 903 660 ποιοῦσι
924 598 1028 698 καλτρ
1061 622 1104 678 μη
1135 600 1226 705 ἔχειν,
1251 625 1305 706 εηγ

110 689 234 767 καρδίαν
256 683 337 767 ύμῶν
357 683 431 766 πρὸς
453 682 503 747 τὸν
522 681 632 760 κύριον.
671 679 861 781 Ἀποκριθεὶς
884 677 963 767 αύτῷ
986 688 1077 744 παλιν
1097 677 1193 746 εἷπον
1222 690 1288 746 An

111 770 170 838 ύιτύ
193 777 260 844 σού,
282 767 378 852 κύριε,
400 766 600 849 άκριβέστερον
620 762 710 839 αύτάς
731 773 916 848 γνωσομεθα.

196 929 237 984 λλ.
269 916 394 992 ’‘Anove,
422 919 510 996 φησί,
541 916 607 996 περὶ
636 922 693 977 τῶν
721 921 809 995 τριῶν
838 920 961 996 μυρφῶν
982 903 1024 976 ῶν
1045 913 1203 994 ἐπιζητεῖς.
1256 923 1299 1003 Τῇ

113 1003 164 1083 μέν
193 999 291 1088 πρώτη
318 999 416 1081 ὁράσει
442 996 491 1061 διά
518 1001 545 1060 τί
571 997 749 1076 πρεσβυτέρα
779 994 871 1077 ῶφθη
908 1017 955 1059 σοι
984 995 1035 1099 γραλ
1063 997 1110 1059 έπλ
1141 998 1298 1079 καθέδρας

112 1087 280 1165 καθημένης
301 1083 370 1146 Ὅτι
391 1080 422 1144 τὸ
444 1090 558 1160 πνεῦμα
578 1079 660 1160 ὑμῶν
681 1078 875 1162 πρεσβύτερον
904 1079 955 1142 καὶ
980 1081 1038 1159 ηδη
1065 1084 1297 1162 μεμαρασμένον

111 1172 161 1231 καὶ
188 1165 227 1246 μὴ
256 1168 320 1244 έχον
350 1163 474 1243 δύναμιν
502 1162 560 1226 άπὸ
590 1170 648 1226 τῶν
674 1161 821 1245 άμαρτιῶν
850 1160 933 1242 ύμῶν
963 1163 1013 1225 καὶ
1042 1169 1102 1226 τῶν
1131 1167 1294 1246 διψυχιῶν.

103 1250 218 1331 Ὥσπερ
237 1248 291 1331 γάρ
314 1250 345 1311 οἰ
363 1246 549 1327 πρεσβύτεροι
569 1247 668 1327 μηκέτι
690 1248 800 1326 έχοντες
819 1247 937 1320 ἐλπίδας
952 1252 1004 1309 τοῦ
1016 1243 1184 1310 ἂνανεῶσαι
1203 1246 1293 1313 οὐδέν

113 1332 182 1397 άλλο
203 1333 408 1412 προσδέχωνται
429 1333 456 1394 ελ
475 1328 516 1411 μὴ
538 1327 591 1410 τὴν
611 1333 725 1411 κοίμηνι
748 1327 855 1413 αὐτῶν,
877 1327 954 1392 ούτω
973 1329 1024 1391 καλ
1042 1327 1125 1409 ύμεῑς
1147 1328 1209 1395 άπύ
1234 1341 1293 1397 τῶν

113 1421 257 1499 βιωτικῶν
277 1412 452 1498 πραγμάτων
470 1411 691 1495 παραδεδώκατε
714 1409 835 1486 έαυιούς
856 1414 897 1487 είς
920 1409 971 1485 τάς
991 1410 1131 1514 άκηδίας)
1163 1417 1215 1478 καλ
1238 1415 1292 1480 οὐκ

114 1502 287 1578 έπερρίψατε
309 1498 419 1561 έαυτῶν
439 1494 490 1570 τάς
511 1499 649 1578 μερίμνας
671 1497 718 1559 ἐπὶ
738 1493 789 1560 τὸν
808 1493 925 1576 κύριον·
947 1492 1020 1598 άλλύι
1032 1496 1193 1600 ἐθραυρθη
1208 1496 1291 1580 ύμῶν

113 1580 134 1662 ἡ
156 1579 270 1645 διάνοια
290 1583 339 1644 καὶ
361 1578 561 1658 έπαλαιιύθητε
582 1587 645 1653 ταῖς
662 1577 766 1654 λύπαις
787 1575 878 1657 ύμῶν.
923 1584 984 1643 Δια
1002 1586 1087 1643 τοῦτο
1107 1604 1164 1644 ουν
1187 1582 1220 1645 έν
1241 1610 1291 1647 κα-

114 1666 209 1746 θέδρα
230 1663 365 1744 ἐκάθητο.
452 1665 473 1726 .²
495 1660 607 1741 ἤθελον
628 1670 752 1744 γνῶναι,
774 1659 865 1738 κύριε.
898 1660 968 1724 Ὅτι
995 1668 1054 1737 πᾶς
1082 1661 1217 1745 άσθενέγς
1244 1668 1289 1730 έπλ

114 1727 262 1824 καθέδρας
283 1752 396 1822 καθίζει
418 1743 467 1808 διά
488 1743 540 1824 τὴν
561 1743 718 1809 ἀσθένειαν
738 1742 845 1822 αύτοῦ,
867 1746 916 1808 ἵνα
945 1753 1136 1834 συγκρατηθῇ
1157 1744 1180 1829 ἡ
1203 1746 1289 1815 άσθέ.

115 1854 177 1893 νεια
198 1837 250 1891 τοῦ
272 1827 403 1907 σώματος
424 1825 524 1890 αὐτοῦ.
568 1823 673 1891 Εἶδον3
696 1827 747 1892 τὸν
767 1825 859 1891 τύπον
879 1835 933 1909 τῆς
951 1825 1068 1910 πρώτης
1086 1827 1228 1914 ὁράσεως.

198 1983 253 2037 ΧΙΙ.
299 1982 342 2062 Τῇ
363 1975 394 2037 δέ
416 1975 534 2062 δευτέρη
556 1974 652 2057 ὁράσει
675 1974 748 2052 εἶδες
770 1976 864 2060 αὐτὴν
883 1977 1038 2059 έστηκυῖαν
1059 1982 1110 2044 καλ
1127 1978 1184 2061 τὴν
1215 1980 1288 2061 ὄψιν

113 2058 254 2139 νεωτέραν
274 2059 395 2138 ἔχουσαν
414 2061 462 2122 καί
486 2060 657 2142 ίλαρωτέραν
677 2059 757 2143 παρά
778 2061 810 2126 τὸ
831 2061 981 2143 πρότερον,
996 2059 1056 2144 ’τὴν
1077 2064 1108 2128 δέ
1123 2063 1221 2147 σάρκα
1241 2068 1289 2131 καὶ

114 2138 163 2215 τάς
191 2144 287 2224 τρίχας
313 2143 515 2226 πρεσβυτέρας.
549 2140 674 2220 Ἄκουε,
703 2149 794 2225 φησί,
823 2145 873 2208 καλ
900 2143 1006 2226 ταύτην
1037 2144 1089 2226 τὴν
1110 2148 1289 2231 παραβολήν.

105 2223 200 2288 Ὅταν
219 2224 412 2309 πρεσβύτερός
433 2253 475 2300 τις
496 2224 639 2314 άπελπίση
661 2226 766 2292 ἑαυτὸν
788 2227 838 2291 διά
858 2224 913 2308 τὴν
934 2225 1090 2294 ἀσθένειαν
1119 2232 1214 2297 αὐτοῦ
1240 2236 1288 2297 καί

114 2306 167 2388 τὴν
187 2308 367 2391 πτωχότητα,
396 2309 482 2375 οὐδέν
511 2310 608 2393 ἕτερον
633 2313 816 2394 προσδέχεται
844 2314 871 2375 εἰ
894 2309 933 2393 μὴ
955 2311 1009 2394 τὴν
1037 2311 1158 2395 ἐσχάτην
1178 2313 1290 2398 ἡμέραν

113 2400 167 2472 τῆς
188 2399 262 2474 ζωῆς
283 2393 389 2457 αύτού·
413 2391 473 2458 εἶτα
492 2395 631 2474 ἐξαίφνης
651 2400 829 2476 κατελείφθη
851 2391 931 2457 αὐτῶ
949 2402 1070 2475 κλῆρος·
1091 2401 1141 2462 καὶ
1160 2397 1290 2476 άκούσας

114 2477 271 2559 ἐξηγέρθη,
294 2478 342 2540 καλ
365 2475 519 2558 περιχαρὴς
539 2476 692 2560 γενόμενος
715 2476 868 2541 ἐνεδύσατο
887 2457 940 2558 τίγν
964 2477 1054 2559 ἰσχύν,
1076 2482 1124 2544 καλ
1146 2481 1203 2547 ούκ
1226 2486 1289 2549 ἐπα·

113 2558 258 2634 νάκειται,
281 2559 341 2624 ἀλλ’
367 2561 475 2641 έστηκει
496 2563 545 2623 καὶ
567 2558 739 2624 άνανεοῦεαι
760 2563 852 2623 αὐτοῦ
874 2558 906 2624 τύ
924 2569 1039 2642 πνεῦμα
1054 2562 1159 2646 τύῆδη
1176 2567 1290 2650 ἐφθαρ

114 2645 201 2722 μένον
232 2641 289 2706 άπύ
321 2650 379 2705 τῶν
405 2643 551 2724 προτέρων
581 2642 671 2707 αὐτοῦ
697 2641 890 2727 πραγμάτων,
919 2646 968 2708 καὶ
997 2645 1052 2710 οὐκ
1084 2648 1124 2711 έτι
1146 2649 1290 2733 κάθηται,

114 2721 176 2788 ἄλλ’
208 2723 376 2828 ἀνδρίζεται.
423 2725 507 2789 Ούιω
541 2728 588 2789 καλ
620 2722 702 2808 ὑμεῖς
709 2778 717 2805 ,
746 2725 921 2801 ἀκούσαντες
951 2726 1005 2808 τὴν
1037 2727 1231 2811 ἀποκάλυψιν
1256 2733 1292 2814 ἢν

113 2805 183 2887 ύμῖν
205 2806 221 2870 ὁ
242 2834 341 2889 κυριος
362 2807 565 2886 ἀπεκάλυψεν,
587 2808 633 2872 ὅτι
653 2809 885 2894 εύσπλαγγνίσθη
907 2807 955 2886 ἐφ’
980 2810 1062 2891 ύμῶν
1089 2816 1139 2878 καλ
1168 2814 1292 2881 άνενεῶ-

114 2892 176 2953 σαι’
203 2888 235 2954 τύ
263 2899 377 2971 πνεῦμα
403 2888 502 2971 ύμῶν,
531 2892 580 2955 καλ
602 2889 752 2962 άπέθεσθε
772 2892 824 2969 τάς
846 2897 989 2973 μαλακίας
1009 2892 1107 2976 ύμῶν,
1129 2901 1181 2962 καλ
1201 2923 1291 2983 προσ-

112 2980 206 3055 ῆλθεν
234 2971 302 3054 ύμῖν
330 2974 479 3056 ἰσχυρότης
506 2974 555 3038 καί
580 2975 820 3059 ἐνεδυναμώθηιε
846 2977 878 3038 ἐν
897 2984 932 3063 τῇ
953 2981 1061 3061 πίστει,
1096 2984 1146 3045 καὶ
1178 2982 1292 3049 ι’δῶνύ

114 3054 214 3137 κύριος
243 3055 298 3138 τέγν
325 3060 542 3138 ίσγυροποίησιν
569 3054 653 3138 ύμῶν
681 3059 782 3142 ἐχάρη·
809 3060 859 3124 καλ
888 3058 937 3122 διὰ
969 3069 1053 3126 τοῦτο
1084 3065 1294 3150 έδηλοποίησεν

113 3135 182 3216 ύμῖν
201 3137 255 3219 τὴν
276 3139 434 3220 οἰκοδομὴν
453 3148 505 3203 τοῦ
526 3136 658 3222 πύργον·
680 3147 730 3206 καλ
751 3145 831 3226 έτερα
853 3141 993 3223 δηλῶσει,
1015 3143 1066 3209 ἐάν
1087 3148 1117 3224 ἐξ
1145 3147 1219 3233 ὅλης
1240 3161 1294 3235 τῆς

114 3223 235 3297 καρδίας
255 3219 419 3302 εἰρηνεύητε
441 3224 471 3285 ἐν
495 3225 616 3296 ἑαυτοῖς.

198 3376 264 3433 ΧΙΙΙ.
311 3375 355 3457 Τῇ
379 3369 411 3433 δέ
439 3375 517 3460 τρίτη
546 3369 644 3451 δράσει
673 3370 746 3450 είδες
774 3373 865 3456 αὐτὴν
895 3381 1035 3462 νεωτέραν
1056 3383 1106 3445 καλ
1126 3380 1221 3465 καλὴν
1242 3387 1294 3450 καλ

114 3451 231 3533 ἱλαράν·
251 3451 291 3530 ῶς
308 3453 362 3538 γάρ
384 3452 435 3519 ἐάν
456 3482 512 3519 τινι
531 3457 712 3544 λυπουμένηνΙ
734 3460 807 3546 έλθη
829 3459 929 3544 άγαθη
951 3490 995 3538 τις
1023 3462 1154 3549 άγγελία,
1176 3466 1293 3545 εύθέως

113 3534 269 3601 ἐπελάθετο
299 3547 357 3604 τῶν
381 3541 528 3645 προτέρων
556 3547 667 3617 λυπῶν,
700 3543 750 3604 καὶ
779 3542 866 3608 οὐδέν
893 3543 960 3611 άλλο
989 3550 1171 3631 προσδέχεται
1203 3552 1291 3633 εἰμὴ

112 3615 165 3696 τὴν
184 3616 318 3701 ἀγγελίαν
338 3622 376 3704 ἣν
397 3644 519 3705 ηκουσε,
541 3625 591 3687 καὶ
610 3627 832 3706 ίσχνροποιεῖται
864 3631 928 3712 περὶ
954 3637 1008 3693 τοῦ
1038 3634 1156 3697 λοιποῦ’
1184 3636 1226 3710 είς
1254 3637 1289 3701 τύ

112 3778 320 3788 ———

164 3869 220 3933 Cap.
239 3871 274 3920 ΧΙ.
312 3872 335 3930 1)
354 3875 468 3941 κοίμηντ
488 3879 519 3927 ila
537 3895 619 3943 apogr.
633 3881 677 3928 nisi
713 3880 778 3944 quod
798 3878 996 3934 hahet-faiam.
1021 3886 1192 3936 Adedendmn
1212 3888 1288 3937 tradi·

112 3937 184 4000 quod*
196 3938 276 4000 polius
295 3935 385 4008 κόμην
402 3941 433 3989 ibi
454 3945 571 4007 scriptum
589 3954 633 3996 est.
714 3946 748 3995 dit
759 3948 816 3997 Sim.
828 3948 873 3998 καλ
885 3947 1031 4004 ἀνενέωσε.
1059 3954 1141 4003 Possis
1151 3954 1223 4004 ειίαια
1239 3958 1287 4006 τοῦ

163 4003 189 4065 2)
207 4005 229 4052 Ιι.
248 4005 263 4052 Ι,
280 4022 363 4055 rursus
387 4018 487 4071 propter
504 4008 679 4077 ὁμοιοτέλευ-
714 4011 873 4066 άνανεῶσαι
893 4018 1021 4069 conficere.

112 4083 161 4119 τον
178 4073 293 4122 nonnulla
313 4074 457 4125 exciderunt.
764 4082 822 4145 Cap.
849 4084 907 4134 ΧΙΙΙ.
953 4087 976 4145 1)
1003 4103 1086 4151 apogr.
1119 4089 1285 4157 λυπουμένη.

161 4137 188 4195 3)
206 4135 296 4190 mov:
314 4141 345 4189 ita
364 4157 446 4204 apogr.
472 4143 537 4203 Sim„
556 4147 678 4195 utreclius
711 4148 784 4198 λιιιεο
798 4150 1122 4218 νὶδοιυιίλαρὴνεοτίμαιιιι
1141 4156 1224 4217 fuisse,
1241 4159 1285 4207 sed

112 4201 229 4259 ederetur,
249 4208 345 4270 scripsi!
365 4208 427 4258 ἰδοὺ
447 4206 461 4258 ἔ
479 4226 525 4266 εις.
713 4231 730 4262 α
747 4231 792 4278 pro
812 4235 827 4279 η
844 4220 922 4268 statim
942 4230 1075 4270 correctum
1094 4232 1140 4273 est.

160 4267 217 4330 Cap.
236 4272 282 4322 ΧΙΙ.
320 4276 343 4335 1)
362 4292 444 4339 apogr.
463 4290 568 4341 εστηκε.
762 4284 788 4346 2)
806 4285 838 4333 ila
855 4302 880 4335 ex
896 4301 979 4348 apogr,
992 4290 1124 4339 eruendum
1138 4290 1242 4350 videtur,
1260 4293 1284 4341 in

160 4335 185 4396 2)
204 4338 249 4386 καλ
268 4337 439 4395 ἁνανεῶσαιε
467 4347 499 4395 λιιι
521 4358 604 4408 apogr.
631 4347 676 4395 nisi
711 4357 1284 4419 ηιιοοει,.οιπ,ουαιιοαιροαδίοεδδίιοιδπ.
