2886 4882
209 250 271 312 ⁶90
647 249 784 307 nnuma
807 247 948 307 PASTOR.

210 407 305 473 ἐπὶ
276 434 328 472 τον
349 410 426 470 ἴδιον
446 404 540 487 άνδρα
559 406 752 513 ἐπιστρέψαι,
768 405 805 508 ού
827 402 1093 510 παραδεχδήσεταις
1115 402 1176 464 Καὶ
1195 399 1265 503 μήν,
1290 404 1390 508 φησίν,

210 491 262 597 ἐάν
287 490 325 601 μή
351 491 543 573 παραδέξηται
572 488 665 595 αύτήν
693 487 711 553 6
738 488 827 571 ιἰνήρ,
854 486 1051 593 άμαρτάνει,
1059 486 1110 549 καλ
1139 484 1283 590 μεγάλην
1298 485 1391 571 έαατρῖ

210 574 352 679 άμαρτίαν
372 576 537 649 ἐπισπᾶται,
559 571 630 637 ἀλλὰ
652 577 699 637 δεῖ
715 569 983 677 παραδεγθῆναι
953 573 1018 635 τον5
1031 567 1232 670 ήμαρτηιιοτα
1236 569 1288 631 καὶ
1310 550 1389 649 μετά

211 668 350 724 νοοῦντα·
381 685 430 760 μη
410 655 487 720 ἐπὶ
507 653 584 720 πολύ
606 658 652 720 δέ
682 665 743 730 τοῖς
769 654 826 762 γάρ
849 653 964 730 δούλοις
984 661 1037 718 τοῦ
1059 660 1136 718 θεοῦ
1162 649 1309 755 μετάνοιά
1333 652 1389 714 ἔστι

210 770 270 824 μια.
313 739 372 804 Διά
400 738 454 821 τήν
480 737 634 821 μετάνοιαν
661 733 716 804 οὖν
745 764 800 803 ουκ
831 737 942 840 ύφείλτι
970 745 1071 822 γαμεῖν
1100 734 1118 800 6
1146 734 1238 817 ιἰνήρ
1267 733 1345 816 6616
1370 733 1390 815 6

210 831 314 931 πρᾶξις
335 826 383 888 ἐπὶ
403 825 519 924 γυναικὶ
540 825 590 887 καί
604 822 696 928 άνδρί.
743 821 789 886 06
809 822 910 903 μόνον,
916 827 1023 928 μησί,
1032 823 1143 902 μοιχεία
1164 820 1241 882 ἐστὶν
1262 816 1369 881 έάν
1338 845 1390 898 την

212 911 306 991 σάρκα
327 906 419 972 αὐτοῦ
441 905 544 1010 μιάνῃ,
566 904 637 970 άλλά
663 905 756 971 66³*
741 933 774 981 ος
801 906 838 970 66
858 913 929 993 6666
950 904 986 969 66
1006 904 1094 986 ὅμοια
1116 911 1176 978 τοῖς
1195 903 1305 978 ἔθνεσι,
1330 927 1389 1003 μοι.

211 1002 303 1102 γάιαι.
336 992 442 1073 ’,Ώστε
465 989 521 1054 666
541 989 683 1066 τοιούτοις
713 991 807 1073 έργοις
835 992 966 1098 έπιμείνη
994 1014 1037 1063 τις
1063 988 1112 1051 καλ
1141 985 1180 1067 μή
1208 984 1389 1066 μετανοήσει,

212 1077 321 1159 άπέχον
342 1073 394 1139 ἀπ’
420 1046 521 1150 άύτοῦ,
543 1077 594 1137 καλ
619 1074 691 1178 μηδέ
713 1076 832 1155 6666?
854 1073 948 1176 αύτῷ·
972 1076 998 1136 εί
1018 1071 1050 1135 δέ
1075 1069 1123 1152 μή,
1144 1073 1195 1133 καλ
1214 1067 1252 1132 σύ
1272 1069 1391 1150 μέτοχος

213 1158 241 1225 εί
257 1168 310 1240 τῆς
332 1155 584 1268 άμαρτίαςαύτοῦ.
628 1155 688 1219 Διὰ
707 1166 793 1220 τοῦτο
772 1140 969 1264 προσετάγη
983 1154 1053 1237 ύμῖν
1071 1154 1122 1231 ἐφ’
1147 1155 1262 1226 ἑαυτοῖς
1282 1153 1390 1233 μένειν,

213 1248 268 1310 είτε
295 1269 369 1327 γυνη
397 1244 452 1304 εἴτε
480 1238 570 1322 άνήρ
598 1238 720 1305 δύναται
746 1242 801 1350 γάρ
830 1242 861 1304 έν
888 1265 1002 1315 τούτοις
1027 1238 1163 1344 μετάνοια
1191 1232 1274 1301 εἶναι.
1315 1234 1392 1319 Ἐγύ

212 1319 276 1434 666,
299 1329 406 1407 φησίν,
428 1323 465 1388 66
486 1324 628 1426 δίδωμι’
612 1323 749 1442 αφορμίγν
770 1327 820 1387 ἴνα
838 1352 858 1430 6
850 1322 983 1407 πρᾶξις
1004 1323 1079 1404 αὕτη
1108 1347 1185 1384 ουτω
1205 1327 1390 1393 συντελεῖται,

213 1411 285 1478 ὅστε
308 1405 450 1516 μηκέτι
431 1406 605 1492 αμαρτάνειν
625 1411 687 1473 τον
708 1408 908 1490 ημαρτηκύτα
930 1409 995 1490 περὶ
1016 1407 1048 1470 δέ
1068 1412 1121 1486 τῆς
1139 1400 1322 1507 προτέρας
1288 1428 1391 1506 αμαρ·

211 1500 276 1570 τίας
296 1492 398 1598 66606,
421 1494 491 1556 66⁸
511 1499 563 1557 τοῦ
584 1493 784 1575 δυναμένουί
781 1513 847 1556 ασιν
867 1495 987 1557 δοῦναι·
1008 1487 1098 1564 αιἰτδς
1111 1485 1166 1573 γάρ
1182 1489 1260 1551 ἔστιν
1280 1483 1298 1551 6
1320 1490 1391 1568 έχων

211 1577 330 1645 πάντων
350 1576 403 1659 τήν
424 1579 565 1654 ἐξουσίαν.

297 1762 329 1822 ΙΙ
368 1749 521 1857 'H666666
542 1748 633 1817 αύτδν
653 1749 792 1815 πάλινλέ
793 1776 851 1833 γων
868 1745 998 1812 '‘6162
980 1773 996 1812 ο
1023 1746 1124 1856 κύριος
1149 1745 1232 1826 άξιύν
1264 1776 1299 1831 με
1321 1748 1387 1835 ήγή·

211 1857 283 1901 σατο
303 1838 353 1898 ἵνα
375 1831 434 1914 μετ’
460 1837 531 1939 ἐμοῦ
552 1831 673 1897 πάντοτε
663 1841 844 1937 κατοικῇς,
867 1830 951 1917 ὀλίγα
971 1857 1027 1937 μου
1055 1828 1168 1936 ῥήματα
1189 1835 1230 1897 έτι
1252 1831 1388 1916 άνάσγον,

214 1921 276 1982 έπεὶ
297 1915 333 1980 ού
354 1923 445 1979 συνιῶ
467 1915 561 1992 οὐδέν,
581 1918 630 1979 καὶ
651 1943 671 1996 η
663 1913 799 2020 ’καρδία
819 1941 876 2019 μον
896 1915 1070 1998 πεπείραται
1091 1912 1149 2022 άπὸ
1170 1924 1228 1981 τῶν
1246 1945 1270 1981 π
1321 1918 1392 2000 έρων

214 2026 271 2082 μου
292 1998 438 2079 πράξεων·
462 1969 612 2062 συνέτίσόν
632 2024 676 2079 με,
698 1998 743 2062 ὅτι
764 1996 866 2063 λίαν”
849 2025 952 2082 αφρων
966 2003 1033 2081 εἰμί,
1054 2001 1104 2062 καὶ
1125 1997 1200 2075 δ’λως
1217 1999 1305 2065 ούδεν
1326 2007 1392 2065 νοῶ.

209 2082 399 2166 Ἀποκριθείς
423 2107 475 2186 μοι
502 2083 576 2189 λέγει
603 2081 690 2166 Ἐγύ,
713 2086 816 2189 φησίν,
839 2084 886 2146 έπὶ
907 2090 959 2164 τῆς
979 2086 1132 2164 μετανοίας
1154 2086 1228 2188 εἰμί,
1250 2087 1301 2148 καὶ
1322 2091 1392 2149 πᾶσι

213 2177 274 2274 τρῖς
295 2174 467 2249 μετανοοῦσι
488 2166 604 2230 σύνεσιν
618 2164 781 2247 δίδωμι·
760 2193 779 2270 6
803 2191 838 2230 ου
828 2163 937 2230 ’δοκεῖ
954 2189 1008 2244 σοι,
1031 2169 1132 2269 φησίν,
1154 2165 1194 2242 ύς
1214 2165 1287 2232 αύτὸ
1307 2176 1393 2232 τοῦτο

213 2250 245 2317 τδ
273 2257 445 2357 μετανοῆσαι
475 2248 589 2356 σύρεσίς
617 2251 675 2314 έστι
703 2249 828 2334 μεγάλης
866 2256 984 2356 Σνγηκε
1010 2249 1065 2334 γάρ
1092 2247 1110 2312 6
1132 2247 1315 2332 ἁμαρτήσας,
1349 2250 1392 2316 ὅτι

214 2331 381 2443 έποίησε
352 2360 384 2398 το
389 2332 544 2440 πονηρὸν
566 2336 662 2399 ἔναντι
689 2337 810 2436 κυρίου,
832 2335 881 2397 καί
890 2331 992 2480 ἀνέβη
1012 2330 1110 2397 ἐπὶ
1079 2359 1132 2436 τήν
1153 2333 1336 2440 καρδίαν’
1300 2342 1392 2399 αυτοῦ

224 2415 405 2527 πρᾶξις“
377 2445 423 2525 ην
450 2419 567 2524 ἔπραξε,
589 2419 639 2482 καί
666 2416 844 2521 μετανοήσας
864 2443 921 2481 ουκ
964 2444 990 2480 τι
1018 2414 1219 2521 ἐργάζεται
1190 2444 1223 2481 το
1250 2444 1328 2523 πονη
1356 2417 1391 2494 ν,

214 2503 286 2568 6666
308 2500 341 2566 ιδ
370 2499 498 2608 άγαθδν
511 2508 673 2578 πολυτελῶς
699 2499 857 2608 ἐργάζεται,
880 2501 929 2564 καλ
955 2509 1088 2564 ταπεινοῖ
1105 2496 1158 2606 τήν
1180 2500 1283 2606 ψριγήν
1302 2509 1391 2566 αυτοῦ

213 2589 264 2653 καί
291 2588 453 2668 βασανίζει,
480 2585 526 2650 δτι
553 2585 714 2690 ἥμαρτεν).
740 2585 860 2658 Βλέπεις
888 2575 958 2662 ούν,
987 2588 1097 2731 μησίν,
1126 2581 1218 2689 οτιή
1255 2584 1392 2689 μετύιοια

214 2667 328 2745 σύνεσίς
348 2670 405 2732 έστι
426 2667 543 2752 μεγάλη
587 2666 646 2732 Aa&
661 2675 747 2733 τοῦτο
767 2659 831 2744 οὖν,
847 2670 937 2770 φημί,
958 2666 1049 2751 κύριε,
1071 2666 1224 2751 έξαιιριβάζ
1223 2693 1294 2750 ομαι
1313 2667 1391 2749 παρά

214 2760 269 2818 σοῦ
289 2750 397 2816 πάντα·
419 2759 536 2855 πρῶτον
555 2751 656 2836 μέν,”
638 2778 684 2816 οτι
704 2748 872 2836 άμάρτωλύς
880 2754 959 2858 εἰμι,
981 2754 1030 2816 ἵνα
1051 2758 1111 2859 γνοῖ
1132 2761 1202 2815 ποῖα
1224 2753 1325 2838 έργαέ
1325 2780 1391 2856 ργα-

214 2834 265 2918 ζδμ
268 2861 332 2912 ενος
352 2832 481 2943 ζήσομαι,
504 2834 549 2898 ὅτι
569 2806 673 2899 πολλαί
692 2860 750 2916 μου
771 2837 890 2899 είσὶν
858 2861 888 2898 αι
908 2839 1043 2944 αμαρτίαι
1056 2861 1105 2898 και
1096 2835 1252 2906 ποικίλαι
1300 2843 1390 2945 2666,

215 2923 321 3027 μησίν,
344 2919 395 2983 ίέιν
420 2916 485 2994 τὰς’
514 2917 630 2994 έντολάς
658 2945 715 3001 μον
741 2917 875 3024 φυλάξης
903 2920 952 2982 καὶ
979 2926 1130 3022 πορευθῇς
1151 2919 1239 2982 ἕν’
1203 2928 1321 2998 αυταῖς·
1342 2922 1391 2985 καὶ

214 3001 248 3080 δς
269 3001 307 3068 δν
327 3001 466 3078 ἀκούσας’
486 2999 538 3077 τάς
559 3000 675 3077 ἐντολάς
694 3001 801 3078 ταύτας
822 2984 946 3089 φυλάξῃ,
967 3001 1080 3081 ζήσεται
1101 3010 1141 3090 τῷ
1162 3011 1235 3091 θεῷ.

299 3195 342 3250 ΙΙΙ.
376 3183 452 3261 Ἔτι,
474 3185 560 3264 φημί,
581 3181 670 3265 κύριε,
691 3183 853 3268 προσθήσω
874 3193 926 3249 τοῦ
947 3186 1134 3269 έπερωτησαι
1177 3187 1271 3287 Λέγε,
1292 3190 1390 3293 φησίν.

205 3266 350 3348 ’,Ηκονσα
373 3269 457 3372 ρημί,
479 3267 568 3371 κύριε,
590 3267 670 3375 παρά
691 3294 777 3332 τινων
799 3268 1029 3349 διδασκάλων,
1012 3297 1057 3334 οτι
1067 3272 1157 3374 έιέρα
1177 3268 1315 3351 μετάνοια
1337 3267 1390 3334 ούιι

214 3353 291 3418 ἔστιν
311 3348 392 3414 εί
356 3377 396 3456 μη
419 3347 563 3431 έκείνη,“
545 3375 593 3413 οτε
615 3353 656 3427 είς
676 3349 755 3435 ύδωρ
776 3353 935 3435 κατέβημεν
955 3355 1005 3418 καί
1027 3352 1196 3435 έλάβομεν”
1178 3377 1283 3458 αφεσιν
1301 3352 1391 3437 ἆμαρ

214 3444 284 3503 τιῶν
306 3432 389 3538 ήμῶν
410 3432 464 3518 τήν
484 3434 650 3538 προτέραν.
675 3436 776 3537 Λέγει
783 3461 832 3515 μοι
862 3435 1006 3512 Καλῶς”
985 3457 1128 3518 ηκουσας
1151 3463 1227 3502 ουτω
1248 3434 1302 3546 γάρ
1327 3440 1389 3544 ἔχει.

205 3518 291 3585 Ἔδει
313 3517 368 3604 γάρ
387 3546 451 3584 τινα
453 3515 668 3626 είληφύτα”
631 3540 737 3597 αφεσιν
757 3515 904 3601 άμαρτιῶν
931 3519 1071 3602 μηκέτι’
1052 3519 1243 3631 αμαρτάνειν,
1270 3519 1335 3584 ἄλλ’
1360 3523 1391 3585 έν

215 3601 315 3709 άγνείμ
336 3611 488 3666 κατοικεῖν.
535 3602 612 3666 Επεὶ
639 3600 671 3665 δέ
699 3602 793 3666 πάντα
812 3603 842 3679 έξ
827 3603 996 3707 ξακριβάζ,
1017 3607 1067 3669 καὶ
1085 3605 1172 3669 τοῦτο’
1192 3627 1239 3668 σοι
1235 3603 1390 3707 δηλώσω,

213 3684 254 3795 μή
213 3683 415 3790 μδιδούς’
400 3681 538 3788 αφορμήν
558 3694 619 3790 τοῖς
637 3686 770 3767 μέλλουσι
784 3686 928 3752 πιστεύειν
948 3715 968 3768 η
988 3697 1049 3763 τοῖς
1069 3696 1124 3753 νῦν
1143 3685 1331 3753 πιστεύσασιν
1352 3691 1391 3762 εἰς

213 3769 265 3836 τδν
285 3769 417 3875 κύριον
429 3767 518 3832 Οἱ
486 3795 540 3853 γαρ
560 3776 616 3833 νῦν
635 3769 837 3845 πιστεύσαντες
857 3796 876 3850 η
863 3766 1048 3852 μέλλοντες
1067 3769 1214 3837 πιστεύειν
1232 3771 1390 3877 μετάνοιαν

215 3852 362 3959 άμαρτιῶν
384 3849 439 3916 ούκ
461 3850 625 3956 έχονσιν,”
606 3875 711 3932 αφεσιν
724 3853 755 3916 δέ
776 3854 873 3955 έχουσι
885 3861 944 3919 τοῖν
956 3853 1135 3959 προτέρων
1116 3861 1265 3959 αμαρτιῶν
1286 3852 1390 3919 αὐτῶν.

218 3945 287 4015 Τοῖς
308 3928 363 4002 ούν
381 3944 517 4040 κληθεισι
537 3933 619 4040 πρδ
616 3936 726 4002 τούτων
738 3943 796 4001 τῶν
812 3932 928 4039 ήμεριῖν
942 3936 1089 4018 έθηκεν”
1071 3966 1087 4002 ο
1110 3938 1212 4022 κύριος
1227 3936 1390 4047 μετάνοιαν.

216 4016 503 4106 Καρδιογνάστης
480 4046 522 4083 ων
543 4017 561 4083 6
582 4016 691 4102 κύριος,
714 4021 764 4083 καὶ
784 4016 878 4084 πάντα
898 4021 1114 4105 προγινώσκων,
1131 4019 1257 4108 έγνω
1225 4048 1279 4104 την
1301 4020 1390 4087 ἇσθέ·

266 4209 291 4270 5)
311 4205 374 4257 τόνε
398 4222 481 4270 apogr.
499 4203 556 4269 τήν
868 4207 894 4269 8)
915 4209 1027 4258 facillime
1045 4208 1173 4259 excidith.
1192 4208 1208 4258 6.
1227 4210 1278 4258 τοῦ
1297 4209 1373 4260 θεοῦ.

264 4275 291 4335 6)
308 4274 423 4337 σνζῆθιε
442 4276 474 4324 ιιι
484 4287 567 4337 apogr
575 4287 620 4320 ιιιι
635 4272 701 4337 (μιοδ
712 4273 783 4322 eumn
868 4276 925 4339 Cap
944 4277 970 4324 ΙΙ.
1009 4278 1033 4338 l)
1051 4292 1135 4339 apogr.
1153 4271 1287 4344 ἥμαρτον.

213 4352 287 4400 super
304 4356 320 4389 6
336 4355 430 4400 gravem
448 4341 528 4391 habel.
868 4345 894 4405 2)
912 4344 992 4406 inepte
1004 4359 1088 4426 ιροςτ.
1095 4340 1364 4395 εδδῖιιιαιίτιλιειίν
1333 4360 1390 4401 τας.

266 4403 293 4466 ῑ)
313 4419 395 4467 apogr.
413 4424 496 4458 rursus
516 4404 572 4473 τήν
867 4411 894 4474 3)
913 4425 998 4474 apogr.
1016 4405 1144 4476 ἀκούσης.

99 4530 285 4606 Α
