2886 4882
643 237 804 297 errimus.
1240 258 1313 309 m,

136 399 189 461 ’1111
208 398 269 459 iam
292 397 425 458 remissa
447 394 684 478 nemetensem.
727 398 913 460 Hieramhiae
932 402 1079 480 specimen
1101 404 1195 470 simile
1215 415 1261 469 est
1281 408 1311 469 in

134 478 397 626 &mm
420 498 455 540 ac
475 478 527 561 Ep.
548 479 585 541 ad
598 478 776 554 Corinthios,
798 491 961 563 temporum
977 485 1092 565 (pridem
1113 490 1212 552 colore
1226 497 1310 552 utro-

198 646 257 709 me
281 646 316 708 in
331 646 466 708 llcrmae
479 645 601 708 Pastore
622 646 704 707 locus
726 647 766 708 ita
788 645 1004 729 conceptus:”)
1024 651 1222 736 ,Soriheergo
1235 655 1309 718 duos

134 731 247 801 belles,
277 736 312 790 et
335 729 443 790 mittes
463 748 552 790 unum
574 728 732 805 Clementi,
762 739 791 791 et
813 751 900 793 unum
924 732 1056 814 Graptae.
1098 735 1192 799 blittet
1212 749 1309 802 autem

134 814 256 875 umens
278 812 314 873 in
339 821 457 873 exteras
478 812 624 886 civitatem
652 812 693 873 illi
715 813 794 875 enim
814 815 991 893 permissum
1013 818 1085 877 est.“
1108 818 1150 878 dc
1171 822 1310 882 caterba

134 897 229 957 hoece
252 896 456 969 Clementem,
477 895 527 975 qui
547 894 583 955 ab
603 901 720 955 auctore
742 896 890 976 Epistolae
917 898 953 958 ad
975 899 1147 962 Corinthios
1168 903 1310 980 temporis

132 980 231 1040 neone
256 978 365 1040 habita
385 978 432 1038 rix
460 977 564 1051 distat,
593 977 683 1038 misse
705 996 793 1039 unum
821 999 855 1039 ex
876 981 1015 1042 eeclesiae
1049 981 1232 1063 praesidibus
1259 1003 1311 1045 seu

131 1062 316 1143 presumens,
339 1079 402 1121 non
424 1061 592 1140 episcopum
606 1060 748 1121 strictiori
760 1062 838 1123 vorbi
853 1081 949 1136 sensu,
970 1065 1129 1126 luculenter
1145 1064 1311 1128 ostendunt.

131 1144 180 1216 tlon
202 1146 336 1241 pridem
356 1144 507 1204 Clemente
529 1143 591 1223 ipse
612 1142 749 1218 llermas,
779 1164 814 1205 er
831 1146 958 1207 fidelium
983 1164 1105 1209 numero
1130 1166 1223 1222 unus,
1251 1166 1312 1209 uon

131 1227 228 1289 utnon
251 1227 405 1308 dignitate
427 1225 554 1286 imbutus
575 1234 701 1305 apparet,
723 1228 831 1289 electus
852 1228 972 1308 quippe,
1001 1231 1102 1311 utqui
1124 1230 1237 1291 divinae
1257 1250 1310 1292 vo·

128 1308 240 1373 hortatio
262 1328 372 1372 coram
395 1306 526 1369 lldelibus
548 1308 587 1369 sit
603 1307 756 1389 interpres.

203 1393 236 1454 hs
257 1393 356 1475 igitur
378 1392 519 1459 Clemens
533 1390 693 1470 Epistolam
715 1392 869 1472 scripsisse
889 1394 1009 1471 ridetur,
1030 1404 1079 1457 aut
1095 1396 1155 1459 suis
1172 1395 1310 1476 auspiciis

128 1475 316 1539 scribendam
337 1493 472 1535 curasse:
502 1473 532 1535 id
560 1473 637 1554 prod
662 1474 704 1536 nil
732 1476 774 1537 rei
803 1484 903 1539 mutat
945 1478 1047 1540 Fuisse
1075 1498 1141 1541 eum
1163 1498 1253 1540 unum
1275 1497 1310 1540 ex

129 1560 344 1641 Apostolum
355 1557 513 1637 discipulis,
534 1565 566 1617 ut
580 1555 757 1635 lrenaeus²')
778 1559 904 1640 reliquit,
925 1569 974 1621 aut
984 1562 1165 1640 Apostolum,
1186 1562 1309 1623 1111111-

128 1644 184 1722 psit
212 1642 359 1704 Clemens
383 1636 517 1717 illest),
545 1647 594 1699 aut
620 1646 695 1700 teste
724 1639 949 1722 llieronymo'⁹)
976 1643 1177 1722 Apostolicum
1208 1644 1309 1720 vinum,

132 1725 261 1787 deese
283 1741 350 1785 non
367 1722 466 1803 liquet
507 1722 549 1782 Er
570 1721 667 1782 indole
694 1722 785 1803 ipsius
807 1724 954 1805 Epistolae
976 1725 1152 1787 eiuscemodi
1183 1725 1310 1807 epitheta

129 1805 191 1869 dlos
218 1806 363 1869 hausisse
390 1805 527 1866 credibile
548 1813 608 1879 est,
641 1823 708 1866 cum
737 1806 800 1886 ipse
830 1806 929 1869 nullibi
960 1808 1168 1869 cousuetudine
1188 1808 1309 1870 alicuius

128 1890 260 1970 lpostoli
285 1909 318 1951 se
339 1906 426 1949 usum
442 1887 532 1949 iuuisse
544 1888 628 1948 dicat
639 1887 821 1966 Eusebiusw)
844 1908 909 1950 eum
928 1909 1004 1952 anno
1021 1891 1193 1953 duodecimo
1205 1888 1308 1952 llomi-

130 1974 206 2034 tiano
217 1973 406 2052 lmwratore
417 1971 477 2031 sire
491 1989 515 2031 a.
523 1971 572 2032 92.
585 1989 668 2031 aerae
680 1971 855 2033 christianae
866 1972 1004 2034 bnarleto
1016 1973 1192 2034 successisse
1203 1981 1309 2035 narrat

208 2056 254 2118 lle.
277 2056 343 2116 eius
363 2054 441 2114 exitu
461 2053 550 2128 vitae,
580 2053 624 2114 rel
646 2052 829 2134 martyrio⁸¹)
857 2055 957 2117 ultima
986 2056 1079 2136 capita
1101 2055 1252 2134 Epitomes
1272 2056 1309 2116 de

129 2138 219 2219 gestis
239 2137 324 2200 Petri
347 2155 414 2197 vera
434 2155 500 2197 mum
521 2136 601 2197 falsis
622 2135 661 2196 ita
682 2137 824 2216 permixta
844 2139 1006 2214 venditant,
1033 2146 1064 2199 ut
1083 2137 1206 2200 historia
1227 2156 1243 2198 a
1264 2139 1308 2199 ta-

131 2222 204 2283 mus
224 2220 345 2282 vixdum
366 2216 503 2299 distingui
526 2227 618 2300 queat
643 2217 712 2280 Plus
734 2220 801 2282 lidei
823 2219 986 2282 habendum
1007 2221 1120 2282 n‘detm
1140 2217 1309 2295 Eusebio¹¹l

133 2314 161 2364 et
179 2299 412 2385 homonymon
435 2301 523 2363 tertio
538 2301 654 2362 Traiani
665 2301 853 2381 hnperatoris
874 2323 958 2380 anno,
977 2323 1043 2366 cum
1064 2304 1219 2365 Euarestms
1242 2320 1308 2363 suc·

135 2387 280 2461 cessisset,
302 2384 362 2446 rita
383 2404 449 2446 eum
470 2402 535 2444 esse
557 2383 722 2445 defunctum
746 2386 933 2446 tmdentihus.

212 2468 341 2531 Nonnisi
362 2467 540 2529 mentionem
569 2466 707 2526 iaciamus
737 2485 838 2526 eorum
867 2468 1027 2545 opinionis,
1055 2467 1102 2544 qui
1131 2467 1322 2537 Clementem,

136 2550 298 2613 llomamrm
319 2569 386 2612 esse
406 2550 507 2612 dicunt
527 2549 614 2623 illum,
635 2567 722 2629 quiem
744 2547 848 2608 Pardus
869 2549 920 2628 dp.
941 2549 970 2608 in
992 2548 1043 2628 Ep.
1064 2546 1100 2607 ad
1121 2545 1246 2626 Philipp,
1267 2545 1310 2620 lv,

139 2634 166 2697 3.
183 2632 316 2696 ladmen
336 2632 428 2694 ellert
456 2632 614 2695 oriundam
636 2651 702 2691 esse
722 2649 794 2704 caui,
816 2650 887 2710 quae
906 2651 922 2692 a
943 2630 1030 2691 variis
1047 2637 1175 2690 retentm
1191 2628 1310 2689 Petrum

139 2716 240 2779 tradita
259 2724 322 2793 est,
352 2735 387 2777 ex
408 2714 645 2795 interpretatione
666 2713 722 2774 loci
744 2713 849 2776 laudati
870 2733 971 2793 pamm
993 2720 1139 2788 accurata,
1160 2712 1217 2772 iam
1239 2710 1311 2774 s'atis

139 2801 241 2861 ariris
259 2798 359 2861 doctis
384 2798 615 2859 demonstratum
636 2805 688 2857 est.
728 2797 854 2858 Proinde
885 2816 956 2879 quae
983 2797 1019 2858 ab
1047 2797 1111 2858 aliis
1140 2794 1216 2856 dicta
1242 2803 1310 2854 sunt

138 2892 237 2945 centn
258 2899 334 2956 eam
356 2879 420 2942 heic
441 2889 572 2961 repetere
594 2877 883 2959 surpersedeamrrs⁸⁴).

220 2964 249 3028 3.
291 2964 419 3025 lltenmt
441 2972 537 3024 tamen
560 2961 610 3039 [lo.
624 2960 824 3039 rotandum,
845 2960 978 3044 Satur),
998 2957 1170 3037 15111151),
1192 2958 1310 3019 Schwe-

143 3044 259 3129 glec⁸⁸),
288 3042 481 3123 llaurius'⁹)],
512 3046 560 3127 qui
581 3043 757 3106 authentiam
777 3044 924 3123 Epistolae
944 3044 1159 3117 addubitarem,
1182 3050 1311 3102 autnon

141 3151 203 3195 eam
226 3148 297 3193 esse
324 3136 472 3209 putarent,
502 3146 586 3208 quam
608 3146 625 3189 a
644 3127 788 3188 veteribus
819 3128 961 3189 laudatam
990 3126 1136 3187 babemus.
1178 3123 1234 3184 Sed
1262 3122 1312 3183 isti

142 3216 215 3277 male
232 3231 310 3293 opus
331 3230 414 3273 mmm
435 3211 646 3291 imuguramnt.
687 3208 802 3270 Etenim
824 3211 880 3271 iam
892 3211 1067 3290 Polycarpus
1088 3227 1121 3267 ea
1139 3225 1209 3266 usus
1222 3205 1311 3266 inisse

143 3296 263 3371 videtin,
281 3294 368 3356 verba
389 3295 419 3365 in
442 3294 495 3374 Ep.
516 3293 552 3355 ad
573 3292 696 3372 Phihpp.
718 3310 743 3352 c.
765 3295 794 3353 4.
816 3294 844 3354 9.
866 3294 893 3354 7.
914 3295 942 3355 1.
963 3294 991 3354 2.
1014 3294 1052 3364 4.,
1072 3309 1107 3352 ex
1126 3289 1179 3367 Ep.
1192 3286 1227 3347 ad
1244 3287 1311 3348 Cor.

147 3398 172 3438 c.
191 3382 217 3441 l.
236 3383 267 3440 5.
287 3379 317 3465 1.
337 3379 367 3440 9.
391 3377 439 3439 13.
467 3378 516 3438 ut.
538 3377 723 3437 transterens.
765 3375 843 3436 ldem
865 3375 1018 3437 dicendum
1047 3381 1093 3434 est
1120 3370 1156 3431 de
1185 3371 1312 3446 Irenaeo,

150 3518 354 3531 -——

193 3594 305 3659 tetris
320 3594 351 3655 ll,
368 3593 392 3643 1.
746 3590 855 3655 Epistola
873 3589 903 3639 ad
912 3587 1050 3639 Corinthios
1067 3586 1149 3650 priore
1167 3584 1312 3649 disqrrleltio,

195 3664 242 3726 aa)
256 3662 328 3713 noo.
344 3661 369 3723 s,
386 3660 411 3710 5.
747 3658 842 3721 npsm
862 3659 933 3710 aoso.
952 3672 976 3721 p.
994 3657 1051 3706 rer.

198 3728 244 3788 111
260 3727 397 3810 sponsu
417 3726 455 3777 ¹⁷·
473 3738 497 3790 e·
514 3726 571 3776 ⁶09·
798 3741 843 3805 ³5)
861 3740 935 3790 1151.
955 3740 1012 3789 ino
1031 3738 1127 3788 cunm
1149 3743 1172 3785 o
1192 3733 1314 3799 spasmus

196 3794 356 3861 2911111111»
374 3795 415 3846 ⁵²·
748 3807 923 3871 susceptorum
945 3824 966 3856 ‹·.
986 3808 1024 3857 ie.
1041 3807 1067 3855 r.
1085 3806 1103 3855 1.
1122 3819 1179 3868 opp.
1199 3817 1222 3866 p.
1240 3802 1297 3851 eoa.

197 3867 242 3926 ³⁰,
259 3865 289 3915 Η·
304 3866 333 3916 E·
350 3865 388 3925 ω’
407 3866 447 3916 ¹⁵·
799 3890 845 3956 36)
863 3893 897 3940 lle
915 3889 1035 3954 diptychis
1052 3896 1158 3938 ueterum
1175 3903 1196 3935 c..
1214 3884 1237 3934 3.
1255 3883 1277 3943 1.
1289 3881 1314 3940 1,

196 3933 241 3995 3η
258 3932 357 3983 num
374 3939 397 3981 ει
406 3931 515 3981 ⁷⁴⁰³im⁰⁸
528 3943 581 3978 Μ’
593 3926 716 3991 ΨΜ
749 3959 822 4022 pat.
839 3958 888 4008 Clr.
901 3959 1015 4009 lloshelm
1027 3957 1101 4005 instit.
1112 3956 1215 4005 maiores
1227 3948 1315 4012 puta.

145 4000 507 4131 fflffiiuffisffidif’
526 3995 626 4045 mm
644 3995 713 4044 ¹¹¹‘⁰’
800 4042 845 4106 er)
861 4042 948 4091 soem
966 4042 1059 4104 disput.
1076 4039 1102 4088 r.
1112 4039 1129 4087 1.
1147 4050 1171 4098 p.
1191 4032 1246 4082 roa.
1266 4029 1314 4078 cn.

200 4133 245 4197 32)
261 4134 292 4186 11,
311 4135 338 4185 P„
357 4134 397 4194 ln,
414 4130 456 4184 34,
749 4110 835 4171 Grabe,
854 4110 967 4193 Spicileg.
985 4109 1012 4157 ’1.
1025 4109 1042 4156 l.
1061 4104 1161 4183 P·.²⁶⁰'

198 4201 337 4267 35111111.
356 4202 399 4252 eir.
417 4201 453 4252 ill,
470 4217 490 4249 c,
512 4201 551 4251 15,
797 4179 844 4242 38)
863 4176 1034 4241 buchapostol.
1054 4169 1174 4226 Zeitalter,
1197 4166 1224 4214 Τ.
1242 4165 1271 4216 ll.
1289 4177 1314 4228 p.

198 4270 244 4333 aa)
264 4268 313 4319 co,
330 4267 440 4319 erosae
456 4268 543 4318 rouro.
562 4266 584 4317 a.
599 4265 714 4316 utrcum-
751 4245 864 4312 ¹²tene·
1068 4319 1073 4332 ⁸
1159 4317 1164 4329 ι

151 4337 229 4398 resch.
247 4336 265 4398 l,
283 4336 356 4397 121„
373 4335 476 4384 Guerilre
494 4334 588 4385 llandb.
606 4335 629 4384 d.
647 4333 674 4383 ll.
687 4334 715 4383 G.
800 4331 845 4393 39)
862 4331 905 4380 bie
917 4319 1146 4389 ignatiumBneleu.
1158 4317 1316 4369 rhrneuester

152 4403 175 4461 Ι,
199 4405 267 4465 ldl„
285 4402 397 4469 Lipsius,
420 4403 450 4451 de
468 4401 599 4453 Clementis
616 4400 716 4450 Romani
750 4398 861 4457 lln'tiler,
877 4395 953 4454 Tube.
971 4389 1044 4442 184⁸.
1062 4401 1085 4450 p.
1105 4385 1151 4437 127
1165 4402 1218 4452 sqq.

219 4487 311 4538 1111111
329 4500 413 4538 aroer.
1091 4470 1107 4520 b

1303 4584 1402 4614 Α.
