2886 4882
239 249 375 307 adnutu
397 251 538 308 PASTOR.
569 251 711 309 LlBllllll.
740 252 888 310 undull.
910 253 953 311 lX.
974 255 1005 314 X.
1026 252 1069 330 (11)
1184 257 1245 319 469

73 416 153 472 indue
172 414 263 482 iidem,
286 431 355 487 quae
380 423 422 472 est
444 417 529 473 valida
552 425 579 473 et
601 416 689 473 fortis.
733 417 812 473 uides
835 413 919 475 enim⁸
951 423 1039 478 omnia
1071 428 1243 499 repromittit,

72 507 99 555 et
120 515 189 570 quae
211 499 383 570 repromittit,
402 499 527 571 perficit3
550 499 692 555 haesitatio
713 507 821 568 autem,
844 518 912 573 quae
936 509 962 558 et
984 505 1124 578 dipsycbia
1143 517 1193 578 est,
1216 509 1243 565 iu

72 581 145 637 nulla
168 597 198 636 re
220 579 272 635 sibi
295 580 421 648 considit,
449 590 475 637 ct
502 583 563 637 ideo
593 582 626 637 ab
649 582 721 637 omni
744 589 806 637 actu
837 600 886 639 suo
910 586 1010 641 excidit
1062 589 1143 646 Vides
1167 607 1242 664 ergo,

72 663 147 736 quod
170 662 239 718 fides
256 679 371 736 superna
392 680 407 717 a
429 664 541 719 llomiuo
558 666 637 732 uenit,
661 672 688 719 et
706 663 787 719 babet
802 666 926 721 virtutem
941 684 1078 740 magnam:
1101 671 1242 746 dipsycbia

71 753 161 801 autem
183 754 309 800 terrenus
332 739 457 818 spiritus⁹
479 764 494 800 a
515 746 623 801 diabolo
645 754 694 812 est,
717 747 778 818 quia
802 748 872 802 vires
891 764 945 804 non
964 750 1051 806 babet.
1094 754 1134 809 Tu
1151 754 1241 826 itaque

72 829 141 883 servi
165 820 261 894 fidei,¹⁰
283 844 352 900 quae
372 829 497 884 virtutem
520 828 619 896 babet,
642 838 669 884 ct
691 828 831 902 dipspcbia
854 829 974 900 abstine,
1002 850 1071 906 quae
1100 835 1158 892 sine
1187 835 1242 892 ulla

70 913 168 966 virtute
190 917 239 978 est,
262 917 288 964 et
311 911 381 965 vives
405 910 459 967 lleo
484 920 511 966 tu
533 919 560 966 et
582 912 689 978 caeteri,
714 912 759 983 qui
783 911 810 967 id
832 913 960 968 sentiunt.

506 1044 653 1082 uannaruu
676 1044 809 1082 unctura.

153 1104 304 1178 (n)Tollea
326 1115 360 1175 te,
383 1109 479 1181 inquit,
501 1110 652 1175 tristitiam3
684 1126 744 1163 nam
768 1118 796 1163 et
818 1125 849 1165 ea
876 1127 957 1166 soror
979 1120 1022 1167 est
1039 1112 1199 1185 dipsycbiae
1215 1121 1243 1169 et

70 1191 233 1248 iracundiae.
277 1191 428 1258 Quomodo,
442 1192 559 1264 iuquam,
581 1191 698 1253 dominc,
713 1207 794 1247 soror
810 1192 904 1247 harum
923 1194 983 1248 estl
1005 1192 1068 1249 llilri
1083 1195 1155 1249 euim
1169 1194 1242 1250 aliud

70 1274 259 1330 videturesse
282 1272 435 1338 iracundia,
466 1273 538 1329 aliud
567 1273 723 1346 dipsychia,
756 1280 783 1327 et
810 1273 883 1329 aliud
914 1276 1031 1331 tristitia.
1074 1276 1243 1348 Imprudens,

72 1357 174 1428 inquit,
203 1356 284 1410 bomo
307 1347 357 1422 cs‚¹
389 1350 479 1427 [quia]
509 1371 564 1410 nou
593 1354 738 1426 intelligis,
772 1356 846 1427 quod
875 1357 984 1412 tristitia
1011 1356 1137 1412 omuibus
1167 1358 1242 1414 malis

71 1437 213 1513 spiritibus
235 1437 354 1509 nequior
383 1445 473 1493 estet
502 1454 616 1510 nequam
640 1437 726 1492 servis
749 1436 804 1499 bei,
828 1446 855 1492 et
876 1455 923 1492 eos
945 1441 1030 1512 magis
1054 1439 1097 1494 bic
1120 1438 1241 1512 spiritus,

71 1538 150 1593 quam
172 1519 242 1575 ullus
265 1519 334 1573 alius
357 1518 488 1574 subvertit
508 1527 535 1575 et
555 1527 679 1574 sanctum
698 1519 823 1590 spiritum
846 1520 949 1585 exterit,
973 1521 1118 1576 etiterum
1140 1520 1241 1577 salvum

70 1605 142 1659 lacit.
186 1603 218 1657 Et
240 1617 291 1673 ego
315 1598 352 1654 illi
374 1601 440 1655 diri:
463 1600 579 1669 domiue,
595 1599 692 1655 stultus
714 1617 773 1655 sum
797 1617 857 1673 ego,
880 1609 907 1657 et
928 1619 983 1657 nou
1007 1602 1126 1675 intelligo
1149 1602 1240 1657 simili·

69 1686 177 1741 tudines
201 1685 274 1738 istas.
316 1681 459 1749 Quomodo
482 1684 553 1737 enirn
575 1689 666 1755 potest
688 1683 796 1737 tristitia
818 1684 941 1755 spiritum
964 1692 1085 1741 sanctum
1108 1692 1240 1752 exterere,

70 1775 97 1824 et
119 1767 216 1821 iterum
238 1762 338 1819 salvum
357 1763 465 1819 iacere'l
487 1764 545 1820 Nou
561 1763 690 1835 intelligo.
733 1765 809 1831 dudi,
831 1765 926 1838 inquit
969 1765 1018 1834 llli,
1041 1768 1085 1839 qui
1104 1782 1242 1838 nunquam

70 1849 183 1905 scrutati
206 1854 268 1901 sunt
289 1847 436 1912 veritatem,
458 1863 546 1919 neque
568 1846 732 1901 divinitatem
763 1848 963 1918 exquisierunt,
983 1849 1032 1904 sed
1057 1848 1240 1904 tantummodo

72 1931 266 1995 crediderunt,
297 1937 325 1984 et
360 1935 456 2001 postea
485 1928 657 1984 involvuntur
691 1944 781 1983 rerum
811 1929 984 1985 varietatibus
1012 1938 1040 1985 et
1069 1946 1185 1996 census,
1215 1937 1243 1988 el

70 2013 193 2069 amicitiis
217 2011 384 2066 diversorum
407 2010 544 2067 bominum
570 2001 636 2080 ff’et
657 2009 780 2083 plurimis
794 2010 899 2066 actibus
922 2011 1002 2066 buius
1018 2011 1104 2067 seculi
1119 2011 1242 2084 impliciti

71 2103 142 2161 suut,
162 2111 216 2150 non
232 2094 385 2166 intelligunt
396 2092 540 2149 divinitatis
554 2091 752 2148 similitudines.
795 2092 980 2148 Obscurantur
995 2094 1066 2148 enim
1081 2091 1114 2147 ab
1136 2092 1242 2147 actibus

73 2178 266 2250 suprascriptis
289 2184 316 2231 et
337 2176 499 2248 dispereunt
520 2183 547 2230 et
569 2173 638 2230 fiunt
660 2173 768 2230 inutiles
790 2183 817 2229 et
839 2174 872 2229 ab
892 2174 978 2247 spinis
1001 2183 1028 2229 et
1044 2174 1136 2230 herbis
1161 2190 1244 2229 occu·

72 2268 184 2333 pantur3
207 2267 235 2314 et
255 2275 297 2324 eo,
321 2258 395 2330 quod
418 2264 519 2312 tantum
531 2256 717 2322 crediderunt,
729 2264 755 2311 ct
768 2256 795 2310 iu
806 2255 910 2312 actibus
928 2255 1098 2311 secularibus
1120 2263 1244 2310 errantes

73 2351 129 2397 toto
152 2359 235 2397 sensu
257 2341 417 2396 exciderunt
438 2346 465 2394 et
482 2339 550 2394 nibil
570 2339 680 2393 omnino
696 2338 729 2393 de
744 2338 842 2393 iustitia
859 2329 1033 2410 intelligunt,⁸
1056 2340 1118 2409 quia
1133 2336 1242 2409 quando

72 2423 185 2480 audiunt
205 2423 237 2478 de
261 2423 368 2488 iustitia,
391 2437 489 2477 sensus
506 2420 614 2475 illorum
638 2420 663 2474 in
679 2419 784 2475 actibus
807 2420 928 2492 ipsorum
943 2427 993 2485 est,
1016 2428 1043 2475 et
1054 2419 1121 2474 nibil
1133 2418 1242 2474 omniuo

73 2506 236 2577 intelligunt.
279 2503 329 2572 Qui
350 2511 439 2558 autem
462 2502 602 2557 Dominum
624 2501 721 2557 timent
744 2510 772 2558 ct
792 2510 916 2557 scrutaut
938 2502 971 2557 de
994 2502 1105 2557 veritate
1128 2508 1156 2556 et
1178 2493 1261 2569 [de]¹

74 2588 212 2644 divinitate
236 2585 380 2657 diligenter
402 2584 550 2657 inquirunt,
573 2591 599 2639 et
620 2599 669 2639 cor
692 2584 719 2638 iu
742 2583 824 2639 Deum
846 2582 977 2640 babentes
993 2585 1090 2651 omnia,
1113 2599 1181 2654 quae
1203 2582 1244 2636 eis

73 2669 209 2732 dicuntur,
232 2667 383 2739 intelligunt
404 2674 431 2722 ct
453 2667 506 2721 cito
529 2667 657 2734 sentiunt,
679 2667 741 2737 quia
761 2663 844 2721 timor
866 2665 970 2721 Domini
985 2667 1011 2722 in
1029 2665 1080 2720 illis
1103 2673 1152 2721 est
1195 2660 1244 2717 Ubi

73 2759 163 2809 autem
186 2751 314 2807 Dominus
339 2748 448 2816 habitat,
470 2747 506 2804 ibi
529 2756 556 2804 et
571 2748 714 2821 prudentia
729 2764 825 2820 magna
837 2755 888 2805 est.
915 2747 1040 2803 adhaere
1051 2762 1116 2819 ergo
1130 2745 1244 2800 Domino

74 2843 129 2902 tuo,
153 2841 181 2889 et
202 2834 291 2889 omnia
316 2831 458 2904 intelliges.

156 2912 193 2986 (a)
216 2916 247 2972 ll.
289 2913 359 2969 dudi
381 2930 447 2986 ergo
471 2928 550 2980 nuuc,
574 2911 669 2985 inquit,
692 2910 829 2983 quomodo
853 2911 960 2966 tristitia
982 2910 1107 2983 spiritum
1122 2914 1245 2964 sanctum

74 3008 158 3067 verat,
178 3007 206 3055 et
222 2996 360 3072 quomodo
375 2996 473 3052 iterum
487 2994 579 3050 salvat.
621 2993 733 3061 Quando
749 2992 805 3059 ille,
827 2993 873 3066 qui
891 2992 1038 3066 dipspchus
1054 2998 1104 3058 est,
1127 2989 1244 3061 aliquem

76 3109 159 3168 δοκεῖ
177 3103 327 3185 ὄξοχολίοι,
349 3104 398 3166 καὶ
421 3100 488 3165 dito
509 3102 649 3181 ὃιψυχία,
671 3099 721 3162 καὶ
748 3094 816 3160 dato
837 3092 922 3177 λύπη.
963 3097 1066 3180 Λέγει·
1086 3132 1127 3142 -
1149 3091 1198 3158 aad
1218 3095 1248 3156 al

76 3186 112 3252 οὐ
131 3196 208 3262 νοεῖς
228 3185 263 3250 τὰ
283 3183 423 3270 λεγόμενά
443 3207 504 3263 σοις
529 3182 573 3247 Οὐ
595 3190 690 3258 νοεῖς,
711 3179 757 3244 ὅτι
777 3177 797 3282 ij
819 3177 896 3261 λύπη
922 3176 1039 3243 πάντων
1059 3185 1117 3242 τῶν
1137 3183 1248 3242 ποθῶν

75 3270 253 3353 πονηροτὲρα
284 3271 360 3333 ἐστὶν
391 3270 440 3331 κο1
472 3266 620 3347 δεινοτάτη
649 3272 710 3339 τοῖς
740 3266 856 3337 doctore
883 3269 936 3326 τοῦ
968 3267 1061 3340 Θεοῦ,
1089 3263 1139 3326 eat
1167 3256 1248 3344 παρὰ

76 3353 171 3418 πάντα
191 3350 227 3415 τὰ
246 3350 394 3432 πνεύματα
415 3352 605 3432 καταφθείρει
625 3346 676 3412 τὸν
696 3344 875 3428 ἅνθρωπονς
896 3396 902 3408 .
926 3395 932 3408 .
955 3394 962 3408 .

78 3525 226 3582 inclusimus,
246 3537 281 3580 ea,
300 3520 388 3569 rectius
406 3518 544 3575 utridetur,
562 3533 647 3567 recen·
735 3514 792 3577 Cep.
819 3514 845 3562 ll.
890 3513 914 3576 l)
941 3512 981 3561 Sic
1006 3527 1026 3560 c.
1043 3509 1125 3560 Lamb.
1151 3507 1200 3556 tat.
1225 3516 1250 3558 et

79 3593 116 3638 sio
128 3591 177 3638 Pal.
196 3591 256 3638 inira
269 3588 363 3636 demum
382 3586 465 3634 babet:
486 3584 646 3633 elitandlll.
682 3582 738 3631 Feb.
758 3583 800 3640 St,
819 3578 1000 3628 ueritatemCot.
1027 3577 1087 3627 Dein
1108 3577 1211 3637 iuppiter
1222 3590 1246 3637 p.

81 3658 111 3705 ud
130 3658 190 3716 sign.
211 3658 217 3715 ξ
238 3669 313 3716 usque
332 3653 394 3700 idem
413 3653 473 3714 sign.
681 3652 808 3711 ianquntur
825 3655 849 3695 et
867 3646 1007 3695 descendant
1023 3659 1048 3707 p.
1066 3642 1247 3693 discedunll'at.

134 3723 161 3784 9)
182 3723 293 3784 Spiritum
308 3719 342 3766 uti
360 3734 395 3781 sq.
414 3727 436 3768 et
453 3719 503 3768 des.
522 3718 545 3767 in
564 3718 613 3766 Vnt.
732 3715 757 3779 8)
779 3728 838 3778 quoe
857 3712 906 3760 l'ul.
1224 3771 1230 3783 .

133 3791 174 3853 to)
193 3790 260 3836 illum
272 3785 330 3844 Vat,
350 3785 438 3834 ibidem
457 3790 580 3845 om.inse‚
599 3793 647 3834 tirm
732 3782 759 3845 9)
779 3789 893 3829 terrenum
911 3781 1019 3842 spiritum
1036 3778 1101 3836 rat,
1126 3774 1167 3824 ubi
1192 3772 1248 3822 dein

81 3874 160 3908 cerain
177 3871 201 3918 p.
220 3855 322 3902 illorum.
681 3848 804 3898 maluerim
822 3849 918 3896 virtutes
935 3861 958 3908 p.
976 3847 1046 3895 uires.

136 3925 175 3983 11)
195 3922 312 3984 Quotquot
330 3925 408 3968 aretem
425 3919 491 3980 liat,
509 3919 549 3969 ubi
568 3921 646 3968 onini-
735 3915 775 3976 10)
795 3916 834 3963 dei
855 3912 906 3961 Pal.

82 3998 155 4055 basp.
164 3990 296 4039 bonrinibus
315 3995 338 4035 ct
349 3987 467 4048 respondit
479 4002 503 4050 p.
512 3987 645 4050 respondet.
1191 4035 1197 4049 θ

133 4059 175 4120 12)
201 4055 322 4106 Laudatur
350 4053 417 4102 locus
446 4069 458 4102 a
482 4053 555 4103 Clam.
581 4051 645 4100 Alex.
731 4046 846 4096 idendll.
878 4045 903 4109 1)
922 4051 955 4096 est
967 4043 1026 4105 Pal,
1043 4041 1068 4091 ln
1077 4046 1134 4090 extr.
1146 4036 1250 4102 periodo

83 4131 171 4178 strom.
184 4125 254 4183 l,ii.
273 4137 297 4185 p.
312 4121 369 4171 369.
389 4121 493 4169 Eandem
512 4119 646 4168 doctrinam
679 4117 759 4177 secet.
1123 4171 1128 4184 ¹
1165 4171 1170 4183 Ι

81 4193 188 4256 reperies
206 4192 309 4251 Recogu.
327 4189 367 4248 lv,
392 4188 432 4236 ll.
451 4188 490 4235 12.
517 4185 582 4243 lllll,
606 4184 646 4233 611.
733 4180 759 4240 2)
777 4180 837 4229 Nota
858 4179 1020 4229 diversitatem
1036 4185 1185 4225 recensionis
1201 4169 1252 4220 l’al.

83 4258 300 4311 Pseudo-dubios.
318 4254 348 4303 ad
368 4254 473 4302 lTbess.
494 4255 517 4310 5,
536 4251 576 4299 at.
596 4248 647 4297 Cot.
682 4248 712 4297 ab
733 4248 816 4295 altera.

135 4327 177 4388 13)
203 4326 235 4372 lta
259 4330 295 4371 est
318 4321 342 4370 in
369 4319 450 4369 bamb.
474 4318 539 4376 vau,
566 4317 647 4378 implet
733 4316 760 4377 3)
777 4315 909 4377 intelliqent
928 4312 992 4372 Pal,
1014 4309 1070 4360 deiu
1088 4320 1172 4358 sensus
1189 4304 1250 4354 illo·

83 4393 147 4455 vulg.
166 4393 192 4441 ln
212 4391 257 4438 line
276 4390 325 4437 illis
345 4388 457 4450 pinetis
476 4385 526 4432 Vct.
684 4396 734 4430 rum
752 4383 777 4428 in
795 4386 860 4429 octus
879 4383 984 4442 ipsoram
1002 4384 1045 4428 est.
