<?xml version="1.0" encoding="UTF-8"?>
<!DOCTYPE html PUBLIC "-//W3C//DTD XHTML 1.0 Transitional//EN"
    "http://www.w3.org/TR/xhtml1/DTD/xhtml1-transitional.dtd">
<html xmlns="http://www.w3.org/1999/xhtml" xml:lang="en" lang="en">
 <head>
  <title>
</title>
<meta http-equiv="Content-Type" content="text/html;charset=utf-8" />
  <meta name='ocr-system' content='tesseract 3.04.00' />
  <meta name='ocr-capabilities' content='ocr_page ocr_carea ocr_par ocr_line ocrx_word'/>
</head>
<body>
  <div class='ocr_page' id='page_1' title='image "./patrumapostolic00polygoog/patrumapostolic00polygoog_0164.png"; bbox 0 0 2886 4882; ppageno 0'>
   <div class='ocr_carea' id='block_1_1' title="bbox 377 216 1239 284">
    <p class='ocr_par' dir='ltr' id='par_1_1' title="bbox 377 216 1239 284">
     <span class='ocr_line' id='line_1_1' title="bbox 377 216 1239 284; baseline 0.01 -9"><span class='ocrx_word' id='word_1_1' title='bbox 377 216 608 277; x_wconf 70' lang='lat' dir='ltr'><strong>autumus</strong></span> <span class='ocrx_word' id='word_1_2' title='bbox 630 220 674 276; x_wconf 81' lang='lat' dir='ltr'><strong>an</strong></span> <span class='ocrx_word' id='word_1_3' title='bbox 696 220 769 277; x_wconf 81' lang='lat' dir='ltr'><strong>COR.</strong></span> <span class='ocrx_word' id='word_1_4' title='bbox 794 219 882 277; x_wconf 84' lang='lat' dir='ltr'><strong>llblll.</strong></span> <span class='ocrx_word' id='word_1_5' title='bbox 904 218 934 278; x_wconf 81' lang='grc'><strong>1..</strong></span> <span class='ocrx_word' id='word_1_6' title='bbox 1199 221 1239 284; x_wconf 86' lang='grc'><strong>97</strong></span> 
     </span>
    </p>
   </div>
   <div class='ocr_carea' id='block_1_2' title="bbox 58 383 1242 1123">
    <p class='ocr_par' dir='ltr' id='par_1_2' title="bbox 58 383 1242 1123">
     <span class='ocr_line' id='line_1_2' title="bbox 62 383 1242 460; baseline 0.004 -18"><span class='ocrx_word' id='word_1_7' title='bbox 62 384 250 443; x_wconf 67' lang='lat' dir='ltr'><strong>moitis</strong></span> <span class='ocrx_word' id='word_1_8' title='bbox 268 393 322 443; x_wconf 75' lang='lat' dir='ltr'><strong>est</strong></span> <span class='ocrx_word' id='word_1_9' title='bbox 351 383 476 442; x_wconf 77' lang='lat' dir='ltr'><strong>Charitas</strong></span> <span class='ocrx_word' id='word_1_10' title='bbox 497 401 548 442; x_wconf 84' lang='lat' dir='ltr'><strong>nos</strong></span> <span class='ocrx_word' id='word_1_11' title='bbox 564 385 621 442; x_wconf 85' lang='lat' dir='ltr'><strong>lteo</strong></span> <span class='ocrx_word' id='word_1_12' title='bbox 644 385 811 460; x_wconf 68' lang='lat' dir='ltr'><strong>agglutinat,</strong></span> <span class='ocrx_word' id='word_1_13' title='bbox 834 385 949 442; x_wconf 86' lang='lat' dir='ltr'><strong>charitas</strong></span> <span class='ocrx_word' id='word_1_14' title='bbox 967 396 1140 460; x_wconf 87' lang='lat' dir='ltr'><strong>peecatorum</strong></span> <span class='ocrx_word' id='word_1_15' title='bbox 1153 391 1242 447; x_wconf 90' lang='lat' dir='ltr'><strong>multi·</strong></span> 
     </span>
     <span class='ocr_line' id='line_1_3' title="bbox 62 468 1241 542; baseline 0.006 -19"><span class='ocrx_word' id='word_1_16' title='bbox 62 469 173 524; x_wconf 67' lang='lat' dir='ltr'><strong>emicem</strong></span> <span class='ocrx_word' id='word_1_17' title='bbox 197 469 292 542; x_wconf 77' lang='lat' dir='ltr'><strong>tegit3</strong></span> <span class='ocrx_word' id='word_1_18' title='bbox 326 468 446 524; x_wconf 84' lang='lat' dir='ltr'><strong>charitas</strong></span> <span class='ocrx_word' id='word_1_19' title='bbox 476 469 568 525; x_wconf 87' lang='lat' dir='ltr'><strong>omnia</strong></span> <span class='ocrx_word' id='word_1_20' title='bbox 588 469 721 536; x_wconf 88' lang='lat' dir='ltr'><strong>sustinet,</strong></span> <span class='ocrx_word' id='word_1_21' title='bbox 754 469 843 523; x_wconf 82' lang='lat' dir='ltr'><strong>omnia</strong></span> <span class='ocrx_word' id='word_1_22' title='bbox 866 469 1000 541; x_wconf 77' lang='lat' dir='ltr'><strong>patienter</strong></span> <span class='ocrx_word' id='word_1_23' title='bbox 1032 471 1145 540; x_wconf 78' lang='lat' dir='ltr'><strong>tolerat3</strong></span> <span class='ocrx_word' id='word_1_24' title='bbox 1175 474 1241 530; x_wconf 91' lang='lat' dir='ltr'><strong>nihil</strong></span> 
     </span>
     <span class='ocr_line' id='line_1_4' title="bbox 62 550 1240 626; baseline 0.005 -19"><span class='ocrx_word' id='word_1_25' title='bbox 62 552 194 607; x_wconf 75' lang='lat' dir='ltr'><strong>sordidum</strong></span> <span class='ocrx_word' id='word_1_26' title='bbox 239 552 268 606; x_wconf 89' lang='lat' dir='ltr'><strong>in</strong></span> <span class='ocrx_word' id='word_1_27' title='bbox 300 551 446 619; x_wconf 83' lang='lat' dir='ltr'><strong>charitate,</strong></span> <span class='ocrx_word' id='word_1_28' title='bbox 476 551 544 608; x_wconf 81' lang='lat' dir='ltr'><strong>niliil</strong></span> <span class='ocrx_word' id='word_1_29' title='bbox 575 550 740 626; x_wconf 82' lang='lat' dir='ltr'><strong>superbum3</strong></span> <span class='ocrx_word' id='word_1_30' title='bbox 771 551 887 606; x_wconf 88' lang='lat' dir='ltr'><strong>charitas</strong></span> <span class='ocrx_word' id='word_1_31' title='bbox 910 552 1029 608; x_wconf 81' lang='lat' dir='ltr'>schisma</span> <span class='ocrx_word' id='word_1_32' title='bbox 1057 571 1110 610; x_wconf 93' lang='lat' dir='ltr'><strong>non</strong></span> <span class='ocrx_word' id='word_1_33' title='bbox 1143 556 1240 625; x_wconf 80' lang='lat' dir='ltr'><strong>habet3</strong></span> 
     </span>
     <span class='ocr_line' id='line_1_5' title="bbox 64 634 1241 707; baseline 0.008 -18"><span class='ocrx_word' id='word_1_34' title='bbox 64 635 176 690; x_wconf 79' lang='lat' dir='ltr'><strong>charitas</strong></span> <span class='ocrx_word' id='word_1_35' title='bbox 199 634 372 691; x_wconf 76' lang='lat' dir='ltr'>seditionem</span> <span class='ocrx_word' id='word_1_36' title='bbox 394 651 448 690; x_wconf 89' lang='lat' dir='ltr'><strong>non</strong></span> <span class='ocrx_word' id='word_1_37' title='bbox 471 642 575 706; x_wconf 80' lang='lat' dir='ltr'><strong>movet3</strong></span> <span class='ocrx_word' id='word_1_38' title='bbox 613 635 731 691; x_wconf 75' lang='lat' dir='ltr'><strong>charitas</strong></span> <span class='ocrx_word' id='word_1_39' title='bbox 754 635 843 689; x_wconf 89' lang='lat' dir='ltr'><strong>omnia</strong></span> <span class='ocrx_word' id='word_1_40' title='bbox 875 634 902 688; x_wconf 93' lang='lat' dir='ltr'><strong>in</strong></span> <span class='ocrx_word' id='word_1_41' title='bbox 933 635 1080 691; x_wconf 90' lang='lat' dir='ltr'><strong>eoncordia</strong></span> <span class='ocrx_word' id='word_1_42' title='bbox 1102 636 1181 707; x_wconf 85' lang='lat' dir='ltr'><strong>laeit;</strong></span> <span class='ocrx_word' id='word_1_43' title='bbox 1214 642 1241 698; x_wconf 93' lang='lat' dir='ltr'><strong>in</strong></span> 
     </span>
     <span class='ocr_line' id='line_1_6' title="bbox 63 715 1240 792; baseline 0.004 -18"><span class='ocrx_word' id='word_1_44' title='bbox 63 718 191 774; x_wconf 78' lang='lat' dir='ltr'><strong>charitate</strong></span> <span class='ocrx_word' id='word_1_45' title='bbox 225 733 327 773; x_wconf 83' lang='lat' dir='ltr'><strong>omnes</strong></span> <span class='ocrx_word' id='word_1_46' title='bbox 348 715 396 772; x_wconf 79' lang='lat' dir='ltr'><strong>bei</strong></span> <span class='ocrx_word' id='word_1_47' title='bbox 418 717 496 773; x_wconf 88' lang='lat' dir='ltr'><strong>electi</strong></span> <span class='ocrx_word' id='word_1_48' title='bbox 524 717 640 792; x_wconf 84' lang='lat' dir='ltr'><strong>perlecti</strong></span> <span class='ocrx_word' id='word_1_49' title='bbox 662 725 726 774; x_wconf 86' lang='lat' dir='ltr'><strong>sunt</strong></span> <span class='ocrx_word' id='word_1_50' title='bbox 747 716 823 787; x_wconf 78' lang='lat' dir='ltr'><strong>laeti3</strong></span> <span class='ocrx_word' id='word_1_51' title='bbox 853 717 912 773; x_wconf 89' lang='lat' dir='ltr'><strong>sine</strong></span> <span class='ocrx_word' id='word_1_52' title='bbox 944 716 1073 773; x_wconf 73' lang='lat' dir='ltr'>charitate</span> <span class='ocrx_word' id='word_1_53' title='bbox 1098 720 1164 775; x_wconf 93' lang='lat' dir='ltr'><strong>nihil</strong></span> <span class='ocrx_word' id='word_1_54' title='bbox 1185 721 1240 780; x_wconf 81' lang='lat' dir='ltr'><strong>lieo</strong></span> 
     </span>
     <span class='ocr_line' id='line_1_7' title="bbox 60 798 1241 875; baseline 0.004 -21"><span class='ocrx_word' id='word_1_55' title='bbox 60 808 203 875; x_wconf 82' lang='lat' dir='ltr'><strong>acceptum</strong></span> <span class='ocrx_word' id='word_1_56' title='bbox 227 809 281 856; x_wconf 82' lang='lat' dir='ltr'><strong>est.</strong></span> <span class='ocrx_word' id='word_1_57' title='bbox 325 799 354 856; x_wconf 82' lang='lat' dir='ltr'><strong>ln</strong></span> <span class='ocrx_word' id='word_1_58' title='bbox 378 799 509 856; x_wconf 78' lang='lat' dir='ltr'><strong>charitate</strong></span> <span class='ocrx_word' id='word_1_59' title='bbox 530 817 580 857; x_wconf 91' lang='lat' dir='ltr'><strong>nos</strong></span> <span class='ocrx_word' id='word_1_60' title='bbox 602 800 732 857; x_wconf 81' lang='lat' dir='ltr'><strong>llominus</strong></span> <span class='ocrx_word' id='word_1_61' title='bbox 753 798 805 856; x_wconf 87' lang='lat' dir='ltr'><strong>sihi</strong></span> <span class='ocrx_word' id='word_1_62' title='bbox 826 800 970 866; x_wconf 72' lang='lat' dir='ltr'><strong>assumsit,</strong></span> <span class='ocrx_word' id='word_1_63' title='bbox 994 808 1107 873; x_wconf 88' lang='lat' dir='ltr'><strong>propter</strong></span> <span class='ocrx_word' id='word_1_64' title='bbox 1128 803 1241 860; x_wconf 88' lang='lat' dir='ltr'><strong>charita·</strong></span> 
     </span>
     <span class='ocr_line' id='line_1_8' title="bbox 59 881 1239 957; baseline 0.003 -19"><span class='ocrx_word' id='word_1_65' title='bbox 59 894 111 953; x_wconf 77' lang='lat' dir='ltr'><strong>um,</strong></span> <span class='ocrx_word' id='word_1_66' title='bbox 133 900 225 957; x_wconf 83' lang='lat' dir='ltr'><strong>quam</strong></span> <span class='ocrx_word' id='word_1_67' title='bbox 250 899 317 956; x_wconf 77' lang='lat' dir='ltr'><strong>erga</strong></span> <span class='ocrx_word' id='word_1_68' title='bbox 342 899 394 938; x_wconf 85' lang='lat' dir='ltr'><strong>nos</strong></span> <span class='ocrx_word' id='word_1_69' title='bbox 416 881 517 951; x_wconf 70' lang='lat' dir='ltr'><strong>inlinit,</strong></span> <span class='ocrx_word' id='word_1_70' title='bbox 540 883 668 940; x_wconf 82' lang='lat' dir='ltr'><strong>hominus</strong></span> <span class='ocrx_word' id='word_1_71' title='bbox 691 891 786 940; x_wconf 87' lang='lat' dir='ltr'><strong>noster</strong></span> <span class='ocrx_word' id='word_1_72' title='bbox 809 883 884 939; x_wconf 88' lang='lat' dir='ltr'><strong>lesus</strong></span> <span class='ocrx_word' id='word_1_73' title='bbox 907 881 1031 939; x_wconf 86' lang='lat' dir='ltr'><strong>Christus</strong></span> <span class='ocrx_word' id='word_1_74' title='bbox 1052 883 1187 940; x_wconf 86' lang='lat' dir='ltr'><strong>voluntate</strong></span> <span class='ocrx_word' id='word_1_75' title='bbox 1201 884 1239 942; x_wconf 92' lang='lat' dir='ltr'><strong>di-</strong></span> 
     </span>
     <span class='ocr_line' id='line_1_9' title="bbox 58 964 1242 1041; baseline 0 -18"><span class='ocrx_word' id='word_1_76' title='bbox 58 969 107 1023; x_wconf 78' lang='lat' dir='ltr'><strong>rina</strong></span> <span class='ocrx_word' id='word_1_77' title='bbox 128 966 304 1041; x_wconf 75' lang='lat' dir='ltr'><strong>sanguinem</strong></span> <span class='ocrx_word' id='word_1_78' title='bbox 331 982 411 1021; x_wconf 91' lang='lat' dir='ltr'><strong>suum</strong></span> <span class='ocrx_word' id='word_1_79' title='bbox 432 982 483 1039; x_wconf 89' lang='lat' dir='ltr'><strong>pro</strong></span> <span class='ocrx_word' id='word_1_80' title='bbox 507 964 588 1022; x_wconf 89' lang='lat' dir='ltr'><strong>nobis</strong></span> <span class='ocrx_word' id='word_1_81' title='bbox 610 967 738 1035; x_wconf 82' lang='lat' dir='ltr'><strong>tradidit,</strong></span> <span class='ocrx_word' id='word_1_82' title='bbox 770 974 798 1023; x_wconf 89' lang='lat' dir='ltr'><strong>et</strong></span> <span class='ocrx_word' id='word_1_83' title='bbox 824 981 935 1022; x_wconf 88' lang='lat' dir='ltr'><strong>carnem</strong></span> <span class='ocrx_word' id='word_1_84' title='bbox 962 982 1013 1039; x_wconf 91' lang='lat' dir='ltr'><strong>pro</strong></span> <span class='ocrx_word' id='word_1_85' title='bbox 1035 981 1116 1022; x_wconf 88' lang='lat' dir='ltr'><strong>carne</strong></span> <span class='ocrx_word' id='word_1_86' title='bbox 1139 976 1242 1038; x_wconf 89' lang='lat' dir='ltr'><strong>nostra,</strong></span> 
     </span>
     <span class='ocr_line' id='line_1_10' title="bbox 59 1048 595 1123; baseline -0.004 -17"><span class='ocrx_word' id='word_1_87' title='bbox 59 1060 82 1105; x_wconf 85' lang='lat' dir='ltr'><strong>et</strong></span> <span class='ocrx_word' id='word_1_88' title='bbox 99 1052 227 1106; x_wconf 84' lang='lat' dir='ltr'><strong>animam</strong></span> <span class='ocrx_word' id='word_1_89' title='bbox 250 1065 304 1123; x_wconf 93' lang='lat' dir='ltr'><strong>pro</strong></span> <span class='ocrx_word' id='word_1_90' title='bbox 322 1048 463 1106; x_wconf 78' lang='lat' dir='ltr'><strong>animabus</strong></span> <span class='ocrx_word' id='word_1_91' title='bbox 484 1049 595 1106; x_wconf 88' lang='lat' dir='ltr'><strong>nostris.</strong></span> 
     </span>
    </p>
   </div>
   <div class='ocr_carea' id='block_1_3' title="bbox 314 1280 999 1354">
    <p class='ocr_par' dir='ltr' id='par_1_3' title="bbox 314 1280 999 1354">
     <span class='ocr_line' id='line_1_11' title="bbox 314 1280 999 1354; baseline -0.006 -14"><span class='ocrx_word' id='word_1_92' title='bbox 314 1283 343 1340; x_wconf 84' lang='grc'><strong>1..</strong></span> <span class='ocrx_word' id='word_1_93' title='bbox 388 1280 504 1339; x_wconf 80' lang='lat' dir='ltr'><strong>Oramus</strong></span> <span class='ocrx_word' id='word_1_94' title='bbox 525 1287 556 1338; x_wconf 85' lang='lat' dir='ltr'><strong>nt</strong></span> <span class='ocrx_word' id='word_1_95' title='bbox 578 1281 657 1354; x_wconf 77' lang='lat' dir='ltr'><strong>dipui</strong></span> <span class='ocrx_word' id='word_1_96' title='bbox 678 1280 832 1339; x_wconf 74' lang='lat' dir='ltr'><strong>habeamur</strong></span> <span class='ocrx_word' id='word_1_97' title='bbox 853 1281 999 1339; x_wconf 74' lang='lat' dir='ltr'><strong>charitate.</strong></span> 
     </span>
    </p>
   </div>
   <div class='ocr_carea' id='block_1_4' title="bbox 56 1430 1254 2745">
    <p class='ocr_par' dir='ltr' id='par_1_4' title="bbox 56 1430 1254 2745">
     <span class='ocr_line' id='line_1_12' title="bbox 134 1430 1237 1508; baseline 0.005 -21"><span class='ocrx_word' id='word_1_98' title='bbox 134 1434 263 1503; x_wconf 84' lang='lat' dir='ltr'><strong>Videtis,</strong></span> <span class='ocrx_word' id='word_1_99' title='bbox 296 1432 401 1500; x_wconf 89' lang='lat' dir='ltr'><strong>dilecti,</strong></span> <span class='ocrx_word' id='word_1_100' title='bbox 434 1447 514 1503; x_wconf 91' lang='lat' dir='ltr'><strong>qnam</strong></span> <span class='ocrx_word' id='word_1_101' title='bbox 544 1447 639 1503; x_wconf 78' lang='lat' dir='ltr'><strong>magna</strong></span> <span class='ocrx_word' id='word_1_102' title='bbox 669 1437 697 1486; x_wconf 90' lang='lat' dir='ltr'><strong>et</strong></span> <span class='ocrx_word' id='word_1_103' title='bbox 724 1430 881 1487; x_wconf 86' lang='lat' dir='ltr'><strong>admiranda</strong></span> <span class='ocrx_word' id='word_1_104' title='bbox 911 1434 946 1489; x_wconf 90' lang='lat' dir='ltr'><strong>sit</strong></span> <span class='ocrx_word' id='word_1_105' title='bbox 967 1433 1093 1502; x_wconf 80' lang='lat' dir='ltr'><strong>charitas,</strong></span> <span class='ocrx_word' id='word_1_106' title='bbox 1114 1443 1141 1490; x_wconf 92' lang='lat' dir='ltr'><strong>et</strong></span> <span class='ocrx_word' id='word_1_107' title='bbox 1162 1437 1237 1508; x_wconf 93' lang='lat' dir='ltr'><strong>quod</strong></span> 
     </span>
     <span class='ocr_line' id='line_1_13' title="bbox 57 1513 1241 1590; baseline 0 -16"><span class='ocrx_word' id='word_1_108' title='bbox 57 1517 193 1590; x_wconf 76' lang='lat' dir='ltr'><strong>periectm</strong></span> <span class='ocrx_word' id='word_1_109' title='bbox 210 1518 273 1573; x_wconf 86' lang='lat' dir='ltr'><strong>eius</strong></span> <span class='ocrx_word' id='word_1_110' title='bbox 293 1522 411 1588; x_wconf 85' lang='lat' dir='ltr'><strong>nequeat</strong></span> <span class='ocrx_word' id='word_1_111' title='bbox 430 1515 561 1570; x_wconf 86' lang='lat' dir='ltr'><strong>enarrari.</strong></span> <span class='ocrx_word' id='word_1_112' title='bbox 603 1513 667 1581; x_wconf 82' lang='lat' dir='ltr'><strong>Quis</strong></span> <span class='ocrx_word' id='word_1_113' title='bbox 691 1520 733 1569; x_wconf 89' lang='lat' dir='ltr'><strong>est</strong></span> <span class='ocrx_word' id='word_1_114' title='bbox 754 1514 879 1582; x_wconf 87' lang='lat' dir='ltr'><strong>idoneus,</strong></span> <span class='ocrx_word' id='word_1_115' title='bbox 901 1525 931 1571; x_wconf 92' lang='lat' dir='ltr'><strong>ut</strong></span> <span class='ocrx_word' id='word_1_116' title='bbox 952 1517 978 1571; x_wconf 89' lang='lat' dir='ltr'><strong>in</strong></span> <span class='ocrx_word' id='word_1_117' title='bbox 1001 1518 1060 1590; x_wconf 91' lang='lat' dir='ltr'><strong>ipsa</strong></span> <span class='ocrx_word' id='word_1_118' title='bbox 1082 1517 1241 1587; x_wconf 87' lang='lat' dir='ltr'><strong>inveniatur,</strong></span> 
     </span>
     <span class='ocr_line' id='line_1_14' title="bbox 57 1595 1239 1674; baseline 0.001 -17"><span class='ocrx_word' id='word_1_119' title='bbox 57 1609 171 1674; x_wconf 78' lang='lat' dir='ltr'><strong>praeter</strong></span> <span class='ocrx_word' id='word_1_120' title='bbox 195 1615 257 1666; x_wconf 83' lang='lat' dir='ltr'><strong>eos,</strong></span> <span class='ocrx_word' id='word_1_121' title='bbox 279 1615 348 1672; x_wconf 83' lang='lat' dir='ltr'><strong>quos</strong></span> <span class='ocrx_word' id='word_1_122' title='bbox 371 1598 442 1653; x_wconf 87' lang='lat' dir='ltr'><strong>beus</strong></span> <span class='ocrx_word' id='word_1_123' title='bbox 465 1597 562 1670; x_wconf 82' lang='lat' dir='ltr'><strong>dignos</strong></span> <span class='ocrx_word' id='word_1_124' title='bbox 586 1612 648 1652; x_wconf 90' lang='lat' dir='ltr'><strong>esse</strong></span> <span class='ocrx_word' id='word_1_125' title='bbox 670 1595 804 1652; x_wconf 82' lang='lat' dir='ltr'><strong>volueriti</strong></span> <span class='ocrx_word' id='word_1_126' title='bbox 835 1599 950 1654; x_wconf 82' lang='lat' dir='ltr'><strong>Oramus</strong></span> <span class='ocrx_word' id='word_1_127' title='bbox 973 1600 1054 1671; x_wconf 79' lang='lat' dir='ltr'><strong>igitur</strong></span> <span class='ocrx_word' id='word_1_128' title='bbox 1076 1606 1103 1654; x_wconf 89' lang='lat' dir='ltr'><strong>et</strong></span> <span class='ocrx_word' id='word_1_129' title='bbox 1116 1609 1239 1673; x_wconf 87' lang='lat' dir='ltr'><strong>petamus</strong></span> 
     </span>
     <span class='ocr_line' id='line_1_15' title="bbox 60 1679 1242 1757; baseline 0 -18"><span class='ocrx_word' id='word_1_130' title='bbox 60 1684 91 1738; x_wconf 85' lang='lat' dir='ltr'><strong>ab</strong></span> <span class='ocrx_word' id='word_1_131' title='bbox 113 1682 195 1739; x_wconf 82' lang='lat' dir='ltr'><strong>illius</strong></span> <span class='ocrx_word' id='word_1_132' title='bbox 218 1681 425 1748; x_wconf 81' lang='lat' dir='ltr'><strong>misericordia,</strong></span> <span class='ocrx_word' id='word_1_133' title='bbox 458 1688 487 1734; x_wconf 92' lang='lat' dir='ltr'><strong>ut</strong></span> <span class='ocrx_word' id='word_1_134' title='bbox 509 1680 535 1735; x_wconf 90' lang='lat' dir='ltr'><strong>in</strong></span> <span class='ocrx_word' id='word_1_135' title='bbox 558 1679 688 1735; x_wconf 86' lang='lat' dir='ltr'><strong>charitate</strong></span> <span class='ocrx_word' id='word_1_136' title='bbox 710 1680 844 1748; x_wconf 85' lang='lat' dir='ltr'><strong>vivamus,</strong></span> <span class='ocrx_word' id='word_1_137' title='bbox 867 1682 925 1736; x_wconf 89' lang='lat' dir='ltr'><strong>siue</strong></span> <span class='ocrx_word' id='word_1_138' title='bbox 946 1682 1132 1755; x_wconf 82' lang='lat' dir='ltr'><strong>propensione</strong></span> <span class='ocrx_word' id='word_1_139' title='bbox 1153 1682 1242 1757; x_wconf 86' lang='lat' dir='ltr'><strong>aliqua</strong></span> 
     </span>
     <span class='ocr_line' id='line_1_16' title="bbox 56 1760 1242 1838; baseline 0.003 -18"><span class='ocrx_word' id='word_1_140' title='bbox 56 1767 198 1833; x_wconf 83' lang='lat' dir='ltr'><strong>bumana,</strong></span> <span class='ocrx_word' id='word_1_141' title='bbox 230 1772 260 1820; x_wconf 90' lang='lat' dir='ltr'><strong>et</strong></span> <span class='ocrx_word' id='word_1_142' title='bbox 280 1762 421 1837; x_wconf 86' lang='lat' dir='ltr'><strong>inculpati.</strong></span> <span class='ocrx_word' id='word_1_143' title='bbox 466 1762 661 1819; x_wconf 82' lang='lat' dir='ltr'><strong>Generationes</strong></span> <span class='ocrx_word' id='word_1_144' title='bbox 684 1778 779 1818; x_wconf 89' lang='lat' dir='ltr'><strong>omnes</strong></span> <span class='ocrx_word' id='word_1_145' title='bbox 801 1760 834 1818; x_wconf 91' lang='lat' dir='ltr'><strong>ab</strong></span> <span class='ocrx_word' id='word_1_146' title='bbox 857 1762 940 1819; x_wconf 78' lang='lat' dir='ltr'><strong>Adam</strong></span> <span class='ocrx_word' id='word_1_147' title='bbox 972 1766 1104 1838; x_wconf 88' lang='lat' dir='ltr'><strong>usquein</strong></span> <span class='ocrx_word' id='word_1_148' title='bbox 1133 1766 1242 1824; x_wconf 85' lang='lat' dir='ltr'><strong>hodier-</strong></span> 
     </span>
     <span class='ocr_line' id='line_1_17' title="bbox 57 1844 1240 1921; baseline 0.003 -16"><span class='ocrx_word' id='word_1_149' title='bbox 57 1867 120 1905; x_wconf 85' lang='lat' dir='ltr'><strong>num</strong></span> <span class='ocrx_word' id='word_1_150' title='bbox 141 1850 220 1905; x_wconf 85' lang='lat' dir='ltr'><strong>diem</strong></span> <span class='ocrx_word' id='word_1_151' title='bbox 241 1847 456 1921; x_wconf 77' lang='lat' dir='ltr'><strong>praeterierunt3</strong></span> <span class='ocrx_word' id='word_1_152' title='bbox 479 1846 524 1919; x_wconf 91' lang='lat' dir='ltr'><strong>qui</strong></span> <span class='ocrx_word' id='word_1_153' title='bbox 548 1862 611 1900; x_wconf 87' lang='lat' dir='ltr'><strong>vero</strong></span> <span class='ocrx_word' id='word_1_154' title='bbox 634 1861 685 1918; x_wconf 91' lang='lat' dir='ltr'><strong>per</strong></span> <span class='ocrx_word' id='word_1_155' title='bbox 707 1844 753 1900; x_wconf 86' lang='lat' dir='ltr'><strong>llei</strong></span> <span class='ocrx_word' id='word_1_156' title='bbox 772 1845 883 1917; x_wconf 80' lang='lat' dir='ltr'><strong>gratiam</strong></span> <span class='ocrx_word' id='word_1_157' title='bbox 906 1847 932 1902; x_wconf 92' lang='lat' dir='ltr'><strong>in</strong></span> <span class='ocrx_word' id='word_1_158' title='bbox 951 1848 1081 1903; x_wconf 88' lang='lat' dir='ltr'><strong>charitate</strong></span> <span class='ocrx_word' id='word_1_159' title='bbox 1097 1857 1161 1904; x_wconf 88' lang='lat' dir='ltr'><strong>sunt</strong></span> <span class='ocrx_word' id='word_1_160' title='bbox 1175 1867 1240 1907; x_wconf 90' lang='lat' dir='ltr'><strong>eon·</strong></span> 
     </span>
     <span class='ocr_line' id='line_1_18' title="bbox 56 1928 1239 2003; baseline 0.002 -15"><span class='ocrx_word' id='word_1_161' title='bbox 56 1932 197 1999; x_wconf 82' lang='lat' dir='ltr'><strong>summati,</strong></span> <span class='ocrx_word' id='word_1_162' title='bbox 219 1930 311 1986; x_wconf 85' lang='lat' dir='ltr'><strong>locum</strong></span> <span class='ocrx_word' id='word_1_163' title='bbox 333 1930 439 2003; x_wconf 89' lang='lat' dir='ltr'><strong>piormn</strong></span> <span class='ocrx_word' id='word_1_164' title='bbox 462 1929 595 1994; x_wconf 84' lang='lat' dir='ltr'><strong>obtinent,</strong></span> <span class='ocrx_word' id='word_1_165' title='bbox 616 1936 644 1983; x_wconf 90' lang='lat' dir='ltr'><strong>et</strong></span> <span class='ocrx_word' id='word_1_166' title='bbox 666 1928 693 1982; x_wconf 88' lang='lat' dir='ltr'><strong>in</strong></span> <span class='ocrx_word' id='word_1_167' title='bbox 715 1928 866 1984; x_wconf 88' lang='lat' dir='ltr'><strong>visitatione</strong></span> <span class='ocrx_word' id='word_1_168' title='bbox 881 1929 958 2002; x_wconf 81' lang='lat' dir='ltr'><strong>regni</strong></span> <span class='ocrx_word' id='word_1_169' title='bbox 973 1931 1071 1986; x_wconf 81' lang='lat' dir='ltr'><strong>Christi</strong></span> <span class='ocrx_word' id='word_1_170' title='bbox 1087 1933 1239 1990; x_wconf 77' lang='lat' dir='ltr'><strong>manifesta·</strong></span> 
     </span>
     <span class='ocr_line' id='line_1_19' title="bbox 56 2010 1239 2088; baseline 0.002 -17"><span class='ocrx_word' id='word_1_171' title='bbox 56 2016 170 2072; x_wconf 86' lang='lat' dir='ltr'><strong>huntur.</strong></span> <span class='ocrx_word' id='word_1_172' title='bbox 218 2012 357 2086; x_wconf 86' lang='lat' dir='ltr'><strong>Scriptum</strong></span> <span class='ocrx_word' id='word_1_173' title='bbox 379 2012 452 2069; x_wconf 85' lang='lat' dir='ltr'><strong>eninr</strong></span> <span class='ocrx_word' id='word_1_174' title='bbox 474 2020 529 2068; x_wconf 89' lang='lat' dir='ltr'><strong>est:</strong></span> <span class='ocrx_word' id='word_1_175' title='bbox 559 2011 722 2083; x_wconf 77' lang='lat' dir='ltr'><strong>,ingredere</strong></span> <span class='ocrx_word' id='word_1_176' title='bbox 754 2011 779 2065; x_wconf 90' lang='lat' dir='ltr'><strong>iu</strong></span> <span class='ocrx_word' id='word_1_177' title='bbox 810 2010 933 2067; x_wconf 86' lang='lat' dir='ltr'><strong>cubicula</strong></span> <span class='ocrx_word' id='word_1_178' title='bbox 962 2012 1098 2086; x_wconf 84' lang='lat' dir='ltr'><strong>paululum</strong></span> <span class='ocrx_word' id='word_1_179' title='bbox 1126 2027 1239 2088; x_wconf 89' lang='lat' dir='ltr'><strong>quantu·</strong></span> 
     </span>
     <span class='ocr_line' id='line_1_20' title="bbox 56 2093 1237 2170; baseline 0.001 -16"><span class='ocrx_word' id='word_1_180' title='bbox 56 2099 240 2170; x_wconf 70' lang='lat' dir='ltr'><strong>monaque,</strong></span> <span class='ocrx_word' id='word_1_181' title='bbox 263 2095 350 2152; x_wconf 91' lang='lat' dir='ltr'><strong>donec</strong></span> <span class='ocrx_word' id='word_1_182' title='bbox 371 2096 410 2150; x_wconf 93' lang='lat' dir='ltr'><strong>ira</strong></span> <span class='ocrx_word' id='word_1_183' title='bbox 431 2113 490 2151; x_wconf 88' lang='lat' dir='ltr'><strong>mea</strong></span> <span class='ocrx_word' id='word_1_184' title='bbox 511 2102 538 2150; x_wconf 93' lang='lat' dir='ltr'><strong>et</strong></span> <span class='ocrx_word' id='word_1_185' title='bbox 559 2093 638 2148; x_wconf 89' lang='lat' dir='ltr'><strong>luror</strong></span> <span class='ocrx_word' id='word_1_186' title='bbox 660 2101 845 2166; x_wconf 84' lang='lat' dir='ltr'><strong>pertranseat;</strong></span> <span class='ocrx_word' id='word_1_187' title='bbox 867 2103 895 2150; x_wconf 89' lang='lat' dir='ltr'><strong>et</strong></span> <span class='ocrx_word' id='word_1_188' title='bbox 909 2096 1078 2152; x_wconf 89' lang='lat' dir='ltr'><strong>recordabor</strong></span> <span class='ocrx_word' id='word_1_189' title='bbox 1100 2098 1154 2154; x_wconf 90' lang='lat' dir='ltr'><strong>diei</strong></span> <span class='ocrx_word' id='word_1_190' title='bbox 1163 2100 1237 2168; x_wconf 90' lang='lat' dir='ltr'><strong>boni,</strong></span> 
     </span>
     <span class='ocr_line' id='line_1_21' title="bbox 56 2171 1240 2255; baseline 0 -18"><span class='ocrx_word' id='word_1_191' title='bbox 56 2191 84 2236; x_wconf 82' lang='lat' dir='ltr'><strong>ct</strong></span> <span class='ocrx_word' id='word_1_192' title='bbox 105 2177 253 2237; x_wconf 82' lang='lat' dir='ltr'><strong>suscitabo</strong></span> <span class='ocrx_word' id='word_1_193' title='bbox 276 2195 324 2233; x_wconf 74' lang='lat' dir='ltr'><strong>uos</strong></span> <span class='ocrx_word' id='word_1_194' title='bbox 347 2194 362 2234; x_wconf 94' lang='lat' dir='ltr'><strong>e</strong></span> <span class='ocrx_word' id='word_1_195' title='bbox 384 2176 537 2250; x_wconf 88' lang='lat' dir='ltr'><strong>sepulchris</strong></span> <span class='ocrx_word' id='word_1_196' title='bbox 559 2171 674 2232; x_wconf 64' lang='lat' dir='ltr'><strong>restris!</strong></span> <span class='ocrx_word' id='word_1_197' title='bbox 705 2175 777 2231; x_wconf 85' lang='lat' dir='ltr'><strong>Beati</strong></span> <span class='ocrx_word' id='word_1_198' title='bbox 800 2193 903 2244; x_wconf 86' lang='lat' dir='ltr'><strong>sumus,</strong></span> <span class='ocrx_word' id='word_1_199' title='bbox 926 2177 1025 2241; x_wconf 84' lang='lat' dir='ltr'><strong>dilecti,</strong></span> <span class='ocrx_word' id='word_1_200' title='bbox 1049 2180 1071 2233; x_wconf 93' lang='lat' dir='ltr'><strong>si</strong></span> <span class='ocrx_word' id='word_1_201' title='bbox 1094 2191 1240 2255; x_wconf 87' lang='lat' dir='ltr'><strong>praecepta</strong></span> 
     </span>
     <span class='ocr_line' id='line_1_22' title="bbox 58 2258 1239 2336; baseline 0.001 -18"><span class='ocrx_word' id='word_1_202' title='bbox 58 2264 172 2319; x_wconf 86' lang='lat' dir='ltr'><strong>bomini</strong></span> <span class='ocrx_word' id='word_1_203' title='bbox 194 2261 223 2317; x_wconf 92' lang='lat' dir='ltr'><strong>in</strong></span> <span class='ocrx_word' id='word_1_204' title='bbox 245 2260 385 2316; x_wconf 89' lang='lat' dir='ltr'><strong>eharitatis</strong></span> <span class='ocrx_word' id='word_1_205' title='bbox 407 2259 556 2316; x_wconf 88' lang='lat' dir='ltr'><strong>eoncordia</strong></span> <span class='ocrx_word' id='word_1_206' title='bbox 587 2258 803 2332; x_wconf 83' lang='lat' dir='ltr'><strong>impleverimus,</strong></span> <span class='ocrx_word' id='word_1_207' title='bbox 826 2268 856 2314; x_wconf 91' lang='lat' dir='ltr'><strong>ut</strong></span> <span class='ocrx_word' id='word_1_208' title='bbox 875 2278 926 2332; x_wconf 90' lang='lat' dir='ltr'><strong>per</strong></span> <span class='ocrx_word' id='word_1_209' title='bbox 948 2261 1104 2317; x_wconf 87' lang='lat' dir='ltr'><strong>charitatem</strong></span> <span class='ocrx_word' id='word_1_210' title='bbox 1126 2273 1239 2336; x_wconf 91' lang='lat' dir='ltr'><strong>peccata</strong></span> 
     </span>
     <span class='ocr_line' id='line_1_23' title="bbox 57 2341 1239 2416; baseline -0.001 -15"><span class='ocrx_word' id='word_1_211' title='bbox 57 2354 158 2402; x_wconf 83' lang='lat' dir='ltr'><strong>nostra</strong></span> <span class='ocrx_word' id='word_1_212' title='bbox 180 2342 263 2400; x_wconf 90' lang='lat' dir='ltr'><strong>nohis</strong></span> <span class='ocrx_word' id='word_1_213' title='bbox 285 2345 462 2399; x_wconf 90' lang='lat' dir='ltr'><strong>remittantur.</strong></span> <span class='ocrx_word' id='word_1_214' title='bbox 505 2341 643 2414; x_wconf 86' lang='lat' dir='ltr'><strong>Scriptum</strong></span> <span class='ocrx_word' id='word_1_215' title='bbox 666 2341 737 2396; x_wconf 90' lang='lat' dir='ltr'><strong>enim</strong></span> <span class='ocrx_word' id='word_1_216' title='bbox 760 2349 817 2397; x_wconf 87' lang='lat' dir='ltr'><strong>est:</strong></span> <span class='ocrx_word' id='word_1_217' title='bbox 849 2341 945 2416; x_wconf 80' lang='lat' dir='ltr'><strong>,heati,</strong></span> <span class='ocrx_word' id='word_1_218' title='bbox 968 2361 1084 2415; x_wconf 77' lang='lat' dir='ltr'><strong>(quorum</strong></span> <span class='ocrx_word' id='word_1_219' title='bbox 1107 2348 1239 2400; x_wconf 87' lang='lat' dir='ltr'><strong>remissae</strong></span> 
     </span>
     <span class='ocr_line' id='line_1_24' title="bbox 58 2423 1240 2499; baseline -0.003 -15"><span class='ocrx_word' id='word_1_220' title='bbox 58 2436 125 2484; x_wconf 80' lang='lat' dir='ltr'><strong>sunt</strong></span> <span class='ocrx_word' id='word_1_221' title='bbox 148 2426 322 2499; x_wconf 82' lang='lat' dir='ltr'><strong>iniquitates,</strong></span> <span class='ocrx_word' id='word_1_222' title='bbox 354 2433 381 2481; x_wconf 87' lang='lat' dir='ltr'><strong>et</strong></span> <span class='ocrx_word' id='word_1_223' title='bbox 401 2442 519 2499; x_wconf 90' lang='lat' dir='ltr'><strong>quornm</strong></span> <span class='ocrx_word' id='word_1_224' title='bbox 541 2430 612 2480; x_wconf 88' lang='lat' dir='ltr'><strong>tecta</strong></span> <span class='ocrx_word' id='word_1_225' title='bbox 634 2429 698 2478; x_wconf 85' lang='lat' dir='ltr'><strong>snut</strong></span> <span class='ocrx_word' id='word_1_226' title='bbox 719 2431 839 2496; x_wconf 89' lang='lat' dir='ltr'><strong>peccata.</strong></span> <span class='ocrx_word' id='word_1_227' title='bbox 883 2423 980 2480; x_wconf 85' lang='lat' dir='ltr'><strong>Beatus</strong></span> <span class='ocrx_word' id='word_1_228' title='bbox 1001 2427 1055 2490; x_wconf 80' lang='lat' dir='ltr'><strong>vir,</strong></span> <span class='ocrx_word' id='word_1_229' title='bbox 1079 2427 1156 2480; x_wconf 89' lang='lat' dir='ltr'><strong>cuius</strong></span> <span class='ocrx_word' id='word_1_230' title='bbox 1177 2443 1240 2496; x_wconf 90' lang='lat' dir='ltr'><strong>pec·</strong></span> 
     </span>
     <span class='ocr_line' id='line_1_25' title="bbox 59 2504 1238 2582; baseline -0.006 -15"><span class='ocrx_word' id='word_1_231' title='bbox 59 2519 154 2567; x_wconf 84' lang='lat' dir='ltr'><strong>catum</strong></span> <span class='ocrx_word' id='word_1_232' title='bbox 177 2509 308 2565; x_wconf 81' lang='lat' dir='ltr'><strong>llominus</strong></span> <span class='ocrx_word' id='word_1_233' title='bbox 329 2526 381 2564; x_wconf 94' lang='lat' dir='ltr'><strong>non</strong></span> <span class='ocrx_word' id='word_1_234' title='bbox 405 2507 554 2582; x_wconf 87' lang='lat' dir='ltr'><strong>imputabit,</strong></span> <span class='ocrx_word' id='word_1_235' title='bbox 577 2523 665 2578; x_wconf 89' lang='lat' dir='ltr'><strong>neque</strong></span> <span class='ocrx_word' id='word_1_236' title='bbox 687 2513 730 2562; x_wconf 92' lang='lat' dir='ltr'><strong>est</strong></span> <span class='ocrx_word' id='word_1_237' title='bbox 752 2507 779 2561; x_wconf 91' lang='lat' dir='ltr'><strong>in</strong></span> <span class='ocrx_word' id='word_1_238' title='bbox 801 2523 850 2562; x_wconf 92' lang='lat' dir='ltr'><strong>ore</strong></span> <span class='ocrx_word' id='word_1_239' title='bbox 873 2509 931 2562; x_wconf 87' lang='lat' dir='ltr'><strong>eius</strong></span> <span class='ocrx_word' id='word_1_240' title='bbox 954 2504 1050 2562; x_wconf 82' lang='lat' dir='ltr'><strong>dolus‘</strong></span> <span class='ocrx_word' id='word_1_241' title='bbox 1088 2506 1160 2560; x_wconf 89' lang='lat' dir='ltr'><strong>llaec</strong></span> <span class='ocrx_word' id='word_1_242' title='bbox 1176 2505 1238 2561; x_wconf 91' lang='lat' dir='ltr'><strong>bea·</strong></span> 
     </span>
     <span class='ocr_line' id='line_1_26' title="bbox 58 2587 1239 2665; baseline -0.005 -16"><span class='ocrx_word' id='word_1_243' title='bbox 58 2593 188 2650; x_wconf 83' lang='lat' dir='ltr'><strong>titudinis</strong></span> <span class='ocrx_word' id='word_1_244' title='bbox 212 2591 378 2665; x_wconf 89' lang='lat' dir='ltr'><strong>praedicatio</strong></span> <span class='ocrx_word' id='word_1_245' title='bbox 403 2590 436 2647; x_wconf 94' lang='lat' dir='ltr'><strong>ad</strong></span> <span class='ocrx_word' id='word_1_246' title='bbox 459 2608 507 2647; x_wconf 90' lang='lat' dir='ltr'><strong>eos</strong></span> <span class='ocrx_word' id='word_1_247' title='bbox 528 2590 660 2663; x_wconf 88' lang='lat' dir='ltr'><strong>pertinet,</strong></span> <span class='ocrx_word' id='word_1_248' title='bbox 693 2590 738 2662; x_wconf 90' lang='lat' dir='ltr'><strong>qui</strong></span> <span class='ocrx_word' id='word_1_249' title='bbox 761 2606 811 2662; x_wconf 93' lang='lat' dir='ltr'><strong>per</strong></span> <span class='ocrx_word' id='word_1_250' title='bbox 832 2589 920 2646; x_wconf 90' lang='lat' dir='ltr'><strong>lesum</strong></span> <span class='ocrx_word' id='word_1_251' title='bbox 941 2589 1076 2644; x_wconf 85' lang='lat' dir='ltr'><strong>Christum</strong></span> <span class='ocrx_word' id='word_1_252' title='bbox 1099 2587 1239 2644; x_wconf 83' lang='lat' dir='ltr'><strong>Dominum</strong></span> 
     </span>
     <span class='ocr_line' id='line_1_27' title="bbox 59 2667 1254 2745; baseline -0.003 -13"><span class='ocrx_word' id='word_1_253' title='bbox 59 2686 188 2733; x_wconf 87' lang='lat' dir='ltr'><strong>nostrum</strong></span> <span class='ocrx_word' id='word_1_254' title='bbox 211 2690 226 2729; x_wconf 92' lang='lat' dir='ltr'><strong>a</strong></span> <span class='ocrx_word' id='word_1_255' title='bbox 248 2674 494 2741; x_wconf 71' lang='lat' dir='ltr'><strong>masenceium,</strong></span> <span class='ocrx_word' id='word_1_256' title='bbox 519 2673 561 2729; x_wconf 90' lang='lat' dir='ltr'><strong>cui</strong></span> <span class='ocrx_word' id='word_1_257' title='bbox 583 2672 618 2729; x_wconf 83' lang='lat' dir='ltr'><strong>sit</strong></span> <span class='ocrx_word' id='word_1_258' title='bbox 639 2672 725 2745; x_wconf 79' lang='lat' dir='ltr'><strong>gloria</strong></span> <span class='ocrx_word' id='word_1_259' title='bbox 749 2673 775 2727; x_wconf 89' lang='lat' dir='ltr'><strong>in</strong></span> <span class='ocrx_word' id='word_1_260' title='bbox 796 2672 888 2729; x_wconf 89' lang='lat' dir='ltr'><strong>secula</strong></span> <span class='ocrx_word' id='word_1_261' title='bbox 909 2672 1073 2729; x_wconf 88' lang='lat' dir='ltr'><strong>seculorum.</strong></span> <span class='ocrx_word' id='word_1_262' title='bbox 1105 2676 1199 2729; x_wconf 80' lang='lat' dir='ltr'><strong>Amen.</strong></span> <span class='ocrx_word' id='word_1_263' title='bbox 1252 2667 1254 2672; x_wconf 79' lang='grc'><strong>’</strong></span> 
     </span>
    </p>
   </div>
   <div class='ocr_carea' id='block_1_5' title="bbox 66 2854 279 2866">
    <p class='ocr_par' dir='ltr' id='par_1_5' title="bbox 66 2854 279 2866">
     <span class='ocr_line' id='line_1_28' title="bbox 66 2854 279 2866; baseline -0.019 0"><span class='ocrx_word' id='word_1_264' title='bbox 66 2854 279 2866; x_wconf 75' lang='lat'><strong>--—-</strong></span> 
     </span>
    </p>
   </div>
   <div class='ocr_carea' id='block_1_6' title="bbox 60 2964 1247 4442">
    <p class='ocr_par' dir='ltr' id='par_1_6' title="bbox 60 2964 1247 4442">
     <span class='ocr_line' id='line_1_29' title="bbox 61 2964 1240 3035; baseline -0.005 -14"><span class='ocrx_word' id='word_1_265' title='bbox 61 2971 180 3035; x_wconf 64' lang='grc' dir='ltr'><strong>ἆξηους.</strong></span> <span class='ocrx_word' id='word_1_266' title='bbox 216 2968 322 3018; x_wconf 85' lang='lat' dir='ltr'><strong>Subinde</strong></span> <span class='ocrx_word' id='word_1_267' title='bbox 340 2983 363 3031; x_wconf 87' lang='lat' dir='ltr'><strong>p.</strong></span> <span class='ocrx_word' id='word_1_268' title='bbox 377 2965 463 3018; x_wconf 76' lang='lat' dir='ltr'><strong>edroi</strong></span> <span class='ocrx_word' id='word_1_269' title='bbox 473 2966 561 3024; x_wconf 90' lang='lat' dir='ltr'><strong>luuius,</strong></span> <span class='ocrx_word' id='word_1_270' title='bbox 581 2966 636 3014; x_wconf 82' lang='lat' dir='ltr'><strong>l&#39;el·</strong></span> <span class='ocrx_word' id='word_1_271' title='bbox 670 2980 723 3014; x_wconf 86' lang='lat' dir='ltr'><strong>rnre</strong></span> <span class='ocrx_word' id='word_1_272' title='bbox 742 2973 782 3012; x_wconf 82' lang='lat' dir='ltr'><strong>orit</strong></span> <span class='ocrx_word' id='word_1_273' title='bbox 800 2964 830 3012; x_wconf 86' lang='lat' dir='ltr'><strong>ab</strong></span> <span class='ocrx_word' id='word_1_274' title='bbox 849 2980 875 3012; x_wconf 85' lang='lat' dir='ltr'><strong>ca</strong></span> <span class='ocrx_word' id='word_1_275' title='bbox 894 2964 1021 3014; x_wconf 82' lang='lat' dir='ltr'><strong>deflectere</strong></span> <span class='ocrx_word' id='word_1_276' title='bbox 1039 2965 1174 3028; x_wconf 82' lang='lat' dir='ltr'><strong>norrpotuit</strong></span> <span class='ocrx_word' id='word_1_277' title='bbox 1185 2965 1240 3015; x_wconf 84' lang='lat' dir='ltr'><strong>Cle·</strong></span> 
     </span>
     <span class='ocr_line' id='line_1_30' title="bbox 61 3031 1238 3098; baseline -0.005 -10"><span class='ocrx_word' id='word_1_278' title='bbox 61 3042 116 3098; x_wconf 81' lang='lat' dir='ltr'><strong>los,</strong></span> <span class='ocrx_word' id='word_1_279' title='bbox 137 3035 290 3085; x_wconf 83' lang='lat' dir='ltr'><strong>Colomrsius</strong></span> <span class='ocrx_word' id='word_1_280' title='bbox 315 3042 338 3083; x_wconf 89' lang='lat' dir='ltr'><strong>et</strong></span> <span class='ocrx_word' id='word_1_281' title='bbox 365 3034 405 3083; x_wconf 87' lang='lat' dir='ltr'><strong>alii</strong></span> <span class='ocrx_word' id='word_1_282' title='bbox 429 3033 527 3083; x_wconf 88' lang='lat' dir='ltr'><strong>mallent</strong></span> <span class='ocrx_word' id='word_1_283' title='bbox 552 3031 637 3096; x_wconf 72' lang='grc' dir='ltr'><strong><em>αὐτῆς</em></strong></span> <span class='ocrx_word' id='word_1_284' title='bbox 670 3045 747 3080; x_wconf 83' lang='lat' dir='ltr'><strong>niens:</strong></span> <span class='ocrx_word' id='word_1_285' title='bbox 773 3031 845 3079; x_wconf 90' lang='lat' dir='ltr'><strong>immo</strong></span> <span class='ocrx_word' id='word_1_286' title='bbox 870 3032 952 3080; x_wconf 87' lang='lat' dir='ltr'><strong>eadem</strong></span> <span class='ocrx_word' id='word_1_287' title='bbox 976 3032 1047 3094; x_wconf 90' lang='lat' dir='ltr'><strong>plane</strong></span> <span class='ocrx_word' id='word_1_288' title='bbox 1071 3032 1144 3081; x_wconf 88' lang='lat' dir='ltr'><strong>utitur</strong></span> <span class='ocrx_word' id='word_1_289' title='bbox 1162 3034 1238 3082; x_wconf 84' lang='lat' dir='ltr'><strong>torma</strong></span> 
     </span>
     <span class='ocr_line' id='line_1_31' title="bbox 60 3083 1240 3171; baseline -0.001 -22"><span class='ocrx_word' id='word_1_290' title='bbox 60 3123 95 3156; x_wconf 63' lang='lat' dir='ltr'><strong>rc,</strong></span> <span class='ocrx_word' id='word_1_291' title='bbox 116 3099 240 3171; x_wconf 72' lang='grc' dir='ltr'><strong>ἀγάπης.</strong></span> <span class='ocrx_word' id='word_1_292' title='bbox 670 3098 793 3161; x_wconf 84' lang='lat' dir='ltr'><strong>loquendi,</strong></span> <span class='ocrx_word' id='word_1_293' title='bbox 808 3083 896 3154; x_wconf 76' lang='grc' dir='ltr'><em>Οὗτος</em></span> <span class='ocrx_word' id='word_1_294' title='bbox 914 3094 1120 3167; x_wconf 76' lang='grc' dir='ltr'><strong><em>ὁμακαρισμὸς</em></strong></span> <span class='ocrx_word' id='word_1_295' title='bbox 1131 3096 1240 3164; x_wconf 68' lang='lat' dir='ltr'><strong>tyerno</strong></span> 
     </span>
     <span class='ocr_line' id='line_1_32' title="bbox 119 3163 1237 3234; baseline -0.006 -13"><span class='ocrx_word' id='word_1_296' title='bbox 119 3172 147 3234; x_wconf 76' lang='lat'><strong>2)</strong></span> <span class='ocrx_word' id='word_1_297' title='bbox 171 3170 267 3221; x_wconf 84' lang='lat' dir='ltr'><strong>Nullam</strong></span> <span class='ocrx_word' id='word_1_298' title='bbox 296 3167 404 3218; x_wconf 76' lang='lat' dir='ltr'><strong>lacurnam</strong></span> <span class='ocrx_word' id='word_1_299' title='bbox 443 3168 550 3217; x_wconf 88' lang='lat' dir='ltr'><strong>indicant</strong></span> <span class='ocrx_word' id='word_1_300' title='bbox 578 3167 636 3227; x_wconf 73' lang='lat' dir='ltr'><strong>lun,</strong></span> <span class='ocrx_word' id='word_1_301' title='bbox 670 3163 718 3216; x_wconf 72' lang='lat' dir='ltr'><strong>inl</strong></span> <span class='ocrx_word' id='word_1_302' title='bbox 741 3165 797 3215; x_wconf 79' lang='grc' dir='ltr'><strong>κτλ.</strong></span> <span class='ocrx_word' id='word_1_303' title='bbox 828 3180 873 3227; x_wconf 90' lang='lat' dir='ltr'><strong>qua</strong></span> <span class='ocrx_word' id='word_1_304' title='bbox 900 3166 988 3214; x_wconf 85' lang='lat' dir='ltr'><strong>Paulus</strong></span> <span class='ocrx_word' id='word_1_305' title='bbox 1013 3166 1043 3214; x_wconf 89' lang='lat' dir='ltr'><strong>ad</strong></span> <span class='ocrx_word' id='word_1_306' title='bbox 1072 3167 1138 3215; x_wconf 85' lang='lat' dir='ltr'><strong>Rom.</strong></span> <span class='ocrx_word' id='word_1_307' title='bbox 1164 3168 1192 3225; x_wconf 83' lang='lat' dir='ltr'><strong>l,</strong></span> <span class='ocrx_word' id='word_1_308' title='bbox 1214 3166 1237 3216; x_wconf 85' lang='grc'><strong>9.</strong></span> 
     </span>
     <span class='ocr_line' id='line_1_33' title="bbox 62 3217 1238 3301; baseline -0.006 -12"><span class='ocrx_word' id='word_1_309' title='bbox 62 3238 194 3299; x_wconf 83' lang='lat' dir='ltr'><strong>Galland.,</strong></span> <span class='ocrx_word' id='word_1_310' title='bbox 211 3236 318 3297; x_wconf 78' lang='lat' dir='ltr'><strong>hussel,</strong></span> <span class='ocrx_word' id='word_1_311' title='bbox 337 3237 526 3286; x_wconf 73' lang='lat' dir='ltr'><strong>schoenemann.</strong></span> <span class='ocrx_word' id='word_1_312' title='bbox 547 3243 570 3284; x_wconf 91' lang='lat' dir='ltr'><strong>et</strong></span> <span class='ocrx_word' id='word_1_313' title='bbox 588 3234 636 3283; x_wconf 90' lang='lat' dir='ltr'><strong>alii.</strong></span> <span class='ocrx_word' id='word_1_314' title='bbox 669 3231 699 3283; x_wconf 88' lang='lat'><strong>&#39;0</strong></span> <span class='ocrx_word' id='word_1_315' title='bbox 713 3246 839 3301; x_wconf 77' lang='grc' dir='ltr'><strong><em>μακαρισ</em></strong></span> <span class='ocrx_word' id='word_1_316' title='bbox 862 3222 953 3289; x_wconf 76' lang='grc' dir='ltr'><strong>ὀςοῦν</strong></span> <span class='ocrx_word' id='word_1_317' title='bbox 968 3217 1114 3289; x_wconf 76' lang='grc' dir='ltr'><strong>οὗτοςκτλ.</strong></span> <span class='ocrx_word' id='word_1_318' title='bbox 1131 3233 1238 3283; x_wconf 72' lang='lat' dir='ltr'><strong>undem·</strong></span> 
     </span>
     <span class='ocr_line' id='line_1_34' title="bbox 63 3299 1240 3370; baseline -0.005 -14"><span class='ocrx_word' id='word_1_319' title='bbox 63 3307 178 3370; x_wconf 80' lang='lat' dir='ltr'><strong>Spatium</strong></span> <span class='ocrx_word' id='word_1_320' title='bbox 195 3312 273 3353; x_wconf 90' lang='lat' dir='ltr'><strong>autem</strong></span> <span class='ocrx_word' id='word_1_321' title='bbox 291 3304 314 3351; x_wconf 90' lang='lat' dir='ltr'><strong>in</strong></span> <span class='ocrx_word' id='word_1_322' title='bbox 332 3304 374 3352; x_wconf 84' lang='lat' dir='ltr'><strong>lis.</strong></span> <span class='ocrx_word' id='word_1_323' title='bbox 393 3310 457 3352; x_wconf 85' lang='lat' dir='ltr'><strong>certe</strong></span> <span class='ocrx_word' id='word_1_324' title='bbox 477 3311 547 3352; x_wconf 80' lang='lat' dir='ltr'><strong>extat.</strong></span> <span class='ocrx_word' id='word_1_325' title='bbox 671 3316 717 3363; x_wconf 76' lang='lat' dir='ltr'><strong>«pue</strong></span> <span class='ocrx_word' id='word_1_326' title='bbox 743 3299 805 3349; x_wconf 89' lang='lat' dir='ltr'><strong>idem</strong></span> <span class='ocrx_word' id='word_1_327' title='bbox 852 3299 927 3348; x_wconf 82' lang='lat' dir='ltr'><strong>aridis</strong></span> <span class='ocrx_word' id='word_1_328' title='bbox 953 3300 1114 3350; x_wconf 88' lang='lat' dir='ltr'><strong>testimonium</strong></span> <span class='ocrx_word' id='word_1_329' title='bbox 1142 3301 1240 3350; x_wconf 90' lang='lat' dir='ltr'><strong>adhibet</strong></span> 
     </span>
     <span class='ocr_line' id='line_1_35' title="bbox 117 3365 1239 3439; baseline -0.006 -15"><span class='ocrx_word' id='word_1_330' title='bbox 117 3373 145 3432; x_wconf 82' lang='grc'><strong>3)</strong></span> <span class='ocrx_word' id='word_1_331' title='bbox 182 3365 515 3439; x_wconf 72' lang='grc' dir='ltr'><strong>.ανερ[ωθήσον]ταιῐιιιι,</strong></span> <span class='ocrx_word' id='word_1_332' title='bbox 535 3369 637 3426; x_wconf 83' lang='lat' dir='ltr'><strong>Colom,</strong></span> <span class='ocrx_word' id='word_1_333' title='bbox 672 3367 702 3416; x_wconf 89' lang='lat' dir='ltr'><strong>ad</strong></span> <span class='ocrx_word' id='word_1_334' title='bbox 728 3366 933 3416; x_wconf 74' lang='lat' dir='ltr'><strong>confirmationem</strong></span> <span class='ocrx_word' id='word_1_335' title='bbox 961 3367 1031 3415; x_wconf 88' lang='lat' dir='ltr'><strong>huius</strong></span> <span class='ocrx_word' id='word_1_336' title='bbox 1060 3367 1184 3416; x_wconf 85' lang='lat' dir='ltr'><strong>doetrinae</strong></span> <span class='ocrx_word' id='word_1_337' title='bbox 1210 3368 1239 3417; x_wconf 89' lang='lat' dir='ltr'><strong>de</strong></span> 
     </span>
     <span class='ocr_line' id='line_1_36' title="bbox 65 3388 1240 3501; baseline -0.007 -10"><span class='ocrx_word' id='word_1_338' title='bbox 65 3388 186 3492; x_wconf 56' lang='lat' dir='ltr'><strong>cattarii</strong></span> <span class='ocrx_word' id='word_1_339' title='bbox 200 3438 281 3488; x_wconf 86' lang='lat' dir='ltr'><strong>etalii</strong></span> <span class='ocrx_word' id='word_1_340' title='bbox 300 3438 414 3501; x_wconf 83' lang='lat' dir='ltr'><strong>supplent</strong></span> <span class='ocrx_word' id='word_1_341' title='bbox 437 3452 463 3486; x_wconf 77' lang='lat' dir='ltr'><strong>cr</strong></span> <span class='ocrx_word' id='word_1_342' title='bbox 482 3437 556 3486; x_wconf 83' lang='lat' dir='ltr'><strong>Clam.</strong></span> <span class='ocrx_word' id='word_1_343' title='bbox 575 3437 639 3486; x_wconf 81' lang='lat' dir='ltr'><strong>illex.</strong></span> <span class='ocrx_word' id='word_1_344' title='bbox 673 3433 801 3483; x_wconf 66' lang='lat' dir='ltr'><strong>(themistii</strong></span> <span class='ocrx_word' id='word_1_345' title='bbox 819 3435 926 3482; x_wconf 86' lang='lat' dir='ltr'><strong>eltlcncia</strong></span> <span class='ocrx_word' id='word_1_346' title='bbox 942 3434 972 3482; x_wconf 88' lang='lat' dir='ltr'><strong>ad</strong></span> <span class='ocrx_word' id='word_1_347' title='bbox 992 3435 1194 3494; x_wconf 85' lang='lat' dir='ltr'><strong>lustilicatioucm,</strong></span> <span class='ocrx_word' id='word_1_348' title='bbox 1213 3449 1240 3484; x_wconf 81' lang='lat' dir='ltr'><strong>er</strong></span> 
     </span>
     <span class='ocr_line' id='line_1_37' title="bbox 120 3501 1242 3567; baseline -0.004 -10"><span class='ocrx_word' id='word_1_349' title='bbox 120 3509 149 3567; x_wconf 80' lang='grc'><strong>1)</strong></span> <span class='ocrx_word' id='word_1_350' title='bbox 169 3507 222 3556; x_wconf 82' lang='lat' dir='ltr'><strong>lsai.</strong></span> <span class='ocrx_word' id='word_1_351' title='bbox 241 3505 281 3565; x_wconf 78' lang='grc'><strong>26,</strong></span> <span class='ocrx_word' id='word_1_352' title='bbox 300 3505 340 3555; x_wconf 74' lang='grc'><strong>10.</strong></span> <span class='ocrx_word' id='word_1_353' title='bbox 371 3506 461 3554; x_wconf 88' lang='lat' dir='ltr'><strong>Sensus</strong></span> <span class='ocrx_word' id='word_1_354' title='bbox 479 3513 531 3554; x_wconf 85' lang='lat' dir='ltr'><strong>est:</strong></span> <span class='ocrx_word' id='word_1_355' title='bbox 550 3505 640 3567; x_wconf 77' lang='lat' dir='ltr'><strong>aliquot</strong></span> <span class='ocrx_word' id='word_1_356' title='bbox 675 3517 723 3564; x_wconf 82' lang='lat' dir='ltr'><strong>qim</strong></span> <span class='ocrx_word' id='word_1_357' title='bbox 746 3501 811 3549; x_wconf 75' lang='lat' dir='ltr'><strong>l&#39;irlci</strong></span> <span class='ocrx_word' id='word_1_358' title='bbox 838 3501 882 3549; x_wconf 81' lang='lat' dir='ltr'><strong>ritu</strong></span> <span class='ocrx_word' id='word_1_359' title='bbox 906 3501 958 3549; x_wconf 89' lang='lat' dir='ltr'><strong>sine</strong></span> <span class='ocrx_word' id='word_1_360' title='bbox 988 3502 1102 3563; x_wconf 86' lang='lat' dir='ltr'><strong>operibus</strong></span> <span class='ocrx_word' id='word_1_361' title='bbox 1126 3503 1242 3552; x_wconf 84' lang='lat' dir='ltr'><strong>docuerat</strong></span> 
     </span>
     <span class='ocr_line' id='line_1_38' title="bbox 65 3568 1242 3640; baseline -0.005 -15"><span class='ocrx_word' id='word_1_362' title='bbox 65 3575 180 3640; x_wconf 65' lang='lat' dir='ltr'><strong>temporis</strong></span> <span class='ocrx_word' id='word_1_363' title='bbox 202 3574 331 3638; x_wconf 74' lang='lat' dir='ltr'><strong>sepulchris</strong></span> <span class='ocrx_word' id='word_1_364' title='bbox 350 3580 414 3622; x_wconf 83' lang='lat' dir='ltr'><strong>eruat</strong></span> <span class='ocrx_word' id='word_1_365' title='bbox 438 3574 504 3631; x_wconf 86' lang='lat' dir='ltr'><strong>teeti,</strong></span> <span class='ocrx_word' id='word_1_366' title='bbox 531 3579 583 3621; x_wconf 86' lang='lat' dir='ltr'><strong>tuac</strong></span> <span class='ocrx_word' id='word_1_367' title='bbox 602 3585 641 3619; x_wconf 83' lang='lat' dir='ltr'><strong>re·</strong></span> <span class='ocrx_word' id='word_1_368' title='bbox 677 3569 771 3626; x_wconf 79' lang='lat' dir='ltr'><strong>Paulus,</strong></span> <span class='ocrx_word' id='word_1_369' title='bbox 790 3568 856 3617; x_wconf 84' lang='lat' dir='ltr'><strong>Rom.</strong></span> <span class='ocrx_word' id='word_1_370' title='bbox 876 3569 900 3627; x_wconf 81' lang='grc'><strong>4,</strong></span> <span class='ocrx_word' id='word_1_371' title='bbox 918 3568 1001 3617; x_wconf 82' lang='grc'><strong>6-8.</strong></span> <span class='ocrx_word' id='word_1_372' title='bbox 1025 3577 1050 3617; x_wconf 91' lang='lat' dir='ltr'><strong>ut</strong></span> <span class='ocrx_word' id='word_1_373' title='bbox 1067 3569 1138 3630; x_wconf 79' lang='lat' dir='ltr'><strong>longe</strong></span> <span class='ocrx_word' id='word_1_374' title='bbox 1157 3570 1242 3619; x_wconf 86' lang='lat' dir='ltr'><strong>claris·</strong></span> 
     </span>
     <span class='ocr_line' id='line_1_39' title="bbox 67 3635 1242 3707; baseline -0.004 -15"><span class='ocrx_word' id='word_1_375' title='bbox 67 3647 176 3707; x_wconf 57' lang='lat' dir='ltr'><strong>capeat.</strong></span> <span class='ocrx_word' id='word_1_376' title='bbox 199 3641 227 3691; x_wconf 84' lang='grc'><strong>11.</strong></span> <span class='ocrx_word' id='word_1_377' title='bbox 676 3636 761 3683; x_wconf 87' lang='lat' dir='ltr'><strong>simum</strong></span> <span class='ocrx_word' id='word_1_378' title='bbox 783 3635 826 3694; x_wconf 86' lang='lat' dir='ltr'><strong>sit,</strong></span> <span class='ocrx_word' id='word_1_379' title='bbox 847 3650 966 3698; x_wconf 77' lang='lat' dir='ltr'><strong>utinquam</strong></span> <span class='ocrx_word' id='word_1_380' title='bbox 988 3644 1085 3685; x_wconf 86' lang='lat' dir='ltr'><strong>sanctos</strong></span> <span class='ocrx_word' id='word_1_381' title='bbox 1108 3637 1152 3684; x_wconf 90' lang='lat' dir='ltr'><strong>hos</strong></span> <span class='ocrx_word' id='word_1_382' title='bbox 1177 3637 1242 3687; x_wconf 81' lang='lat' dir='ltr'><strong>viros</strong></span> 
     </span>
     <span class='ocr_line' id='line_1_40' title="bbox 118 3702 1242 3773; baseline -0.008 -12"><span class='ocrx_word' id='word_1_383' title='bbox 118 3705 395 3773; x_wconf 59' lang='lat' dir='ltr'><strong>cruciamentorum</strong></span> <span class='ocrx_word' id='word_1_384' title='bbox 408 3706 482 3756; x_wconf 85' lang='lat' dir='ltr'><strong>habos</strong></span> <span class='ocrx_word' id='word_1_385' title='bbox 492 3705 563 3755; x_wconf 86' lang='lat' dir='ltr'><strong>etism</strong></span> <span class='ocrx_word' id='word_1_386' title='bbox 573 3704 644 3754; x_wconf 87' lang='lat' dir='ltr'><strong>llcbr.</strong></span> <span class='ocrx_word' id='word_1_387' title='bbox 678 3710 726 3750; x_wconf 82' lang='lat' dir='ltr'><strong>tarn</strong></span> <span class='ocrx_word' id='word_1_388' title='bbox 743 3702 854 3751; x_wconf 86' lang='lat' dir='ltr'><strong>subtilem</strong></span> <span class='ocrx_word' id='word_1_389' title='bbox 873 3703 994 3751; x_wconf 79' lang='lat' dir='ltr'><strong>uodonem</strong></span> <span class='ocrx_word' id='word_1_390' title='bbox 1006 3702 1073 3752; x_wconf 88' lang='lat' dir='ltr'><strong>Fidei</strong></span> <span class='ocrx_word' id='word_1_391' title='bbox 1090 3704 1169 3752; x_wconf 89' lang='lat' dir='ltr'><strong>animo</strong></span> <span class='ocrx_word' id='word_1_392' title='bbox 1182 3719 1242 3753; x_wconf 87' lang='lat' dir='ltr'><strong>con·</strong></span> 
     </span>
     <span class='ocr_line' id='line_1_41' title="bbox 70 3769 1243 3839; baseline -0.008 -12"><span class='ocrx_word' id='word_1_393' title='bbox 70 3778 109 3839; x_wconf 85' lang='grc'><strong>11],</strong></span> <span class='ocrx_word' id='word_1_394' title='bbox 126 3777 168 3827; x_wconf 80' lang='grc'><strong>31.</strong></span> <span class='ocrx_word' id='word_1_395' title='bbox 195 3777 242 3826; x_wconf 89' lang='lat' dir='ltr'><strong>loc.</strong></span> <span class='ocrx_word' id='word_1_396' title='bbox 679 3769 784 3832; x_wconf 80' lang='lat' dir='ltr'><strong>cepisse,</strong></span> <span class='ocrx_word' id='word_1_397' title='bbox 808 3785 868 3833; x_wconf 85' lang='lat' dir='ltr'><strong>quae</strong></span> <span class='ocrx_word' id='word_1_398' title='bbox 884 3770 1033 3818; x_wconf 87' lang='lat' dir='ltr'><strong>sanctitatem</strong></span> <span class='ocrx_word' id='word_1_399' title='bbox 1052 3770 1243 3832; x_wconf 88' lang='lat' dir='ltr'><strong>Charitstemque</strong></span> 
     </span>
     <span class='ocr_line' id='line_1_42' title="bbox 120 3836 1243 3907; baseline -0.011 -12"><span class='ocrx_word' id='word_1_400' title='bbox 120 3846 149 3907; x_wconf 79' lang='lat' dir='ltr'><strong>b)</strong></span> <span class='ocrx_word' id='word_1_401' title='bbox 167 3843 251 3893; x_wconf 89' lang='lat' dir='ltr'><strong>Simile</strong></span> <span class='ocrx_word' id='word_1_402' title='bbox 284 3840 391 3892; x_wconf 89' lang='lat' dir='ltr'><strong>nonnihil</strong></span> <span class='ocrx_word' id='word_1_403' title='bbox 422 3841 497 3890; x_wconf 88' lang='lat' dir='ltr'><strong>hahes</strong></span> <span class='ocrx_word' id='word_1_404' title='bbox 528 3841 551 3889; x_wconf 91' lang='lat' dir='ltr'><strong>in</strong></span> <span class='ocrx_word' id='word_1_405' title='bbox 581 3840 642 3889; x_wconf 93' lang='lat' dir='ltr'><strong>libro</strong></span> <span class='ocrx_word' id='word_1_406' title='bbox 679 3837 709 3885; x_wconf 88' lang='lat' dir='ltr'><strong>ab</strong></span> <span class='ocrx_word' id='word_1_407' title='bbox 727 3853 753 3885; x_wconf 92' lang='lat' dir='ltr'><strong>ea</strong></span> <span class='ocrx_word' id='word_1_408' title='bbox 771 3844 911 3887; x_wconf 76' lang='lat' dir='ltr'><strong>removeret.</strong></span> <span class='ocrx_word' id='word_1_409' title='bbox 941 3838 1009 3886; x_wconf 84' lang='lat' dir='ltr'><strong>Patet</strong></span> <span class='ocrx_word' id='word_1_410' title='bbox 1032 3839 1102 3887; x_wconf 83' lang='lat' dir='ltr'><strong>etiam</strong></span> <span class='ocrx_word' id='word_1_411' title='bbox 1120 3836 1243 3900; x_wconf 92' lang='lat' dir='ltr'><strong>quomodo</strong></span> 
     </span>
     <span class='ocr_line' id='line_1_43' title="bbox 67 3902 1243 3976; baseline -0.012 -15"><span class='ocrx_word' id='word_1_412' title='bbox 67 3911 211 3976; x_wconf 77' lang='lat' dir='ltr'><strong>apocrypho</strong></span> <span class='ocrx_word' id='word_1_413' title='bbox 231 3909 258 3960; x_wconf 84' lang='lat' dir='ltr'><strong>tt</strong></span> <span class='ocrx_word' id='word_1_414' title='bbox 278 3909 388 3968; x_wconf 68' lang='lat' dir='ltr'><strong>Hadri,</strong></span> <span class='ocrx_word' id='word_1_415' title='bbox 408 3908 444 3958; x_wconf 86' lang='grc'><strong>16.</strong></span> <span class='ocrx_word' id='word_1_416' title='bbox 479 3907 562 3958; x_wconf 80' lang='lat' dir='ltr'><strong>Coloni.</strong></span> <span class='ocrx_word' id='word_1_417' title='bbox 598 3908 643 3956; x_wconf 81' lang='lat' dir='ltr'><strong>lic·-</strong></span> <span class='ocrx_word' id='word_1_418' title='bbox 676 3902 1243 3967; x_wconf 73' lang='lat' dir='ltr'><strong>intelligendunr,quodc.32.inculcsrat.Frep.</strong></span> 
     </span>
     <span class='ocr_line' id='line_1_44' title="bbox 67 3971 1244 4043; baseline -0.013 -14"><span class='ocrx_word' id='word_1_419' title='bbox 67 3978 178 4043; x_wconf 73' lang='lat' dir='ltr'><strong>spuisse</strong></span> <span class='ocrx_word' id='word_1_420' title='bbox 197 3985 319 4027; x_wconf 87' lang='lat' dir='ltr'><strong>auctorem</strong></span> <span class='ocrx_word' id='word_1_421' title='bbox 338 3977 367 4025; x_wconf 92' lang='lat' dir='ltr'><strong>ad</strong></span> <span class='ocrx_word' id='word_1_422' title='bbox 387 3976 472 4026; x_wconf 80' lang='lat' dir='ltr'><strong>Erech.</strong></span> <span class='ocrx_word' id='word_1_423' title='bbox 490 3975 531 4035; x_wconf 83' lang='grc'><strong>37,</strong></span> <span class='ocrx_word' id='word_1_424' title='bbox 551 3973 642 4026; x_wconf 77' lang='lat'><strong>121³.</strong></span> <span class='ocrx_word' id='word_1_425' title='bbox 730 3972 756 4035; x_wconf 80' lang='lat' dir='ltr'><strong>a)</strong></span> <span class='ocrx_word' id='word_1_426' title='bbox 775 3971 815 4020; x_wconf 87' lang='lat' dir='ltr'><strong>Sic</strong></span> <span class='ocrx_word' id='word_1_427' title='bbox 834 3972 888 4021; x_wconf 79' lang='lat' dir='ltr'><strong>edil.</strong></span> <span class='ocrx_word' id='word_1_428' title='bbox 907 3987 983 4035; x_wconf 88' lang='lat' dir='ltr'><strong>usque</strong></span> <span class='ocrx_word' id='word_1_429' title='bbox 1004 3972 1034 4021; x_wconf 90' lang='lat' dir='ltr'><strong>ad</strong></span> <span class='ocrx_word' id='word_1_430' title='bbox 1053 3972 1202 4026; x_wconf 89' lang='lat' dir='ltr'><strong>Wottonum,</strong></span> <span class='ocrx_word' id='word_1_431' title='bbox 1220 3975 1244 4015; x_wconf 88' lang='lat' dir='ltr'><strong>et</strong></span> 
     </span>
     <span class='ocr_line' id='line_1_45' title="bbox 68 4033 1244 4111; baseline -0.012 -15"><span class='ocrx_word' id='word_1_432' title='bbox 68 4054 140 4111; x_wconf 86' lang='lat' dir='ltr'><strong>putat</strong></span> <span class='ocrx_word' id='word_1_433' title='bbox 157 4044 268 4095; x_wconf 84' lang='lat' dir='ltr'><strong>Galland.</strong></span> <span class='ocrx_word' id='word_1_434' title='bbox 675 4047 740 4089; x_wconf 88' lang='lat' dir='ltr'><strong>recte</strong></span> <span class='ocrx_word' id='word_1_435' title='bbox 759 4037 862 4100; x_wconf 89' lang='lat' dir='ltr'><strong>quidem,</strong></span> <span class='ocrx_word' id='word_1_436' title='bbox 880 4046 906 4088; x_wconf 92' lang='lat' dir='ltr'><strong>ut</strong></span> <span class='ocrx_word' id='word_1_437' title='bbox 918 4038 1064 4087; x_wconf 85' lang='lat' dir='ltr'><strong>lncohsonus</strong></span> <span class='ocrx_word' id='word_1_438' title='bbox 1083 4042 1165 4086; x_wconf 84' lang='lat' dir='ltr'><strong>contra</strong></span> <span class='ocrx_word' id='word_1_439' title='bbox 1177 4033 1244 4082; x_wconf 90' lang='lat' dir='ltr'><strong>illum</strong></span> 
     </span>
     <span class='ocr_line' id='line_1_46' title="bbox 119 4110 749 4178; baseline -0.014 -15"><span class='ocrx_word' id='word_1_440' title='bbox 119 4114 148 4178; x_wconf 81' lang='grc'><strong>’1)</strong></span> <span class='ocrx_word' id='word_1_441' title='bbox 169 4111 336 4163; x_wconf 78' lang='lat' dir='ltr'><strong>Animadverte</strong></span> <span class='ocrx_word' id='word_1_442' title='bbox 356 4110 395 4159; x_wconf 90' lang='lat' dir='ltr'><strong>hic</strong></span> <span class='ocrx_word' id='word_1_443' title='bbox 409 4110 554 4159; x_wconf 84' lang='lat' dir='ltr'><strong>Clementem</strong></span> <span class='ocrx_word' id='word_1_444' title='bbox 574 4124 641 4159; x_wconf 86' lang='lat' dir='ltr'><strong>cam·</strong></span> <span class='ocrx_word' id='word_1_445' title='bbox 675 4114 749 4156; x_wconf 87' lang='lat' dir='ltr'><strong>notat.</strong></span> 
     </span>
     <span class='ocr_line' id='line_1_47' title="bbox 69 4172 953 4245; baseline -0.011 -14"><span class='ocrx_word' id='word_1_446' title='bbox 69 4181 124 4231; x_wconf 85' lang='lat' dir='ltr'><strong>dem</strong></span> <span class='ocrx_word' id='word_1_447' title='bbox 142 4181 216 4245; x_wconf 88' lang='lat' dir='ltr'><strong>plane</strong></span> <span class='ocrx_word' id='word_1_448' title='bbox 233 4179 279 4228; x_wconf 77' lang='lat' dir='ltr'><strong>vim</strong></span> <span class='ocrx_word' id='word_1_449' title='bbox 293 4177 407 4228; x_wconf 76' lang='lat' dir='ltr'><strong>charitati</strong></span> <span class='ocrx_word' id='word_1_450' title='bbox 425 4176 456 4226; x_wconf 82' lang='lat' dir='ltr'><strong>aul</strong></span> <span class='ocrx_word' id='word_1_451' title='bbox 475 4177 640 4226; x_wconf 87' lang='lat' dir='ltr'><strong>remissionem</strong></span> <span class='ocrx_word' id='word_1_452' title='bbox 726 4174 753 4234; x_wconf 81' lang='grc'><strong>9)</strong></span> <span class='ocrx_word' id='word_1_453' title='bbox 772 4172 810 4221; x_wconf 85' lang='lat' dir='ltr'><strong>Ps.</strong></span> <span class='ocrx_word' id='word_1_454' title='bbox 829 4173 869 4231; x_wconf 79' lang='lat'><strong>32,</strong></span> <span class='ocrx_word' id='word_1_455' title='bbox 889 4174 910 4223; x_wconf 89' lang='lat'><strong>1.</strong></span> <span class='ocrx_word' id='word_1_456' title='bbox 930 4174 953 4222; x_wconf 79' lang='lat'><strong>2.</strong></span> 
     </span>
     <span class='ocr_line' id='line_1_48' title="bbox 70 4232 1247 4316; baseline -0.015 -17"><span class='ocrx_word' id='word_1_457' title='bbox 70 4257 279 4314; x_wconf 85' lang='lat' dir='ltr'><strong>peccatornmseu</strong></span> <span class='ocrx_word' id='word_1_458' title='bbox 291 4244 645 4307; x_wconf 85' lang='lat' dir='ltr'><strong>lustitlcationemconsequen-</strong></span> <span class='ocrx_word' id='word_1_459' title='bbox 731 4241 772 4300; x_wconf 87' lang='grc'><strong>10)</strong></span> <span class='ocrx_word' id='word_1_460' title='bbox 792 4241 824 4289; x_wconf 87' lang='lat' dir='ltr'><strong>lta</strong></span> <span class='ocrx_word' id='word_1_461' title='bbox 843 4255 869 4287; x_wconf 86' lang='lat' dir='ltr'><strong>se</strong></span> <span class='ocrx_word' id='word_1_462' title='bbox 888 4240 959 4289; x_wconf 82' lang='lat' dir='ltr'><strong>hahet</strong></span> <span class='ocrx_word' id='word_1_463' title='bbox 977 4236 1110 4316; x_wconf 40' lang='lat' dir='ltr'><strong>Codvlts,</strong></span> <span class='ocrx_word' id='word_1_464' title='bbox 1128 4232 1178 4283; x_wconf 80' lang='lat' dir='ltr'><strong>Vct.</strong></span> <span class='ocrx_word' id='word_1_465' title='bbox 1197 4232 1247 4281; x_wconf 84' lang='lat' dir='ltr'><strong>Co·</strong></span> 
     </span>
     <span class='ocr_line' id='line_1_49' title="bbox 70 4300 1247 4377; baseline -0.015 -11"><span class='ocrx_word' id='word_1_466' title='bbox 70 4317 126 4367; x_wconf 84' lang='lat' dir='ltr'><strong>dam</strong></span> <span class='ocrx_word' id='word_1_467' title='bbox 152 4316 274 4375; x_wconf 85' lang='lat' dir='ltr'><strong>tribuere,</strong></span> <span class='ocrx_word' id='word_1_468' title='bbox 300 4328 370 4377; x_wconf 91' lang='lat' dir='ltr'><strong>quam</strong></span> <span class='ocrx_word' id='word_1_469' title='bbox 395 4312 476 4361; x_wconf 91' lang='lat' dir='ltr'><strong>tribuit</strong></span> <span class='ocrx_word' id='word_1_470' title='bbox 497 4310 563 4363; x_wconf 79' lang='lat' dir='ltr'><strong>Fidei</strong></span> <span class='ocrx_word' id='word_1_471' title='bbox 580 4313 645 4375; x_wconf 89' lang='lat' dir='ltr'><strong>llpo·</strong></span> <span class='ocrx_word' id='word_1_472' title='bbox 680 4309 723 4358; x_wconf 86' lang='lat' dir='ltr'><strong>der</strong></span> <span class='ocrx_word' id='word_1_473' title='bbox 742 4308 801 4357; x_wconf 84' lang='lat' dir='ltr'><strong>Lllll</strong></span> <span class='ocrx_word' id='word_1_474' title='bbox 819 4306 904 4371; x_wconf 87' lang='lat' dir='ltr'><strong>interp.</strong></span> <span class='ocrx_word' id='word_1_475' title='bbox 923 4302 1017 4354; x_wconf 85' lang='lat' dir='ltr'><strong>exhibet</strong></span> <span class='ocrx_word' id='word_1_476' title='bbox 1036 4316 1067 4366; x_wconf 82' lang='grc' dir='ltr'><strong>ῳ.</strong></span> <span class='ocrx_word' id='word_1_477' title='bbox 1086 4301 1126 4350; x_wconf 82' lang='lat' dir='ltr'><strong>Sic</strong></span> <span class='ocrx_word' id='word_1_478' title='bbox 1150 4302 1174 4350; x_wconf 87' lang='lat' dir='ltr'><strong>S.</strong></span> <span class='ocrx_word' id='word_1_479' title='bbox 1185 4300 1247 4349; x_wconf 88' lang='lat' dir='ltr'><strong>Pau-</strong></span> 
     </span>
     <span class='ocr_line' id='line_1_50' title="bbox 70 4366 1031 4442; baseline -0.014 -7"><span class='ocrx_word' id='word_1_480' title='bbox 70 4382 260 4442; x_wconf 85' lang='lat' dir='ltr'><strong>stolusPsulus,</strong></span> <span class='ocrx_word' id='word_1_481' title='bbox 278 4381 345 4431; x_wconf 88' lang='lat' dir='ltr'><strong>cuius</strong></span> <span class='ocrx_word' id='word_1_482' title='bbox 364 4389 443 4431; x_wconf 87' lang='lat' dir='ltr'><strong>tamen</strong></span> <span class='ocrx_word' id='word_1_483' title='bbox 456 4387 558 4430; x_wconf 90' lang='lat' dir='ltr'><strong>mentem</strong></span> <span class='ocrx_word' id='word_1_484' title='bbox 575 4377 645 4441; x_wconf 77' lang='lat' dir='ltr'><strong>lqno·</strong></span> <span class='ocrx_word' id='word_1_485' title='bbox 679 4377 716 4426; x_wconf 85' lang='lat' dir='ltr'><strong>lus</strong></span> <span class='ocrx_word' id='word_1_486' title='bbox 737 4374 766 4424; x_wconf 90' lang='lat' dir='ltr'><strong>ad</strong></span> <span class='ocrx_word' id='word_1_487' title='bbox 784 4375 851 4423; x_wconf 83' lang='lat' dir='ltr'><strong>llom.</strong></span> <span class='ocrx_word' id='word_1_488' title='bbox 870 4373 894 4431; x_wconf 82' lang='grc'><strong>1,</strong></span> <span class='ocrx_word' id='word_1_489' title='bbox 912 4373 935 4423; x_wconf 86' lang='grc'><strong>8.</strong></span> <span class='ocrx_word' id='word_1_490' title='bbox 964 4366 1031 4414; x_wconf 74' lang='lat' dir='ltr'><strong>Wvll·</strong></span> 
     </span>
    </p>
   </div>
   <div class='ocr_carea' id='block_1_7' title="bbox 141 4448 1040 4520">
    <p class='ocr_par' dir='ltr' id='par_1_7' title="bbox 141 4448 1040 4520">
     <span class='ocr_line' id='line_1_51' title="bbox 141 4448 1040 4520; baseline -0.006 0"><span class='ocrx_word' id='word_1_491' title='bbox 141 4468 237 4520; x_wconf 76' lang='lat' dir='ltr'><strong>Parare</strong></span> <span class='ocrx_word' id='word_1_492' title='bbox 255 4478 337 4516; x_wconf 77' lang='lat' dir='ltr'><strong>aroer.</strong></span> <span class='ocrx_word' id='word_1_493' title='bbox 1024 4448 1040 4497; x_wconf 73' lang='lat'><strong>7</strong></span> 
     </span>
    </p>
   </div>
   <div class='ocr_carea' id='block_1_8' title="bbox 1010 4554 1162 4614">
    <p class='ocr_par' dir='ltr' id='par_1_8' title="bbox 1010 4554 1162 4614">
     <span class='ocr_line' id='line_1_52' title="bbox 1010 4554 1162 4614; baseline 0 0"><span class='ocrx_word' id='word_1_494' title='bbox 1010 4554 1162 4614; x_wconf 63' lang='lat'><strong>.-</strong></span> 
     </span>
    </p>
   </div>
   <div class='ocr_carea' id='block_1_9' title="bbox 0 0 1469 4882">
    <p class='ocr_par' dir='ltr' id='par_1_9' title="bbox 0 0 1469 4882">
     <span class='ocr_line' id='line_1_53' title="bbox 0 0 1469 4882; baseline 0 0"><span class='ocrx_word' id='word_1_495' title='bbox 0 0 1469 4882; x_wconf 95' lang='lat' dir='ltr'><strong> </strong></span> 
     </span>
    </p>
   </div>
  </div>
 </body>
</html>
