2886 4882
53 3651 54 3654 ¹
130 3631 283 3694 quamebrem
302 3630 386 3678 mirram
404 3645 451 3677 raon
476 3637 525 3687 cst,
556 3631 593 3678 bic
613 3629 694 3691 templi

460 227 656 288 bldfi'lellUbf
679 231 706 289 S.
728 232 861 290 lCNb'fll.
890 234 933 290 Vl.
956 233 1009 291 vll.
1248 232 1308 295 215

381 445 423 500 Vl.
466 446 595 518 fpuatiur
617 447 720 505 Romae
747 467 766 505 a
788 449 878 504 bestiis
900 450 1061 506 dceormuu

217 578 294 635 llliuc
316 596 382 652 ergo
405 577 529 634 abierunt
550 578 583 633 ab
606 595 648 646 ee,
672 581 716 651 qui
741 578 948 635 diciturPortus
971 576 1034 646 (iam
1048 596 1112 637 vere
1131 599 1226 655 sparsa
1248 590 1307 640 erat

136 664 221 719 sancti
243 662 371 736 martyris
394 658 490 730 fama);
518 659 656 718 obviamus
678 662 805 719 fratribus
827 670 899 717 metu
921 670 949 718 ct
970 662 1068 736 gaudio
1091 664 1219 735 repletis,
1241 683 1304 738 gau·

134 745 258 801 dentibus
279 746 403 817 quidem,
434 741 507 815 qued
530 759 681 816 congressu
703 745 859 818 Tlieopberi
884 745 954 800 fleus
976 746 1051 818 ipses
1074 752 1148 800 esset
1169 747 1306 819 dignatus,

135 825 292 884 umentibus
315 834 419 892 autem,
440 825 513 898 qued
537 825 595 881 talis
617 828 658 883 vir
679 828 713 883 ad
733 835 846 883 innectam
870 827 1025 883 duceretur.
1067 825 1204 893 Quosdam
1224 829 1304 886 etiam

135 911 244 977 monuit,
267 918 298 965 ut
319 909 499 981 quiescerent,
522 909 568 980 qui
589 908 729 966 fervebant
751 910 920 982 aiebantque,
945 927 974 965 se
992 908 1121 983 populum
1144 926 1206 966 esse
1227 911 1304 967 seda·

135 1000 225 1061 tures,
256 1009 290 1048 ne
319 993 405 1047 vicum
433 991 531 1046 iustum
560 991 592 1046 ad
614 1008 708 1048 necem
731 1000 883 1066 ‹piracrcret
925 992 974 1060 Qui
998 1009 1058 1048 ctam
1080 991 1224 1048 confestim
1245 1009 1302 1051 rem

135 1075 230 1150 spiritu
252 1074 428 1146 cognovisset
449 1081 476 1129 ct
497 1089 591 1129 omues
613 1075 769 1143 salutasset,
797 1084 824 1131 et
845 1075 877 1130 ab
907 1075 939 1131 iis
966 1092 1059 1131 ceruan
1080 1091 1199 1131 amarem
1221 1075 1303 1149 pluri·

134 1157 182 1213 bns
203 1155 309 1224 uerbis,
333 1172 412 1230 quam
435 1157 460 1211 in
484 1154 612 1228 epistola,
634 1159 774 1232 petiisset,
799 1158 886 1231 iisque
914 1159 1111 1230 persuasisset,
1133 1175 1167 1213 ne
1189 1157 1241 1213 sibi
1263 1159 1303 1214 in·

133 1240 256 1296 viderent
274 1239 308 1294 ad
329 1239 471 1295 Dominum
493 1237 646 1302 festinanti,
677 1257 762 1307 nunc,
795 1248 938 1314 postquam
967 1242 1056 1296 cuncti
1087 1239 1185 1297 fratres
1215 1257 1303 1313 genua

136 1321 288 1389 benissent,
320 1322 432 1396 ipseque
461 1319 544 1375 filium
566 1322 613 1378 lici
635 1340 685 1395 pre
708 1322 832 1379 ecclesiis
860 1330 887 1379 et
909 1339 959 1396 pro
981 1323 1133 1379 cessatione
1155 1323 1304 1395 persecuti·

134 1406 192 1461 ouis
213 1413 239 1462 et
262 1422 313 1477 pro
336 1413 428 1460 mutuo
452 1403 563 1458 fratrum
587 1406 657 1461 inter
679 1424 708 1462 se
731 1422 823 1461 acuere
846 1414 973 1479 precatus
996 1414 1083 1471 esset,
1107 1404 1238 1461 abductus
1261 1414 1304 1463 est

135 1486 276 1544 confestim
305 1488 330 1540 in
358 1486 593 1560 atripliitlaealrmn.
643 1488 708 1544 Dein
738 1488 809 1544 iflico
837 1490 863 1543 in
892 1488 918 1542 id
952 1488 1087 1543 immissus
1116 1504 1148 1543 en
1177 1487 1302 1545 mandato

135 1568 257 1626 Caesaris
279 1567 385 1642 pridem
408 1569 478 1635 alate,
500 1567 552 1624 fine
573 1571 790 1643 spectaculorum
806 1570 961 1625 imminente
983 1565 1051 1636 (erat
1073 1570 1144 1625 enim
1163 1569 1302 1638 solemnis,

135 1660 161 1707 ut
182 1650 327 1725 putabant,
350 1651 408 1706 dies
431 1651 477 1723 spui
499 1651 597 1708 dicitur
618 1653 736 1709 Romana
758 1653 850 1726 lingua
871 1653 966 1708 tertius
988 1650 1118 1718 decimus,
1142 1669 1195 1725 que
1218 1652 1302 1709 studi·

135 1752 180 1790 ose
202 1727 417 1804 convenerant),
447 1735 486 1789 sic
509 1734 665 1791 crudelibus
688 1736 752 1791 feris
781 1736 852 1790 iuxta
880 1734 1008 1807 templum
1031 1742 1073 1789 est
1101 1733 1240 1799 abiectus,
1273 1743 1304 1792 ut

135 1817 204 1872 illice
227 1815 314 1871 sancti
337 1816 462 1890 martyris
486 1817 578 1888 ignatii
603 1818 761 1890 impleretur
783 1817 964 1884 desiderium,
988 1823 1070 1889 pirent
1091 1818 1222 1890 scriptum
1244 1826 1300 1873 est:

133 1898 304 1966 ,desiderium
327 1898 388 1954 iusti
413 1906 455 1955 est
476 1898 643 1971 acceptum3‘
665 1910 694 1956 nt
715 1918 810 1973 nempe
835 1899 900 1956 nulli
922 1899 1033 1956 fratrum
1055 1901 1144 1972 gravis
1167 1900 1245 1955 fieret
1266 1899 1301 1956 ob

135 1999 242 2038 suarum
264 1979 438 2052 reliquiarum
461 1981 664 2050 collectionem,
693 1984 918 2057 qucnradmodum
941 1983 1016 2056 prius
1040 1982 1066 2037 in
1089 1984 1203 2056 epistola
1227 1990 1300 2056 epta·

134 2073 212 2131 cerat,
236 2080 312 2119 suam
336 2064 594 2119 consummationem
617 2064 685 2120 lteri.
729 2065 808 2122 Solae
830 2068 901 2122 enim
924 2066 1051 2121 duriores
1067 2073 1219 2122 sanctarum
1241 2066 1301 2121 eius

133 2146 306 2219 reliquiarum
328 2155 419 2218 partes
442 2146 552 2201 relictae
582 2156 608 2202 et
628 2149 796 2204 Antiochiam
819 2149 925 2204 ablatae
947 2155 1023 2214 sunt,
1052 2155 1131 2219 atquc
1162 2149 1188 2203 in
1217 2147 1300 2203 lintea

134 2228 281 2301 depositae,
304 2235 334 2284 nt
355 2229 499 2284 thesaurus
515 2229 725 2298 inaestimabilis,
748 2231 783 2286 eb
806 2231 931 2303 martyris
954 2230 1066 2302 gratiam
1081 2238 1190 2286 sanctae
1213 2229 1300 2286 ecclc·

134 2311 186 2367 siae
208 2311 329 2368 relictae.

349 2458 402 2516 l'lf.
446 2460 573 2533 fpuatiuc
594 2470 718 2518 mortuus
740 2462 857 2532 adparet
878 2459 1083 2514 deripientibus.

213 2590 392 2664 Contigerant
414 2610 477 2648 vero
502 2594 568 2648 lraec
589 2611 611 2649 a.
635 2593 660 2648 d.
683 2591 740 2646 xlll
763 2589 892 2644 Calendas
916 2587 1067 2653 farrinarias,
1097 2587 1150 2642 bec
1173 2595 1227 2653 est,
1252 2587 1287 2644 fle

133 2674 246 2729 cambris
267 2674 411 2745 vigesima,
440 2675 601 2731 Consulibus
624 2674 694 2748 apud
718 2674 853 2729 Rosulanus
883 2672 979 2726 iterum
1000 2669 1068 2724 Sura
1089 2677 1117 2724 et
1137 2669 1298 2725 Senecione.

132 2755 231 2811 llerum
253 2772 305 2810 nos
328 2757 378 2829 ipsi
401 2765 569 2830 spectatores
591 2758 663 2821 facti,
687 2774 746 2812 curn
769 2758 795 2811 in
819 2755 936 2810 lacrimis
961 2760 1042 2807 totarn
1066 2760 1174 2807 nectem
1196 2752 1298 2825 exegis-

132 2853 237 2906 semus,
267 2847 294 2893 et
316 2839 429 2911 genibus
458 2840 532 2896 fletis
554 2840 693 2912 inullaque
716 2839 839 2895 eratione
861 2837 1019 2902 Dominum,
1052 2842 1081 2890 ut
1101 2852 1152 2890 nes
1175 2835 1299 2892 infirmes

132 3030 337 3040 ——-—

181 3161 209 3224 7)
228 3165 267 3211 Se.
290 3171 343 3211 ante
371 3159 488 3208 Calendas
511 3161 644 3219 lancearios,
671 3171 697 3210 ut
780 3161 837 3222 Cap.
858 3159 904 3210 llll.
943 3159 967 3223 l)
991 3158 1073 3220 ignatii
1102 3159 1188 3206 festum
1213 3155 1298 3204 Graeci

131 3244 156 3278 ea
175 3246 195 3279 c.
213 3231 237 3278 Ι.
256 3237 370 3292 apparet:
389 3225 498 3292 ἐγένετο
510 3224 540 3278 δὲ
554 3231 644 3278 ταῦτα
661 3230 695 3298 τῇ
731 3227 842 3289 vigesima
862 3226 899 3275 die
912 3227 1000 3276 mensis
1012 3225 1149 3275 liecembris
1168 3223 1297 3283 celebrant,

132 3295 185 3362 πρὸ
203 3293 361 3361 δεκατριῶν
378 3294 541 3344 Kalavdeiv
555 3292 697 3345 ’[αννουα-
732 3311 779 3358 quta
798 3295 875 3356 ipsum
894 3308 991 3356 passum
1012 3293 1149 3341 fnissedcla
1168 3297 1296 3351 testantur;

147 3366 204 3415 derv.
223 3364 265 3412 llic
284 3364 327 3411 ille
341 3362 523 3410 celebrabantur
536 3362 598 3410 binis
613 3362 696 3411 diebus
731 3362 808 3410 Latini
827 3375 883 3408 rere
902 3361 940 3409 die
958 3360 1034 3423 prima
1056 3358 1190 3417 Febmarii3
1217 3373 1245 3405 an
1266 3358 1297 3406 eb

131 3379 262 3492 Siciliane,
282 3430 373 3479 adiecta
392 3430 566 3478 Saturnalibus.
586 3430 612 3477 ff.
731 3428 834 3490 aliquam
852 3442 972 3475 sacrarum
990 3427 1041 3475 eius
1055 3426 1208 3488 reliquiarum
1220 3433 1297 3472 naus-

179 3497 206 3560 8)
226 3498 281 3546 Erat
299 3495 502 3558 linpliicheatmm
520 3504 561 3544 aut
582 3496 630 3544 leri
652 3496 696 3544 ba·
732 3490 864 3542 latierrem?
902 3494 985 3543 Plures
1011 3493 1072 3542 enim
1097 3492 1171 3541 fuisse
1197 3498 1299 3541 constat.

130 3564 194 3622 llari,
223 3572 263 3612 aut
292 3563 387 3625 Stygio,
415 3571 438 3610 et
472 3562 560 3611 llianec
593 3577 695 3619 sacrum,
731 3562 834 3610 detinent.

781 3661 807 3724 2)
824 3662 840 3708 Ι.
859 3677 879 3708 c.
904 3675 976 3724 qrrirm
1003 3659 1073 3708 ambe
1095 3660 1215 3709 coniuncti
1239 3676 1295 3709 nna·

730 3743 784 3777 cram
803 3727 911 3777 secunde
924 3726 1041 3775 Consules
1056 3734 1143 3776 essent.
1169 3726 1249 3776 Prima
1261 3727 1297 3775 illi

731 3809 830 3845 unacum
851 3793 963 3842 consules
984 3802 1050 3842 erant
1068 3809 1130 3842 enne
1142 3792 1229 3841 Christi
1241 3793 1296 3849 102,

731 3861 867 3924 etquidem
888 3860 989 3910 Senecio
1001 3861 1039 3918 ΙΙΙ,
1059 3862 1120 3909 Sura
1133 3860 1161 3908 ll.
1187 3857 1296 3907 Secunda

129 3698 271 3747 mentionem
304 3696 363 3745 ficri.
394 3696 450 3745 Clcr.
486 3697 556 3745 Vetus
576 3698 695 3760 interpres

131 3781 177 3813 non
196 3765 254 3825 legit
273 3766 312 3828 τῷ
330 3764 399 3826 ναῷ,
417 3762 488 3811 babet
506 3765 583 3813 enim:
603 3767 631 3813 ab
650 3766 695 3812 im·

128 3833 190 3894 piis,
212 3832 315 3880 fortasse
334 3830 427 3890 legens:
455 3828 532 3898 nupti
556 3833 614 3882 τῶν
632 3830 696 3882 cive-

130 3899 266 3949 otntvsicc
287 3891 338 3947 dud
364 3911 409 3948 ων.
437 3897 516 3946 Smitb.
739 3930 750 3954 ,.
901 3928 905 3938 ,

181 3964 207 4026 ⁹³
317 3964 326 4012 ¹
348 4000 354 4021 ⁹
730 3943 821 4044 liin
834 3925 1214 4058 lacman'tristius
1233 3939 1295 4039 cccc

131 4099 135 4108 .
182 4029 395 4109 ¹⁰).v⁰¹‘vmi⁰²
415 4033 561 4096 “mapsa
578 4035 699 4096 r⁶p⁰³i¹a3
732 4064 771 4113 ΙΙΙ.
789 4061 901 4110 Videatur
919 4061 987 4123 Pagi,
1011 4059 1098 4109 Critiae
1123 4057 1153 4106 ad
1174 4071 1228 4105 anu.
1248 4055 1297 4106 102

130 4097 184 4147 adae
205 4098 245 4147 fir.
259 4097 330 4146 flelte
349 4112 394 4160 pre
407 4096 474 4161 aava
491 4099 617 4159 legendum
631 4108 699 4163 putat
733 4139 756 4179 οἱ
777 4130 831 4179 107.
859 4128 886 4177 ΗΙ

132 4165 216 4229 λίκνῳ
233 4183 267 4207 =
286 4164 309 4211 in
329 4171 420 4225 sporta.
446 4165 472 4213 ff.
491 4167 526 4214 ed.
547 4167 556 4213 l
562 4166 582 4215 V.

184 4222 226 4291 ft)
245 4230 296 4279 Vid.
314 4231 401 4280 Euseb.
425 4232 453 4280 ff.
471 4232 497 4280 C.
514 4233 556 4292 ll',
585 4234 622 4282 15.
651 4232 698 4280 Cfr.
784 4228 810 4285 3)
829 4230 846 4277 l.
865 4244 886 4276 e.
904 4236 931 4276 ut
944 4223 1111 4275 nescentieres
1123 4224 1221 4283 faceret,
1240 4237 1295 4274 num

133 4298 258 4360 Cbrpsesl.
276 4305 336 4347 orat.
355 4299 378 4345 in
397 4300 421 4346 S.
446 4299 521 4357 leuat.
545 4316 564 4348 c.
587 4301 609 4349 5.
637 4300 699 4362 Opp.
734 4295 816 4358 lgnalii
842 4294 980 4358 martyrium
1000 4293 1050 4341 fiee
1075 4298 1140 4339 esset
1162 4298 1293 4354 acceptum.

130 4365 161 4413 Τ.
178 4365 206 4415 ΙΙ.
224 4379 248 4429 p.
261 4365 319 4415 dud.
339 4365 376 4414 cd.
396 4366 477 4415 blenlf.
737 4363 793 4412 Clcr.
