2886 4882
338 229 464 289 todtttt
484 229 645 289 aristosa
665 230 708 288 tto
731 227 961 289 salamenses.
986 228 1029 289 IX.
1048 226 1081 287 X.
1099 228 1142 289 El.
1263 223 1326 289 2119

155 401 257 458 dotium
281 399 353 456 euim
374 414 479 454 summa
500 391 561 454 est¹¹
585 399 704 455 omnium
726 398 869 466 bonorum,
893 413 962 471 quac
976 397 1003 452 in
1017 394 1171 452 homiuibus
1185 404 1324 453 constante

156 475 255 559 quod¹²
272 481 365 554 siquis
382 480 600 550 dehonoraverit,
609 482 692 538 lleum
705 479 867 553 dehonorat,
881 479 1057 536 ethomiuum
1067 478 1157 535 lesum
1165 470 1325 537 christum·

155 565 367 642 primogenitum
389 564 472 620 totius
495 573 649 632 creaturae,
678 571 706 620 ct
727 563 815 620 solnm
845 571 942 619 natura
971 562 1122 636 principem
1152 562 1326 620 sacerdotum

156 650 212 707 Ilei.
264 648 357 705 Omnia
386 646 463 703 vobis
493 639 586 704 beue¹⁴
615 647 756 715 ordinate,
785 637 877 720 quae¹⁶
905 647 1030 702 mandata
1059 653 1122 701 suut
1150 644 1177 699 iu
1207 643 1325 703 Christo.

155 733 229 790 Laiei
251 731 378 787 lliaconis
401 729 503 787 subditi
525 722 618 798 sint3¹⁶
639 728 750 787 Iliaconi
768 721 977 803 Ριιι1ιγιιι1ιε11
999 726 1158 800 Presbyteri
1172 726 1327 803 Episcopor

156 816 307 890 Episcopus
330 813 447 880 Christo,
470 813 620 887 sicutipse
642 813 722 869 Patri.
767 811 922 869 Secundum
937 811 1010 886 quod
1032 803 1104 867 vos¹¹¹
1125 826 1168 866 mc
1181 809 1325 884 releciah's,

156 900 266 966 iratres,
295 904 323 953 et
344 913 393 951 vos
415 895 544 953 Dominus
567 897 643 952 lesus
672 886 830 953 Christus-¹⁹
872 893 1018 951 Absentem
1038 911 1082 951 me
1104 901 1132 950 et
1152 900 1325 966 praesentent

156 980 303 1039 dilexistis:
325 978 458 1035 retribuet
479 978 556 1036 vobis
570 978 651 1049 lleus,
673 986 787 1055 propter
802 968 909 1052 quem²⁰
932 984 1004 1034 tanta
1014 977 1040 1032 in
1056 977 1145 1033 vincto
1160 975 1220 1032 cius
1236 983 1326 1036 oslen-

156 1065 241 1122 distis.
285 1063 317 1119 Et
339 1062 362 1118 si
377 1061 487 1136 quidem
500 1078 555 1119 non
569 1079 629 1119 sum
643 1061 792 1129 sufficiens,
805 1061 854 1118 sed
869 1069 958 1118 huten
983 1060 1090 1118 dovotio
1106 1065 1196 1116 restra
1214 1060 1325 1135 gradis

156 1156 206 1206 est.
238 1145 276 1217 ,Si
299 1146 360 1219 quis
382 1146 453 1201 enim
476 1145 650 1202 honoraverit
671 1145 834 1221 Prophetam
855 1145 882 1201 in
905 1146 1015 1200 nomine
1036 1143 1200 1218 Prophetae,
1221 1158 1325 1201 merce·

156 1231 217 1287 dem
245 1228 399 1302 Prophetae
428 1219 586 1302 accipiet‘¹¹
630 1227 770 1285 llanileste
800 1236 828 1285 et
856 1228 903 1303 qui
931 1227 1048 1286 honorat
1077 1227 1196 1283 vinctum
1224 1225 1328 1287 Christi

156 1315 224 1381 lesu,
248 1311 401 1369 mercedem
423 1319 570 1385 martyrum
592 1303 744 1386 accipiet²²

235 1460 266 1516 11.
310 1458 453 1518 Philonem
476 1467 504 1516 et
524 1459 617 1516 Gaium
640 1469 666 1517 ot
686 1461 864 1535 Agathopum
886 1460 933 1534 qui
954 1477 998 1517 ure
1018 1470 1171 1535 sequuntur
1192 1464 1219 1519 in
1241 1464 1324 1524 uerbo

154 1546 210 1614 llei,
232 1546 278 1620 qui
300 1551 364 1600 sunt
384 1543 501 1600 ministri
523 1544 632 1612 Christi,
655 1543 725 1600 bene
747 1543 851 1600 lecistis
874 1542 1016 1617 suscipere
1037 1560 1086 1600 eos
1100 1546 1171 1602 siout
1184 1548 1325 1606 ministros

154 1629 213 1685 bei:
244 1627 291 1701 qui
311 1633 339 1684 et
359 1627 485 1682 maximas
512 1628 614 1702 gratias
634 1635 717 1701 agunt
739 1625 852 1683 llomiuo
881 1642 932 1701 pro
959 1625 1050 1693 vobis,
1085 1621 1159 1700 quia¹
1188 1628 1325 1689 refecistis

154 1728 202 1768 eos
225 1708 350 1766 omuibus
372 1701 481 1766 modis.²
523 1709 611 1766 Nicbil
632 1709 709 1766 vobis
730 1709 900 1783 reputabitur
913 1708 947 1764 ad
968 1716 1108 1782 peccatum
1131 1711 1164 1766 de
1182 1710 1233 1782 his,
1254 1730 1324 1789 qnae

154 1794 194 1851 eis
216 1792 395 1866 impendistis.
438 1792 487 1850 [let
513 1791 590 1849 vobis
608 1793 737 1850 hominus
760 1793 882 1849 invenire
904 1792 1119 1849 misericordiam
1141 1794 1213 1869 apud
1235 1794 1325 1855 noni·

155 1892 219 1931 num
251 1876 279 1931 in
310 1873 354 1930 illa
382 1867 446 1931 die.⁸
488 1876 543 1933 Pro
563 1875 703 1933 animabus
731 1876 829 1932 vestris
852 1875 963 1949 spiritus
985 1890 1061 1932 meus
1087 1882 1114 1932 et
1134 1876 1239 1934 vincrda
1261 1896 1324 1939 mes

155 1950 235 2026 siut,⁴
256 1974 325 2031 quae
334 1974 401 2096 1raon
422 1959 572 2034 sprevistis,
594 1950 632 2015 ιι5
661 1976 716 2016 uon
737 1956 893 2016 erubuistis.
936 1957 1009 2015 llaec
1036 1965 1080 2016 est
1106 1959 1228 2032 perlecta
1260 1979 1326 2041 spes

155 2042 182 2097 in
205 2041 313 2099 Christo
346 2058 404 2097 esu.

235 2172 277 2229 111.
319 2171 463 2232 Orationes
485 2185 590 2234 vestrae
612 2167 874 2252 appropinquamut¹
894 2174 928 2232 ad
950 2175 1143 2233 Antiochenam
1166 2177 1323 2249 Ecclesiam,

155 2258 198 2314 oui
221 2264 249 2313 et
268 2255 375 2331 pacifici
395 2259 470 2314 estis.
513 2258 587 2317 Unde
609 2267 637 2316 et
657 2261 761 2317 rinctus
784 2274 879 2316 omnes
901 2259 998 2315 saluto.
1040 2251 1130 2316 Unde'
1152 2269 1180 2317 et
1193 2278 1248 2319 nou
1264 2280 1324 2321 anm

156 2341 253 2414 dignus
275 2356 337 2397 esse
360 2340 469 2398 ultimus
493 2359 604 2412 eorum,
635 2342 685 2400 sed
706 2341 855 2398 secundum
878 2341 926 2398 liei
947 2341 1108 2399 voluntatem
1138 2343 1236 2416 dignus
1258 2345 1323 2405 elle·

156 2433 215 2481 ctus
236 2440 305 2492 sum,
324 2440 379 2480 non
402 2440 434 2481 ex
455 2443 515 2482 mea
538 2427 716 2501 providentia,
739 2423 788 2480 sed
811 2441 842 2481 ex
864 2425 948 2498 gratia
966 2425 1023 2481 liei.
1067 2425 1152 2495 Quam
1174 2435 1239 2498 opto
1260 2442 1322 2502 per·

156 2507 254 2565 lectam
274 2506 341 2562 mihi
362 2507 461 2576 tribui,
483 2515 512 2565 ut
534 2526 583 2584 per
603 2515 708 2566 vestras
731 2507 869 2564 orationes
890 2507 974 2564 ileum
995 2524 1104 2565 merear
1132 2507 1265 2581 adipisci,
1295 2518 1326 2568 ut

156 2606 225 2665 opus
253 2580 355 2645 meum'
382 2590 534 2665 perlectum
562 2593 597 2649 sit
624 2593 652 2648 iu
682 2590 758 2648 caelo
790 2597 818 2646 et
846 2590 873 2646 in
902 2597 984 2649 terra.
1028 2590 1111 2647 llecet
1138 2607 1204 2664 ergo
1226 2608 1274 2649 ros
1295 2592 1324 2650 in

157 2674 289 2729 honorem
312 2671 368 2741 llei,
390 2690 483 2730 curam
506 2692 603 2749 gerere
625 2675 680 2732 ileo
703 2674 800 2747 dignae
822 2671 969 2740 Ecclesiae,
991 2681 1122 2746 quaeest
1144 2675 1171 2729 in
1192 2672 1279 2748 Syria,
1294 2681 1323 2733 ot

157 2754 339 2830 congratulari
361 2756 409 2825 eis,
432 2759 494 2831 quia
518 2758 624 2834 pacifici
646 2767 717 2826 suut,
739 2749 973 2830 etperceperunt⁴
992 2773 1068 2813 suam
1087 2755 1323 2832 magnificentiam,

158 2847 185 2895 et
206 2839 330 2895 restituta
354 2841 458 2897 osteis
481 2842 508 2897 iu
540 2859 656 2916 corpore
685 2831 801 2898 eornm.⁵
843 2838 897 2896 Sed
927 2840 992 2896 mibi
1020 2841 1106 2896 visum
1131 2848 1188 2908 cst,
1217 2841 1324 2900 mittere

156 2922 272 2996 aliquem
294 2929 414 2979 vestrum
437 2923 499 2981 illuc
522 2942 583 2981 cum
606 2923 739 2998 Epistola,
763 2932 792 2979 ut
814 2921 968 2997 glorificent
990 2922 1222 2996 tranquillitatem,
1252 2941 1322 2999 quae

157 3006 196 3062 eia
219 3005 369 3062 secuudum
388 3005 471 3063 boum
494 3008 608 3083 contigit
628 3016 656 3064 et
677 3007 804 3082 quietem.
846 3005 903 3078 Ego
922 2996 1001 3061 vcro⁶
1018 3005 1104 3062 merui
1119 3014 1226 3079 portum
1249 3006 1325 3066 tutis·

156 3088 253 3144 simum
273 3088 301 3144 in
314 3086 422 3146 Christo
436 3091 604 3147 orationibus
619 3090 725 3147 vestris.
768 3088 836 3145 Cum
849 3088 909 3144 sitis
924 3086 1046 3161 perlecti,
1061 3088 1182 3162 perlecta
1200 3089 1324 3162 cogitate,

157 3173 261 3244 sapite,
285 3171 390 3229 sentite.
435 3171 594 3232 volentibus
616 3173 688 3232 enim
710 3173 787 3230 vobis
808 3171 879 3230 bene
901 3186 998 3245 agere,
1020 3172 1100 3228 ctiam
1121 3170 1192 3228 lleus
1213 3178 1324 3245 paratus

156 3260 198 3309 est
217 3253 295 3310 vobis
317 3263 466 3328 praestare.

210 3449 252 3512 12)
270 3465 336 3514 quem
353 3448 403 3499 Pal.
421 3450 477 3512 lter.
806 3445 833 3509 2)
852 3446 923 3495 Voce.
955 3447 1061 3496 omuibus
1093 3449 1168 3496 modis
1202 3462 1248 3496 otu.
1275 3446 1325 3498 Pal.

209 3517 251 3581 13)
271 3516 386 3567 Christum
408 3516 458 3566 des.
482 3516 506 3564 iu
525 3516 574 3565 l‘al.
594 3517 649 3577 lieg.
685 3515 720 3565 ct.
757 3516 896 3563 omnimodis
913 3513 963 3562 exh.
982 3513 1038 3574 ch.

155 3584 250 3633 coloss.
271 3585 292 3643 l,
312 3586 350 3635 15.
638 3622 644 3642 ,
806 3582 833 3643 3)
852 3583 876 3628 in
897 3581 934 3628 die
954 3580 1062 3642 illolleg.
1083 3579 1324 3631 Cetemmcl.2Eim.

208 3652 250 3711 11)
269 3652 310 3701 Sic
327 3667 354 3701 cn
372 3651 495 3712 Palllcg,
513 3653 569 3701 bene
582 3650 720 3713 robisvulg.
758 3648 779 3708 l,
802 3648 840 3698 18.

207 3719 248 3781 15)
267 3734 326 3784 pune
345 3719 413 3768 deest
429 3719 453 3767 in
471 3718 521 3768 Pal.
541 3719 596 3781 llcg.
808 3713 837 3779 d)
856 3717 902 3763 sint
920 3714 1050 3776 supraadd.
1070 3714 1094 3763 iu
1113 3715 1168 3776 hog.

207 3784 249 3851 16)
266 3787 374 3837 diaconia
393 3789 439 3836 aiut
459 3787 548 3835 subditi
566 3786 615 3835 l‘al.
807 3782 835 3846 5)
853 3786 875 3830 et
893 3795 953 3844 quoe
971 3780 1002 3830 al.
1020 3782 1078 3845 hog.

206 3853 248 3916 ll)
266 3854 300 3903 lta
319 3853 337 3902 C
357 3853 406 3902 Pal.
422 3852 477 3915 hog.
496 3853 533 3903 ed.
546 3854 634 3904 Veneta
648 3853 721 3912 1516,

154 3921 287 3984 hcshytero
306 3921 415 3970 nonnulli
433 3919 495 3981 vulg.
805 3917 863 3979 Cep.
882 3915 919 3964 111.
956 3913 981 3977 1)
1006 3918 1246 3981 appropinquaverunt
1265 3912 1323 3973 rat,

210 3988 252 4052 18)
267 4005 309 4039 nos
329 4004 375 4038 om.
396 3987 445 4036 Pal.
464 3988 520 4049 lleg.
755 3985 795 4035 ubi
814 3982 916 4032 subinde
934 3984 965 4032 od
985 3985 1129 4033 autiochiam
1146 3981 1275 4031 ecelesiam.

207 4055 250 4120 19)
267 4057 355 4118 reficiet
379 4070 442 4105 man.
466 4069 515 4104 sec.
538 4054 668 4119 eupraadd.
697 4055 721 4103 iu
805 4050 832 4112 2)
852 4051 914 4099 llude
933 4065 979 4100 om.
998 4050 1047 4099 Pal.

157 4123 198 4172 l'al
805 4116 832 4181 3)
849 4124 951 4167 oestrum
968 4117 1017 4166 Pal.
1036 4118 1092 4178 hog.
1104 4115 1141 4165 ed.
1154 4113 1242 4162 Veneta
1251 4112 1324 4177 1546,

204 4190 248 4252 211)
266 4191 327 4254 qnod
344 4190 400 4251 lien.
756 4195 781 4237 ut
799 4192 875 4235 textus
893 4198 928 4246 gr.

204 4257 248 4321 21)
265 4257 347 4307 hlatth.
368 4257 407 4315 10,
424 4256 465 4306 41.
807 4251 834 4314 1)
849 4257 1000 4315 pepercerunt
1019 4249 1075 4309 neg.

205 4325 250 4388 22)
265 4326 380 4388 percipiet
399 4322 449 4373 Pal.
467 4323 523 4385 lleg.
808 4318 834 4383 ⁵)
853 4321 959 4380 ipsorum
978 4316 1028 4365 Pal.
1047 4315 1103 4376 lieg.

205 4391 264 4457 Cap.
279 4391 306 4440 11.
344 4389 368 4454 1)
385 4391 497 4456 qnoniam
515 4387 566 4440 Pal.
584 4387 642 4450 her.
806 4387 833 4452 6)
849 4399 902 4434 cero
921 4398 970 4434 non
989 4391 1027 4432 est
1043 4380 1067 4430 iu
1085 4379 1134 4430 Pal.
1157 4378 1214 4445 Ecg.
