2886 4882
187 232 248 294 202
368 234 492 294 turturtt
510 236 673 296 nrrsrete
693 240 736 296 Ab
757 237 989 298 pontenurum.
1016 239 1058 296 tv,
1079 239 1110 294 V.
1131 239 1173 296 Vi.

188 393 353 477 συναγωγαὶ
373 394 562 477 γινέσθωσαν.
602 391 654 471 Ἐξ
682 392 824 476 ὀνόματος
850 394 962 472 πάντας
993 393 1089 477 ζήτει.5
1133 393 1277 470 Aoeibovo‘⁵
1309 398 1359 459 καὶ

188 475 295 551 δούλας
314 474 354 558 μὴ
376 475 571 560 ὑπερηφάνει·
594 475 666 542 άλλά
686 479 758 561 μηδὲ
779 478 863 543 αὐτοὶ
884 477 1130 560 φυσιοάσθωσαν,
1153 477 1217 542 ἄλλ’
1249 482 1290 554 εἰς
1310 478 1356 542 66·

188 563 240 637 ξαν
261 563 337 623 Θεοῦ
363 560 451 624 πλέον
479 562 709 640 δουλευέτωσαν,
735 564 784 626 ivn
812 564 974 646 κρείττονος
1002 564 1170 644 ἐλευθερίας
1198 560 1256 626 άπὸ
1280 566 1357 627 Θεοῦ

187 640 318 725 τύχωσιν.
359 641 417 726 Μὴ
438 642 583 727 ἐράτωσαν
603 643 662 711 άπὸ
683 653 736 711 τοῦ
757 649 868 711 κοινοῦ’
890 648 1135 730 ἐλευθεροῦσθαι,
1156 648 1206 710 ἵνα
1226 644 1265 728 μὴ
1290 649 1359 710 δοῦ-

187 733 232 791 λοι
253 724 414 809 εὑρεθῶσιν
432 728 612 810 ἐπιθυμίας.“

319 885 349 942 V.
395 887 472 956 Quid
493 890 640 962 eouiupes,
663 890 793 956 coelibes,
816 905 929 962 sponsos
952 898 1061 946 moneat
1082 892 1231 963 episcopos.

273 990 331 1069 Τάς
358 997 550 1075 κακοτεχνίας1
580 1001 684 1079 φεῦγε·
705 1003 814 1076 μᾶλλον
841 995 872 1058 δέ
893 992 1089 1078 περὶτούτων
1110 993 1225 1076 ὁμιλίαν
1245 997 1358 1060 merob*

190 1084 261 1152 Ταῖς
281 1076 421 1157 άόελφαῖς
442 1103 499 1158 μου
519 1076 689 1160 προσλάλει,
711 1076 828 1164 άγαπάν
848 1075 899 1142 τὸν
917 1076 1035 1161 κύριον,
1058 1079 1107 1142 καὶ
1136 1088 1196 1154 τοῖς
1225 1083 1358 1160 συμβίοις

185 1159 341 1245 άρκεῖσθαι
362 1163 447 1243 σαρκὶ
465 1162 514 1225 καὶ
534 1159 683 1243 πνεύματι.
723 1161 848 1244 Ὁμοίως
868 1163 918 1225 καὶ
939 1170 1000 1237 τοῖς
1019 1159 1157 1242 άόελφοῖς
1177 1188 1235 1244 μου
1248 1161 1359 1247 παράγ-

185 1251 264 1329 γελλε
285 1244 316 1309 ἐν
338 1241 459 1324 ὀνόματι
474 1243 571 1325 Ἰησοῦ
594 1251 739 1327 Χριστοῦ,
761 1245 878 1331 άγαπᾶν
899 1243 950 1320 τάς
972 1247 1124 1326 σνμβίους8
1152 1243 1231 1320 eigo
1258 1244 1358 1329 κάριος

185 1324 239 1410 τὴν
260 1328 422 1410 ἐκκλησίαν.
465 1330 509 1390 Εί
525 1354 569 1403 τις
589 1328 711 1392 δύναται
733 1331 764 1394 ἐν
785 1327 884 1414 άγνείμ
905 1330 1001 1409 μένειν
1023 1330 1064 1404 είς
1081 1329 1166 1410 τιμὴν
1179 1336 1231 1392 τοῦ
1243 1332 1358 1413 κυρίουι

184 1417 238 1518 τῆς
268 1407 392 1494 σαρκὸς,
419 1411 451 1474 ἐν
479 1409 640 1498 άκαυχησίιγ
668 1415 781 1489 μενέτω.
820 1411 894 1476 Ἐὰν
922 1410 1116 1493 καυχήσηται,
1145 1411 1356 1477 ἀπώλετοκαὶ

186 1493 238 1558 ίαν
258 1501 379 1581 γνωσθῇ
399 1494 487 1558 πλέον
507 1499 559 1558 τοῦ
580 1493 749 1574 ἐπισκόπου,
771 1498 925 1580 ἐφθαρται.
968 1496 1092 1575 Πρέπειὅ
1114 1495 1145 1559 δέ
1160 1504 1221 1570 τοῖς
1234 1503 1358 1580 γαμοῦσι

184 1578 317 1652 καλιαῖς
338 1579 549 1662 γαμουμέναις,
572 1577 642 1659 μετά
661 1578 777 1663 γνώμης
799 1588 851 1644 τοῦ
873 1577 1033 1645 ἐπισκόπου
1053 1577 1106 1660 τὴν
1137 1580 1240 1643 ἕνωσιν
1269 1587 1357 1643 notri-

185 1670 266 1738 σθαι,
288 1662 338 1724 λ’να
359 1658 377 1725 ά
397 1661 489 1744 γάμος
510 1653 529 1749 ᾖ
549 1660 623 1726 κατά
646 1661 731 1741 Θεὸν,
751 1664 802 1727 καλ
822 1662 861 1746 μὴ
882 1661 947 1727 κατ’
973 1665 1142 1744 ἐπιθυμίαν.
1181 1660 1296 1727 Πάντα(ς
1318 1664 1358 1738 είς

185 1741 272 1825 τιμὴν
296 1748 372 1807 Θεοῦ
393 1746 528 1827 γινέσθω.

532 1901 572 1956 Vi.
617 1903 721 1977 Officio
743 1907 835 1978 prepis
857 1904 1009 1961 christiani.

273 2013 320 2092 Τῷ
348 2002 497 2094 ἐπισκάπω
531 2009 679 2091 προσέχετε
688 2013 706 2087 ‚¹
733 2011 783 2074 ἵνα
810 2010 860 2073 καὶ
888 2005 906 2072 ά
940 2005 1013 2083 Θεὸς
1039 2006 1117 2089 άμῑν.
1166 2006 1357 2091 Ἀντίψυχον’

184 2087 240 2176 lyei
261 2097 319 2154 τῶν
345 2087 587 2172 ὑποτασσομένων
616 2100 657 2176 τῷ
686 2089 851 2180 ἐπισκάπω,
878 2092 1095 2173 πρεσβυτέροις,
1124 2089 1286 2166 διακόνοις·
1308 2096 1359 2156 καὶ

184 2171 247 2257 μετ’
266 2171 362 2237 αὐτῶν
383 2199 433 2254 μοι
453 2172 485 2237 τὸ
507 2176 593 2257 μέρος
612 2178 723 2259 γένοιτο
744 2185 821 2259 σχεῖν
842 2177 873 2239 έν
896 2178 968 2260 Θεῷ.
1012 2180 1194 2260 Συγκοπιᾶτε
1216 2172 1357 2256 ἀλλήλοις,

235 2379 262 2441 5)
281 2380 337 2429 i.·e.
356 2377 480 2427 universos
498 2378 637 2427 nominatim
650 2376 681 2426 ud
695 2393 754 2426 cou-
840 2377 1031 2440 ottones,
1067 2375 1106 2439 qui
1139 2391 1242 2440 corporo
1275 2387 1356 2427 nostra

184 2462 281 2511 gressus
314 2461 398 2495 sacros
434 2459 549 2493 convoco.
585 2446 633 2494 ioo.
680 2445 755 2494 Vertit
788 2446 930 2505 resuscitet,
966 2453 990 2493 et
1020 2444 1087 2493 cuius
1116 2445 1221 2493 membra
1254 2461 1355 2508 corpore

186 2514 309 2565 Greziuni:
328 2514 425 2562 itineres
445 2511 532 2561 ditutti
545 2513 755 2562 nominetemente.
789 2522 871 2562 nostru
891 2520 952 2562 sunt.
989 2511 1037 2560 Cir.
1060 2510 1136 2560 iCor.
1155 2510 1178 2572 6,
1200 2512 1237 2561 li.
1252 2512 1289 2561 15.
1310 2513 1355 2563 ioc.

183 2581 259 2632 Aliter
278 2580 436 2629 Geiiicoioiii:
460 2579 552 2628 ebieme
571 2578 624 2628 tutti
643 2595 656 2628 e
675 2595 754 2640 nome,
790 2581 928 2630 iioisteuius
951 2580 1108 2642 interpretem
1129 2586 1174 2626 vet.
1197 2594 1301 2642 sequeus
1327 2583 1357 2628 od

187 2649 290 2699 absurde
304 2647 435 2696 adnotans:
456 2646 500 2704 Oui
511 2646 533 2695 ie
546 2662 681 2708 regunonze
692 2662 753 2696 sono
789 2650 899 2698 honorem
930 2647 1024 2695 Domini
1055 2647 1150 2704 comis,
1186 2646 1256 2695 sicuti
1290 2647 1358 2696 vertit

218 2715 265 2766 elle
284 2715 327 2762 che
353 2713 487 2763 altrimente
509 2713 529 2761 si
548 2714 636 2762 ‹licono
656 2715 754 2762 sinosri.
789 2713 947 2763 Guiiiccioiii:
977 2728 989 2761 ε
1016 2727 1077 2761 onor
1104 2712 1142 2759 dei
1167 2713 1269 2773 Siguore
1294 2713 1356 2762 delio

203 2780 270 2831 edesi
293 2780 346 2828 sino
371 2780 408 2827 dei
428 2780 506 2842 primo
534 2778 617 2828 secolo
648 2775 710 2827 i‘uso
730 2779 754 2826 di
789 2796 867 2829 cerne.
902 2779 976 2828 Aliter
993 2776 1115 2826 Grozioni:
1149 2778 1179 2825 nd
1206 2793 1267 2827 onor
1293 2781 1356 2828 deile

184 2847 304 2899 obiamere
322 2862 335 2895 α
355 2861 425 2895 nome
448 2846 455 2893 i
476 2845 636 2904 concorrenti‚
653 2859 697 2908 per
713 2859 753 2893 se·
788 2861 859 2895 cerne
888 2846 925 2893 oet
952 2843 1062 2905 Siguore.
1104 2844 1178 2906 Syrus
1209 2859 1305 2908 quoque
1335 2854 1356 2896 et

184 2928 242 2979 pere
261 2913 298 2962 obi
317 2912 465 2971 convenisse,
484 2927 498 2960 o
520 2927 559 2961 no.
787 2913 849 2962 Αιτα.
867 2911 908 2968 είς
919 2907 1003 2977 τιμὴν
1013 2911 1061 2972 τῆς
1073 2907 1177 2976 σαρκὸς
1196 2912 1244 2960 τοῦ
1254 2927 1288 2960 κυ
1307 2914 1357 2962 lon.

235 2979 263 3043 θ)
287 2980 335 3029 cu.
365 2979 488 3037 Neside,
524 2979 710 3040 Kircbengesch.
735 2979 751 3025 Ι.
838 2979 864 3041 5)
882 2978 995 3026 Videatur
1011 2977 1129 3036 Neonder,
1149 2977 1164 3024 1.
1183 2993 1203 3026 c.
1221 2929 1311 3040 pati.
1330 2980 1357 3029 tt.

183 3065 207 3115 p.
225 3048 283 3098 300.
307 3046 335 3095 ii.
837 3045 863 3107 6)
883 3041 1025 3092 etnicos.
1048 3045 1086 3101 10,
1105 3043 1146 3093 31.

237 3114 264 3175 ii
287 3115 332 3163 Aut
355 3112 385 3161 de
413 3111 532 3161 communi
561 3110 752 3160 Christianorum
838 3112 896 3175 Cep.
919 3112 955 3158 vt.
994 3108 1018 3170 l)
1041 3110 1086 3159 ttic
1114 3118 1150 3159 est
1177 3112 1245 3161 iocus
1269 3112 1357 3178 (usqne

183 3182 292 3242 omerio,
319 3187 361 3229 ent
385 3178 415 3228 tie
444 3179 552 3241 ipsorum
584 3178 752 3228 communitate
787 3180 817 3229 nd
835 3175 865 3231 ἐν
883 3179 916 3247 τῇ
936 3171 1089 3228 ἀναστάσει
1113 3173 1193 3245 ὑμῶν
1217 3177 1358 3246 παθηιὴν.

185 3258 257 3314 atque
278 3247 367 3296 unitate
385 3245 574 3307 intelligendum.
787 3264 807 3296 o.
825 3247 870 3308 λ),
889 3261 937 3310 quo
956 3245 1056 3294 maxime
1074 3253 1181 3295 evertere
1206 3249 1283 3296 conati
1302 3258 1357 3298 sunt

235 3314 263 3378 Θ)
281 3313 343 3363 Editi
368 3320 422 3362 onte
440 3313 597 3362 iecobsonum
623 3313 672 3375 τῆς
689 3309 753 3362 ἐπι·
787 3313 883 3378 quidem
908 3312 1056 3373 (Sentetes,
1082 3312 1208 3374 Vedeiius,
1235 3315 1357 3379 Usserius)

184 3383 292 3451 θυμίας
307 3389 368 3429 enci.
383 3380 476 3429 i'ossio.
511 3380 629 3429 brticnins
647 3379 671 3428 in
684 3388 752 3429 utro·
786 3379 1177 3443 huiusEpistoiueenoioritutem.
1214 3382 1355 3439 Quidenim

186 3464 232 3515 qne
251 3449 310 3498 eod.
329 3448 404 3497 deest.
785 3448 907 3513 inquiunt,
932 3447 995 3495 itane
1013 3446 1050 3494 sni
1075 3446 1163 3495 obiitus
1181 3447 1225 3495 [uit
1244 3449 1356 3509 ignotius,

235 3516 293 3579 Cep.
311 3516 337 3564 tt.
374 3515 398 3578 i)
417 3515 469 3564 b'on
488 3529 542 3563 oum
560 3514 656 3564 Heieiio
674 3516 750 3563 motos
786 3523 812 3565 ut
832 3516 950 3572 nesciret,
969 3528 995 3562 se
1014 3512 1043 3561 nd
1062 3513 1209 3576 Episcopum
1227 3513 1355 3564 scribere?

185 3585 305 3635 doctrines
325 3591 346 3632 et
365 3583 487 3642 haereses,
505 3581 548 3631 seii
567 3583 637 3631 buius
661 3584 751 3632 soeculi
787 3584 839 3633 Non
859 3590 941 3631 certes
957 3580 1004 3642 ipsi
1023 3579 1209 3629 videnturobiiti
1222 3597 1355 3645 esseproe·

185 3652 286 3712 artifieio
304 3649 469 3699 intellexerim.
493 3647 615 3698 Grezieni:
636 3649 710 3712 Puppi
730 3650 751 3698 ie
788 3648 922 3698 cedentium
940 3648 1083 3705 uerborum,
1110 3647 1149 3710 qui
1169 3647 1228 3696 boec
1248 3657 1355 3712 carpunt.

183 3718 245 3769 mele
264 3714 495 3777 urti=gi'ingsnui,
514 3716 535 3764 ie
554 3715 668 3767 turberis.
696 3716 753 3765 Goi-
788 3717 866 3780 Supra
894 3714 956 3763 enim
983 3713 1041 3762 dixit
1057 3713 1174 3774 ignatius,
1201 3711 1355 3782 προςλάλει,

186 3784 300 3837 iieeioiii:
321 3783 394 3845 Fuggi
413 3782 444 3844 gii
463 3783 533 3832 astuti
551 3783 643 3832 artifiei.
788 3777 978 3850 παράγγελλε,
1004 3789 1049 3829 etc.
1099 3781 1151 3829 Non
1177 3780 1256 3845 itaque
1282 3783 1354 3844 Poip-

236 3852 263 3916 2)
286 3848 301 3900 ὁ
326 3850 401 3902 ιλίαν
422 3846 461 3917 μὴ
485 3852 568 3900 ποιοῦ
599 3866 619 3899 o.
643 3851 752 3913 interpo-
787 3864 861 3912 corpo
880 3847 976 3905 scribit,
1000 3855 1027 3895 nt
1043 3847 1166 3910 Episcopo
1186 3848 1294 3908 obediat3
1311 3847 1353 3895 sed

186 3921 263 3973 intere
308 3917 400 3975 ossius,
425 3915 571 3976 Coteierius,
590 3917 704 3966 smithius
729 3927 752 3966 et
785 3924 855 3978 rogat
873 3930 942 3972 eum,
962 3921 988 3963 ut
1006 3914 1115 3963 hortetur
1133 3916 1276 3977 Smyrnaeus
1295 3915 1354 3962 boec

184 3986 225 4039 etii
244 3985 318 4037 invito
335 3991 438 4046 utroque
457 3981 530 4041 Coei„
555 3992 599 4033 vet.
621 3984 677 4043 int,
697 3985 749 4048 Syr.
786 3983 872 4032 iecere.
908 3982 1026 4040 Quorsum
1043 3980 1106 4029 enim
1122 3979 1181 4029 eiius
1206 3979 1284 4028 omnio
1302 3981 1355 4035 isto,

183 4063 208 4106 et
223 4055 286 4105 erm.
320 4053 393 4101 Deest
412 4047 451 4118 μὴ
468 4048 539 4098 etiem
551 4050 574 4098 in
590 4050 751 4118 bissiiFOii
787 4065 847 4114 quse
865 4056 1011 4131 soporentur,
1031 4048 1216 4113 συγκοπιᾶτε,
1242 4047 1354 4112 συντρέ·

183 4136 276 4172 reeens.
295 4118 449 4183 prolixiorem
466 4117 639 4167 exhibentibus.
804 4130 863 4173 ετε,
890 4114 1038 4180 αρέσκετε,
1065 4121 1125 4169 ete,
1157 4127 1218 4176 quae
1243 4127 1291 4162 non
1311 4114 1350 4161 uni

234 4187 261 4252 θ)
284 4188 355 4236 Voce.
383 4182 434 4241 τὰς
462 4186 603 4252 συμβίους,
636 4200 696 4249 quae
725 4199 750 4234 er
781 4134 918 4233 iicuntnr?
948 4183 1051 4246 Apparet
1071 4193 1140 4242 ergo,
1160 4194 1213 4228 esse
1233 4180 1353 4229 notionem

183 4253 246 4316 vulg.
259 4262 283 4303 et
294 4255 336 4302 int.
352 4259 397 4301 vet.
407 4252 506 4301 Vossius
517 4251 652 4314 supplendo
663 4261 751 4312 mouet,
785 4265 904 4315 personae
927 4249 1067 4312 Polus-erpi,
1092 4248 1235 4311 Smyrnaeus
1255 4248 1354 4297 horton·

183 4332 270 4383 reepse
288 4319 398 4370 extabant
417 4319 441 4368 in
459 4320 485 4381 L,
503 4327 607 4384 suntque
626 4319 648 4368 in
659 4319 684 4369 C.
703 4318 751 4368 Cir.
786 4318 824 4368 tie.
841 4318 941 4368 λὀιιίαι.
967 4317 1026 4374 Quis
1039 4315 1069 4364 ed
1081 4316 1196 4379 Smyrnae
1208 4315 1354 4379 Episcopum

184 4382 246 4449 spe
263 4387 288 4447 ὁ,
305 4387 347 4435 25.
786 4384 903 4436 destinate
921 4382 1030 4448 Epistola
1043 4397 1083 4432 ·er
1109 4397 1178 4434 more
1203 4382 1301 4449 antiquo
1320 4382 1356 4432 le·

121 4496 337 4610 Α
