2886 4882
92 242 154 303 356
369 237 566 297 mmmm
589 237 616 293 S.
640 236 775 294 IGNATH.
805 235 870 291 λἸΙί.
894 233 935 291 IX.
955 233 985 289 Χ.

92 402 251 479 καθίστησι
278 390 570 554 τήχάσφαλεστύχχίχ,
588 391 678 469 αύτός
713 393 744 456 δὲ
769 389 840 474 παρ’
873 389 944 471 ὅλην
975 385 1064 451 νύκτα
1103 384 1270 464 διασκεψά-

498 505 517 541 a
572 504 587 554 ς

91 504 193 562 μενος,
222 487 286 555 πῶς
315 506 352 544 αν
381 477 471 543 αὐτόν
608 475 766 559 ἀμύναιτο,
787 475 837 538 καῖ
857 477 915 536 τίνι
935 470 1032 557 τρόπῳ
1050 476 1101 550 τῆς
1115 465 1270 550 παρούσης

90 560 267 648 ὑπεξαγάγοι
295 568 383 644 ζωῆς,
457 564 532 644 ρίοις
560 563 632 645 έγνω
663 562 847 644 παραδοῦναι
867 554 971 638 βοράν5
993 556 1041 618 καλ
1072 550 1122 616 ἀπ’
1148 553 1270 616 ἐκείνων

90 647 344 729 διασπαραχθέντα
369 643 420 709 τόν
441 669 524 729 αγιον
544 643 714 709 ἀπολέσθαι.
756 634 850 716 Οὗτος
877 639 931 725 γάρ
951 636 1112 721 βαρύτατος
1132 634 1269 699 θανάτου

89 728 198 814 τρόπος
219 729 381 808 διεσκέφθη
407 735 447 813 τιχῖ
468 731 587 809 βασιλεῖ,
620 727 743 790 Ἕωθεν
763 718 818 789 οὖν
838 726 904 808 περὶ
931 721 1107 786 τούτουκαὶ
1134 727 1171 805 τῇ
1196 740 1267 828 συγ-

89 816 184 901 κλ’τηι
212 812 439 892 κοινωσαμένου“
460 809 513 891 τήν
534 812 597 892 μέν’
617 809 736 894 γνώμην
756 809 806 871 καλ
826 805 910 871 αύτολ
941 804 1083 892 ἐπήνουν·
1114 803 1190 883 πλήν
1211 827 1269 866 ουκ

89 898 122 961 ἐν
143 899 297 981 Αντιοχείμ
318 890 529 975 συνεβούλευον
550 897 612 957 δεῖν
630 895 767 977 γενέσθαι
782 890 836 973 τήν
850 893 975 966 ἔκδοσιν,
996 890 1045 952 ῖνα
1061 887 1100 968 μή
1114 885 1267 963 ποθεινόν,

91 983 206 1062 φιχσῖν,“
235 978 312 1043 ούτω
339 979 389 1041 καῖ
415 984 524 1058 μᾶλλον
554 979 690 1053 ἐπίδοξον
716 974 795 1056 παρά
824 983 884 1050 τοῖς
910 976 1028 1046 οίκείοις
1054 973 1186 1044 πολίταις
1215 969 1269 1033 τὸν

87 1061 115 1126 Ἰ
148 1062 228 1126 άτιον
257 1059 446 1145 ἐργασαίμεθα
473 1067 640 1146 μαρτυρικςῖ
669 1063 765 1142 δῆθεν
793 1059 864 1122 τέλει
883 1056 937 1139 τήν
965 1053 1040 1137 ζωήν
1071 1051 1266 1118 καταλύοντα·

91 1167 163 1210 ωστε
183 1145 356 1227 προσήκειν,
379 1145 521 1222 ἔφασκον,
543 1147 584 1218 εἰς
600 1141 712 1248 Ῥώμην
732 1139 823 1206 αὐτὸν
848 1139 1016 1222 ἀπαχθέντα
1039 1136 1188 1219 δεσμώτην
1209 1137 1278 1200 ἐκεί

89 1237 151 1303 τοῖς
171 1230 281 1308 θηρσὶν
310 1229 480 1309 ἐκδοθῆναι.
527 1226 612 1290 Ούτω
632 1253 687 1312 γαρ
713 1233 755 1310 τῷ
777 1224 861 1307 μήκει
881 1249 910 1288 τε
931 1232 983 1306 τῆς
1003 1226 1122 1303 πορείας
1142 1229 1270 1301 χαλεπω-

90 1313 175 1394 τέραν
202 1308 314 1390 ύφέξεβ
342 1307 395 1392 τήν
422 1307 543 1374 κόλασιν
571 1312 621 1374 καλ
648 1308 707 1390 ἅμα
734 1311 886 1389 Ῥωμαίοις
907 1304 1102 1392 ἀγνοούμενος
1122 1303 1202 1378 ὅστις
1224 1307 1269 1385 εἴη

89 1392 226 1476 καθάπερ
252 1390 293 1468 είς
319 1400 377 1458 τῶν
415 1391 586 1479 κακούργων
612 1392 806 1476 ἀναιρεθῆναι
836 1390 941 1470 δόξειε,
961 1392 1011 1454 καλ
1041 1386 1110 1452 ούδέ
1132 1390 1269 1470 βραχείας

90 1475 124 1541 τό
145 1475 214 1558 μετὰ
234 1485 324 1541 ταῦτα
344 1475 461 1560 μνήμης
480 1475 550 1560 παρ’
577 1479 697 1552 ἐκείνοις
720 1473 923 1556 ἀξιωθήσεται.

177 1603 219 1658 lx.
266 1593 379 1657 Τούτου
407 1602 562 1680 τοιγαροῦν
596 1592 752 1677 ἀρέσαντος
780 1593 829 1657 καλ
857 1598 909 1673 τῆς
943 1586 1004 1654 κατ’
1036 1585 1128 1652 αὐτοῦ
1159 1583 1269 1667 ψήφου

93 1680 258 1757 παραυτίκα
281 1679 478 1760 ἐξενεχθείσης
498 1680 670 1760 παρίστησιν
692 1675 750 1742 ἀπὸ
771 1684 823 1758 τῆς
846 1677 980 1756 φυλακῆς
1000 1669 1097 1747 αὐτόν,
1120 1670 1167 1732 καί
1180 1667 1269 1732 πάλιν

94 1757 112 1824 ό
138 1757 274 1842 βασιλεὺς
302 1764 468 1824 τελευταίαν
495 1761 574 1846 αύτῷ
602 1759 710 1840 ταύτην
737 1758 790 1840 τήν
818 1767 921 1841 πεῖραν
948 1751 1158 1840 προσαγαγών.1
1208 1754 1268 1815 Καί

91 1849 192 1923 πρῶτα
212 1841 264 1921 μέν
279 1840 371 1917 πολύς
391 1835 431 1923 ήν
451 1853 514 1918 ταῖς
534 1851 592 1907 τῶν
613 1841 737 1927 ἀγαθῶν
757 1841 942 1958 ἀπαγγελίαις
962 1838 1014 1904 τόν
1043 1835 1175 1918 Αθλητήν
1196 1833 1269 1900 ύπο-

92 1926 202 1988 σαίνων
223 1926 272 1986 καλ
293 1933 450 2002 καταψῶν·
473 1928 570 1990 ἔπειτα
592 1927 624 1988 δὲ
645 1927 695 1990 καλ
715 1933 815 1989 πλεῖον
849 1922 937 1988 πάλιν
956 1932 1021 1997 ταῖς
1034 1920 1165 1994 ἀπειλαῖς
1181 1921 1269 1983 δεδιτ-

90 2004 231 2088 τόμενοςέ
251 2004 303 2082 Ὡς
323 2008 353 2070 δὲ
375 2007 458 2089 μήτε*
478 2007 553 2091 πρὸς
573 2007 625 2083 τὰς
645 2006 813 2089 ύποσχέσεις
833 2008 984 2071 ἐνδιδόντα
1005 2003 1077 2087 είδε,
1099 2002 1169 2085 μήτε
1195 2001 1270 2087 πρός

91 2088 143 2164 τάς
172 2087 291 2165 ἀπειλάς
318 2087 541 2172 ὑποπτήσσοντα
569 2090 746 2156 παντάπασιὸ
772 2089 826 2174 τήν
854 2088 1014 2173 μεταβολήν
1041 2085 1205 2196 ἀπογνούς,
1228 2089 1270 2161 είς

92 2174 177 2257 ἔργον
198 2171 232 2234 τὰ
250 2174 457 2258 ἐπηγγελμένα“
479 2176 576 2258 ἐξῆγε·
597 2177 647 2238 καλ
667 2172 811 2260 βαρύτερα
832 2182 890 2239 τῶν
910 2176 1057 2259 προτέρων
1078 2179 1157 2258 αυτῷ
1179 2167 1269 2250 δεσμά

91 2264 255 2338 περιθεῖναι
276 2255 413 2333 κελεύσας
432 2255 553 2343 τάγματι
580 2266 773 2344 στρατιωτικῷ
793 2262 989 2342 παραδίδωσι,
1012 2257 1124 2329 καλεῖς
1158 2250 1269 2335 Ῥώμην

92 2339 230 2418 ἐκπέμπει
251 2339 459 2423 ἐντειλάμενος,
489 2341 577 2422 ήνίκα
597 2351 659 2418 τοῖς
679 2346 810 2419 πολίταις
832 2341 926 2425 ήμέρα
948 2337 1136 2425 πανηγύρεως
1156 2337 1267 2422 ἐπιστῇ,

93 2425 212 2504 θηρίοις
233 2421 322 2486 αὐτὸν
343 2426 385 2500 είς
405 2426 509 2507 τέρψιν
529 2434 581 2490 τοῦ
601 2424 730 2508 θεάτρου
751 2424 853 2509 κοινήν
880 2427 1042 2506 ἐκδοθῆναι
1052 2426 1071 2459 ‘¹
1104 2421 1175 2486 ὥστε
1196 2418 1268 2482 κατά

90 2502 143 2568 τόν
163 2513 248 2569 θεῖον
269 2512 391 2572 Παῦλον
413 2511 461 2574 καί
483 2507 576 2574 αὐτόν
592 2510 730 2595 θέατρυνέ
746 2512 883 2595 γενέσθαι
906 2516 945 2573 ταῖ
959 2506 1057 2589 κόσμοι
1078 2508 1126 2569 καλ
1139 2504 1268 2588 ἀγγέλοις

91 2589 142 2652 καλ
163 2585 344 2672 ἀνθρώποις.
925 2575 932 2596 Ι
1037 2576 1044 2594 ’

176 2704 205 2758 Χ.
248 2694 282 2758 ‘0
302 2694 411 2779 μάρτυς
431 2700 531 2760 τοίνυν
547 2695 601 2777 τήν
621 2699 784 2761 τελευταίαν
798 2694 947 2775 ἀπόφασιν
960 2695 1083 2772 ἐκείνηνι
1104 2689 1201 2794 λαβών
1219 2692 1270 2753 καλ

90 2782 132 2862 τῷ
151 2783 214 2859 θεῷ
244 2779 352 2863 μεγάλη
381 2781 438 2862 βοή
464 2777 501 2840 τά
530 2780 627 2842 είκύτα
658 2777 864 2861 εὐχαριστήσας
888 2773 956 2857 μεθ’
987 2772 1098 2855 ἡδονῆς
1126 2791 1197 2851 0οης
1219 2775 1268 2834 καί

92 2859 287 2938 φαιδρότητος
313 2886 348 2923 τα
370 2856 461 2938 δεσμά
490 2863 677 2942 περιτίθεται.
727 2856 824 2924 Καλό
850 2857 902 2939 μέν
928 2853 1063 2938 βασιλεὺς
1090 2852 1165 2940 ἐξῄει
1194 2853 1269 2917 κατὰ

94 2944 218 3021 Περσῶν
238 2938 307 3021 μετά
328 2947 381 3022 τῆς
400 2937 452 3004 ἀπ’
477 2940 569 3005 αὐτὸν
591 2948 732 3025 στρατιᾶς.
774 2940 808 3005 Ὁ
829 2939 977 3022 θεοφόρος
1005 2939 1036 3002 δέ
1067 2945 1102 3024 τῇ
1131 2939 1269 3024 ἐκκλησίᾳ

91 3020 232 3106 πρότερον
259 3024 449 3104 ἐπευξάμενος
479 3026 528 3086 καὶ
549 3023 603 3105 τήν
623 3027 750 3104 ποίμνην
771 3023 824 3087 σὺν
845 3022 981 3104 δάκρυσι’
1002 3022 1206 3103 παραθέμενος
1227 3029 1266 3084 τῶ

91 3108 167 3212 θἐηῖ8
187 3108 302 3188 δέσμιος
321 3105 482 3189 ἠκολούθει
502 3116 563 3181 τοῖς
583 3105 776 3191 στρατιώταις.
823 3103 897 3171 Εἶθ’
922 3105 1014 3181 οὕτως
1028 3106 1082 3184 τήν
1095 3088 1267 3168 Σελεύκειάν

92 3213 129 3251 ον
151 3191 317 3269 διαμέλλων,
341 3188 395 3252 οάκ
416 3188 550 3269 ἀθυμῶν,
573 3188 609 3252 ού
636 3188 756 3271 πάσχειν
786 3216 813 3253 τι
835 3188 1026 3272 σκυθρωπὸν4
1046 3189 1120 3262 ὅλως
1140 3185 1266 3267 ύποφαι-

90 3266 219 3350 νόμενος,
241 3270 313 3334 ἀλλά
335 3273 422 3335 ποσὶν
449 3269 648 3354 εύπροθύμοις
677 3273 847 3354 καταλαβών
876 3276 916 3350 είς
941 3271 1044 3337 πλοῖόν
1075 3298 1104 3336 τε
1130 3268 1187 3334 ύπά
1209 3279 1267 3333 τῶν

91 3361 271 3435 στρατιωτῶν
293 3352 458 3435 ἐμβάλλεται
476 3357 524 3418 καλ
546 3353 601 3420 σὺν
616 3354 715 3431 αὐτοῖς
732 3360 773 3433 είς
788 3355 927 3439 Σμύρναν
941 3361 1076 3438 καταίρει.
1114 3353 1266 3417 Ἐνταῦθα

92 3433 290 3519 Πολύκαρπον
312 3434 467 3515 ἀσπάζεται
488 3436 539 3502 τόν
569 3448 654 3504 θεῖον
678 3438 850 3517 ἀπόστολον,
872 3439 907 3504 ὃν
928 3436 1101 3525 προεστάναι
1121 3444 1173 3518 τῆς
1193 3435 1266 3500 κατά

91 3514 232 3622 ζμύρνω
253 3521 404 3603 ἐκκλησίας
424 3520 624 3630 συμφοιτητήν
642 3522 771 3610 Ἰγνατίηι
792 3522 947 3608 γενόμενον
977 3522 1123 3604 ἀνωτέρωὸ
1144 3518 1266 3600 φθάσας

90 3623 107 3663 ο
129 3607 213 3684 λόγος
232 3600 395 3684 ἐδήλωσενέ
440 3612 551 3670 Τοῦτον
572 3631 627 3670 ουν
648 3605 801 3684 ἀσπάζεται
822 3604 1032 3686 σεμνυνόμενος
1053 3605 1111 3667 ἐπὶἵ
1139 3611 1199 3679 τοῖς
1221 3605 1265 3665 δε-

89 3691 174 3787 σμοῖς
194 3685 243 3789 καὶ
263 3690 379 3789 χαήρων.
425 3693 461 3752 Τί
488 3686 543 3773 γάρ
564 3691 614 3753 καῖ
635 3686 707 3771 είχεν
721 3688 810 3753 αὐτόν
831 3689 919 3754 πλέον
939 3695 1078 3770 σεμνῦναι
1098 3684 1118 3768 ἢ
1138 3684 1170 3749 τό
1191 3681 1264 3766 ύπέρ

90 3789 183 3841 ουτως
211 3790 413 3851 αγαπησαντος
442 3771 584 3836 δεσπότου
613 3771 758 3854 πάσχοντα
787 3780 994 3853 καθορᾶσθαις
1024 3767 1099 3833 Είτα
1125 3771 1176 3832 καλ
1205 3777 1265 3843 τοῖς

89 3855 202 3923 λοιποῖς
229 3851 398 3926 ἐπισκόποις
424 3857 628 3935 πρεσβυτέροις
655 3880 684 3919 τε
712 3857 761 3919 καλ
790 3853 940 3929 διακόνοις
968 3853 1037 3929 τοὺς
1063 3849 1264 3934 προσήκοντας

90 3929 260 4012 ἀσπασμοός
279 3931 424 4009 ἀποδούς·
447 3939 509 4000 ἐπεὶ
529 3940 644 4003 πολλοῖ*
666 3939 808 4002 συνέθεον
829 3935 887 4001 ἀπὸ
902 3945 960 4002 τοῖν
977 3944 1029 4018 τῆς
1046 3935 1146 4009 Ἀσίας
1165 3935 1264 4014 ἐκκλη-

142 4100 170 4230 5γ
187 4098 290 4171 βορρἀν
307 4103 334 4151 N.
744 4104 771 4166 9)
785 4099 876 4170 ἐφέξει
895 4112 946 4154 erat
963 4104 986 4152 in
1005 4106 1029 4152 Α.

139 4168 155 4217 6
184 4169 220 4217 ΑΙ.
248 4168 515 4237 κοινολογησαμένου
539 4184 577 4233 ομ.
596 4171 655 4231 (ἰοί,
749 4170 806 4233 Cap.
825 4171 861 4220 ΙΧ.
898 4172 922 4234 1)
942 4164 1094 4237 προσάγων
1112 4166 1263 4232 (sicum.

91 4244 213 4284 κοινωσα
238 4236 291 4288 ἐνω
308 4236 336 4285 N.
745 4237 772 4299 2)
791 4235 896 4289 πλείων
912 4237 937 4287 Α.
956 4237 1102 4296 λῖκνετεντ,
1121 4235 1225 4288 πλεῖων
1234 4235 1262 4285 Ν.

139 4298 166 4427 ’λχ
182 4316 206 4366 μ
221 4316 237 4351 ν
254 4303 356 4352 accessit
367 4317 394 4352 ex
406 4303 474 4353 λΕΝ
487 4310 593 4364 ιῑωιιτς.
603 4302 656 4354 Cot.
743 4303 770 4367 3)
788 4299 1003 4372 δεδειττόμενος
1019 4304 1048 4354 N.

138 4361 154 4412 8
182 4366 217 4416 λλ.
236 4372 326 4433 φασίν
343 4384 382 4434 ορ.
402 4368 455 4420 Col.
743 4371 771 4434 4)
788 4366 827 4438 μή
848 4367 879 4422 δέ
896 4371 922 4422 F.

31 4474 199 4602 A
