2886 4882
272 224 405 287 mill
424 225 593 288 stretona
616 228 659 286 tn
682 226 1019 288 eruntnntrtttuhstts.
1043 226 1086 287 m.
1106 226 1162 286 vlt.
1244 221 1304 288 28⁵

131 395 302 472 prudicans
323 396 357 454 ad
378 397 561 472 perditionem
584 397 737 468 hominnm3
758 397 914 455 huiusmodi
937 413 1042 471 pauper
1054 405 1097 454 est
1113 414 1204 466 sensu,
1228 398 1307 454 sicuti

130 488 244 539 «aestus
265 489 295 537 et
314 480 475 538 adinventor
496 483 583 557 ipsius
604 483 708 539 erroris
731 475 840 539 libion'
882 480 911 536 Si
933 481 994 554 quis
1016 481 1088 537 enim
1110 481 1178 538 haec
1197 480 1308 538 conlite-

129 572 181 633 tur,
202 564 415 639 corruptionem
436 581 501 622 vero
523 574 551 622 et
573 565 822 640 coinquinationem
843 573 920 620 vocat
936 562 1083 636 legitimam
1104 565 1261 621 mixtionem
1282 573 1309 620 et

127 646 253 704 filiorum
274 649 502 721 procreationem,
525 649 706 722 autaliquem
728 666 820 706 escam
841 645 1019 704 execrabilem
1039 654 1128 720 putat,
1152 646 1308 703 huiusmodi

127 729 350 789 cohabitatorem
371 730 454 789 habet
475 731 625 789 Draconem
648 739 805 805 apostatam.
848 731 876 786 Si
901 731 962 804 quis
986 731 1058 786 enim
1072 722 1193 786 Patrcm⁹
1215 738 1242 784 et
1267 729 1307 784 Fi·

127 814 194 871 lium
218 820 248 872 et
271 811 402 888 Spiritum
424 814 552 873 Sanctum
576 814 737 883 confitetur,
759 823 786 871 et
808 823 960 871 creaturam
981 813 1085 881 laudat,
1108 812 1307 868 simulationem

126 913 194 953 sero
216 897 286 954 dicit
316 898 545 968 incarnationem,
576 908 604 956 et
632 899 787 973 passionem
814 896 953 954 erubescit
981 895 1122 963 confiteri,
1152 893 1307 952 huiusmodi

128 979 213 1037 tidem
239 979 370 1054 abnegat,
401 981 502 1040 nichilo
533 983 622 1039 minus
655 973 758 1055 (μιειιιιιο
786 980 978 1037 interlectores
1007 978 1108 1036 Christi
1137 977 1237 1035 ludaei.
1280 976 1307 1032 Si

128 1063 193 1137 quis
213 1070 306 1120 autem
325 1064 394 1121 baec
415 1064 559 1123 confessus
582 1066 671 1131 luerit,
695 1071 722 1121 et
744 1065 806 1137 qnia
828 1064 899 1121 heus
924 1063 1042 1121 Verbum
1064 1064 1090 1120 iu
1107 1063 1224 1119 liumauo
1248 1077 1306 1116 cor·

128 1163 201 1220 pore
222 1145 361 1216 babitavit,
383 1149 456 1204 sicut
477 1158 505 1205 et
525 1151 613 1206 anima
635 1148 661 1204 in
685 1165 817 1221 corpore:
839 1157 953 1222 propter
975 1147 1049 1220 quod
1071 1145 1220 1202 inhabitare
1243 1144 1307 1200 diei·

129 1246 196 1287 arus
216 1228 304 1286 lleum
324 1232 359 1303 iu,
380 1225 534 1304 corpore,¹¹
556 1233 606 1289 sed
628 1249 681 1287 non
705 1233 730 1286 in
752 1231 868 1287 humana
890 1232 994 1296 anima,
1024 1230 1091 1286 dicit
1119 1238 1207 1286 autern
1228 1243 1307 1301 quas·

130 1302 219 1371 dam¹'
251 1312 358 1387 iniquas
386 1315 530 1372 mixtiones
552 1314 655 1388 aliquid
678 1313 742 1369 honi
765 1331 842 1381 esse,
872 1323 900 1370 et
923 1313 1003 1369 linens
1032 1312 1206 1369 beatitudinis
1234 1310 1307 1367 volu·

129 1403 237 1472 ptatern
258 1397 343 1471 ponit,
366 1397 454 1471 qualis
476 1398 521 1455 ille
543 1397 611 1455 ialso
634 1397 743 1453 nomine
760 1388 923 1465 Nicolaita,¹³
946 1388 1013 1452 hic¹⁴
1028 1413 1117 1469 neque
1131 1395 1180 1451 liei
1197 1394 1307 1460 amicus,

132 1496 228 1554 neque
257 1479 358 1537 Christi
386 1488 490 1537 amator
517 1499 579 1539 esse
601 1489 708 1555 potest,
738 1481 787 1536 scd
816 1488 961 1553 corruptor
991 1480 1119 1553 propriae
1151 1478 1256 1546 carnis,
1282 1485 1308 1532 et

131 1570 281 1638 propterea
301 1555 340 1619 a¹⁵
361 1563 464 1639 Spiritu
485 1564 585 1622 Sancto
608 1555 758 1622 desertus¹⁶
781 1571 832 1630 est,
853 1570 881 1619 et
901 1562 1038 1618 aChristo
1052 1561 1167 1618 alienus.
1211 1558 1307 1616 lluius·

131 1645 208 1703 modi
235 1664 331 1704 omnes
362 1656 465 1704 statuae
495 1657 559 1705 suut
586 1649 722 1704 exanimes
752 1655 778 1702 et
809 1645 934 1720 sepulcra
960 1651 1139 1713 mortuorum,
1159 1645 1184 1700 in
1207 1641 1307 1716 quihus

135 1730 244 1806 scripta
262 1740 327 1787 snut
356 1732 542 1789 tantummodo
572 1732 681 1788 nomina
711 1729 849 1786 hominum
879 1730 1079 1786 defunctorum.
1121 1727 1218 1802 Fugite
1240 1743 1307 1800 ergo

132 1812 221 1871 malas
241 1821 315 1870 artes
337 1822 365 1871 et
387 1815 498 1874 insidias
522 1814 649 1890 Spiritus,
672 1815 718 1886 qui
741 1822 871 1889 operatur
896 1814 921 1869 in
945 1811 1009 1868 liliis
1032 1811 1116 1869 seculi
1139 1802 1250 1878 huius,¹'
1273 1826 1308 1866 ne

134 1896 245 1970 qnando
267 1896 388 1954 tribulati
412 1896 585 1955 infirmemini
609 1900 634 1954 in
650 1897 811 1954 dilectione:
832 1897 880 1953 secl
900 1914 994 1953 omnes
1015 1896 1042 1952 in
1055 1887 1197 1969 idipsum¹⁸
1219 1901 1307 1951 estote

134 1979 334 2054 inseparabiles
355 1981 454 2051 corde,
477 1990 504 2038 et
526 1974 577 2038 in¹⁹
598 1982 773 2038 unanimitate
794 1998 877 2037 unum
900 1996 1010 2053 semper
1032 1978 1180 2036 sentientes
1202 1978 1230 2034 in
1260 1976 1308 2032 idi·

134 2077 225 2136 psum
239 2064 274 2120 de
288 2064 341 2120 hoc
360 2065 420 2138 ipso
443 2064 638 2139 glorificantes,
662 2064 688 2119 in
711 2065 815 2138 requie,
830 2072 857 2120 et
879 2065 905 2120 in
928 2062 1068 2139 periculis,
1091 2069 1119 2118 et
1140 2061 1308 2126 iniustitiis,

136 2154 166 2201 et
184 2147 213 2203 in
234 2147 348 2221 gaudiis.
394 2149 498 2205 Gratias
520 2166 570 2222 ago
593 2149 648 2205 ileo
671 2165 721 2222 per
741 2139 858 2203 lesum¹⁰
877 2145 1024 2215 Christum,
1048 2145 1111 2218 qnia
1133 2145 1203 2201 bene
1218 2132 1306 2199 mihi'¹

136 2231 267 2286 conscius
287 2247 348 2287 snm
370 2231 397 2287 in
418 2230 505 2299 vobis,
528 2241 556 2288 et
571 2248 626 2287 non
644 2229 725 2286 hahet
738 2232 808 2304 quis,
831 2231 903 2286 uude
926 2228 1046 2304 gloriari,
1059 2244 1149 2301 neque
1164 2227 1309 2295 absconse,

139 2327 227 2385 neque
248 2311 369 2387 publice,
391 2315 465 2387 quod
488 2305 680 2389 manaverim¹²
702 2314 816 2387 aliquem
840 2313 933 2369 autin
955 2312 1063 2368 modico
1085 2319 1132 2367 aut
1152 2313 1179 2368 in
1203 2326 1309 2383 magno.

138 2393 170 2450 lit
190 2412 284 2453 omnes
305 2397 405 2472 quibus
429 2398 537 2456 locutus
566 2414 627 2455 sum
655 2398 805 2471 deprecor,
836 2403 865 2452 ut
891 2412 945 2451 non
973 2395 1000 2450 in
1029 2394 1213 2452 testimonium
1244 2391 1308 2449 illud

136 2478 305 2553 possideant.

219 2619 275 2677 llll.
318 2620 346 2678 Si
370 2624 441 2679 euim
472 2625 623 2681 secundum
653 2637 761 2679 earnem
789 2636 833 2676 me
861 2619 1006 2676 voluerunt
1033 2617 1143 2691 quidam
1169 2616 1309 2686 oberrare,

138 2705 187 2762 sed
208 2705 321 2780 spiritns
342 2722 419 2763 meus
442 2725 495 2764 nou
520 2708 645 2775 oberrat3
673 2704 765 2762 alleo
787 2703 886 2762 etenim
909 2720 970 2760 eum
994 2702 1103 2774 accepi:
1128 2693 1213 2757 novit¹
1235 2702 1306 2757 enim

137 2787 210 2846 unde
232 2789 336 2846 venerit
357 2797 385 2845 et
406 2806 460 2861 qno
483 2799 535 2859 eat,
556 2800 583 2848 et
606 2789 712 2848 occulto
734 2780 852 2862 angeret*
896 2786 1012 2843 Clamavi
1035 2786 1105 2841 enim
1127 2801 1193 2840 voce
1213 2800 1307 2859 magna

137 2872 208 2930 inter
229 2888 291 2938 eos,
323 2871 422 2945 quibus
444 2872 592 2947 loquebar,
622 2890 676 2930 non
699 2888 788 2927 meum
810 2887 977 2937 sermonem,
1008 2869 1057 2925 sed
1080 2869 1126 2924 nei
1149 2867 1310 2942 prolerens:

137 2946 287 3030 llpiscopo³
309 2954 456 3022 intendite,
488 2965 514 3013 et
537 2946 724 3031 l‘reshpterio⁴
747 2963 775 3011 et
799 2953 935 3010 lliaconis.
976 2944 1022 3008 111ὅ
1044 2967 1108 3008 vero
1129 2950 1309 3024 despexerunt

138 3054 190 3105 me,
212 3045 339 3111 tanquam
361 3038 552 3111 prohibentem
575 3040 735 3096 divisionem
757 3038 929 3111 quorundam
957 3035 1024 3093 lieri.
1066 3033 1139 3091 llaec
1161 3041 1248 3088 autem
1271 3032 1309 3086 sli-

139 3120 210 3177 centi
233 3121 310 3177 testis
332 3129 375 3177 est
397 3121 462 3177 mihi
488 3130 602 3197 propter
628 3138 708 3196 quem
731 3121 837 3178 vinetus
856 3136 931 3187 sum,
961 3120 1024 3192 quia
1053 3117 1086 3173 ds
1113 3131 1162 3172 ore
1190 3115 1308 3171 humano

135 3203 189 3259 hoc
211 3220 265 3259 non
288 3205 418 3277 cognovi3
440 3206 489 3262 sed
504 3206 620 3281 Spiritus
634 3205 699 3262 mihi
719 3193 939 3278 praeconisavit,⁶
962 3202 1057 3258 dicens
1079 3189 1174 3256 haec?
1196 3197 1309 3254 Praeter

135 3284 300 3360 Episcopum
329 3303 363 3343 ne
397 3285 528 3344 feceritis.
571 3289 684 3345 Carnem
713 3295 830 3344 vestram
859 3287 931 3343 sicut
958 3282 1088 3357 templum
1117 3281 1162 3336 llei
1192 3289 1309 3338 servate.

136 3367 268 3426 linitatem
291 3369 403 3442 diligite,
426 3371 586 3429 divisionem
609 3371 701 3446 sugite.
745 3362 908 3428 imitatores⁸
930 3375 1017 3426 estote
1039 3363 1114 3422 Pauli
1136 3371 1164 3420 et
1185 3370 1307 3420 caetero·

135 3468 195 3508 rum
216 3452 415 3527 Apostolorum,
440 3456 576 3528 iltionnodo
600 3463 627 3512 et
649 3455 699 3528 ipsi
721 3453 829 3512 Christi.

192 3614 233 3678 12)
251 3615 448 3680 querelaverint,
467 3618 560 3681 «patalam
583 3616 637 3677 lieg.
790 3614 834 3677 22)
852 3613 1000 3677 paenituerint
1016 3611 1072 3672 lleg.

192 3682 233 3747 13)
249 3685 377 3733 aicholisiln
396 3684 445 3733 Pal.
463 3685 518 3745 lleg.

189 3750 230 3813 ld)
246 3752 284 3801 his
304 3756 380 3799 uatem
402 3751 452 3801 Pal.
471 3752 528 3814 lleg.
793 3750 850 3811 Cap.
869 3746 914 3795 vlt.
953 3743 977 3808 1)
997 3747 1049 3794 trusi
1067 3744 1123 3808 lieg.

191 3817 232 3881 15)
250 3818 279 3867 ab
298 3817 347 3867 Pal.
792 3816 819 3877 2)
837 3819 941 3876 arpaast
959 3814 1015 3876 lleq.

124 3929 129 3939 ,
190 3883 231 3947 16)
249 3887 354 3934 desertor
373 3887 429 3948 ling.
791 3881 818 3946 ³)
837 3883 962 3945 episcopas
976 3882 1040 3945 hep,
1058 3884 1168 3947 episeopo
1182 3880 1213 3928 ad
1233 3893 1308 3929 oram.

189 3951 230 4014 11)
251 3952 310 4016 Eph.
330 3955 353 4011 ²,
372 3953 394 4003 2.
790 3950 817 4013 4)
834 3948 977 4012 Presbyterio
997 3966 1017 4000 c.
1030 3949 1080 3999 rat.
1093 3949 1148 4011 lleq.
1168 3946 1206 3998 ed.
1220 3946 1307 3997 Veneta

189 4018 231 4080 18)
246 4020 360 4083 insipiam
373 4036 396 4083 p.
410 4036 489 4070 oannes
504 4023 526 4069 ia
538 4021 641 4084 idipsam
648 4019 705 4082 lleg.
740 4015 814 4078 1546,
832 4016 975 4079 l‘resbpteris
995 4017 1056 4080 iulg.

186 4085 228 4149 19)
245 4089 269 4135 in
296 4102 342 4135 om.
369 4088 425 4150 hep.
462 4089 548 4138 Totum
571 4087 704 4137 membrum
792 4087 818 4149 li)
835 4085 870 4134 hii
888 4085 944 4148 lleg.

134 4160 208 4202 estote
228 4156 400 4217 inseparabiles
419 4158 501 4219 sorde;
523 4162 543 4203 et
568 4158 593 4203 iss
616 4157 704 4204 anaai-
789 4155 805 4204 6
832 4156 986 4216 praeconavit
1006 4151 1056 4202 Pal.
1073 4150 1130 4211 lieg.

132 4223 213 4269 ssiteta
230 4236 301 4270 anam
319 4238 410 4286 semper
428 4228 553 4275 sciscientes
568 4223 705 4285 inidipsum
789 4221 803 4269 1
837 4221 893 4269 huss
911 4219 1029 4283 adscripsi
1047 4232 1074 4266 ex
1085 4216 1135 4265 Pal.
1146 4212 1251 4278 (dicrum
1268 4212 1309 4263 hec

134 4288 184 4337 des.
202 4287 226 4336 ln
245 4288 294 4337 Pal.
736 4287 839 4352 praeter)
858 4288 914 4349 lleg.
931 4287 1030 4351 (disens.
1051 4285 1092 4333 hec
1107 4279 1212 4347 praeter)
1230 4286 1254 4328 et
1272 4279 1311 4329 ed.

184 4355 229 4420 20)
248 4357 317 4405 mam
335 4357 384 4408 Pal.
738 4354 826 4405 Veneta
846 4356 918 4405 1516.

183 4422 229 4489 21)
247 4425 304 4489 quia
322 4425 378 4476 milti
395 4427 451 4476 mae
468 4425 524 4488 lleq.
790 4422 817 4486 8)
834 4419 912 4471 lCor.
933 4419 974 4482 ll,
996 4420 1017 4470 1.
