2886 4882
396 108 520 167 lCllATll
542 109 704 171 semrom
721 113 767 172 tu
788 114 954 179 nomos.
979 120 1001 183 l.
1023 122 1054 180 11.
1248 123 1307 188 341

308 371 346 419 tu
364 369 516 423 ROMANOS.
552 375 591 424 DE
610 373 728 424 sutura
745 374 803 425 esu
820 375 970 427 ernestus
989 377 1135 432 8011111111.ί

218 496 354 571 lgnatins‚
378 498 423 568 qni
447 504 474 552 et
496 498 691 571 Theophoms,
722 500 936 556 misericordiam
959 497 1137 563 consecutae²
1159 509 1185 563 in
1208 515 1309 586 magni·

260 579 353 634 tudine
375 578 421 655 Ilei
444 580 583 648 altissimi,
613 579 701 636 Patris
723 581 784 638 lesu
805 583 904 639 Christi
927 585 1058 659 unigeniti
1080 589 1138 646 eius
1161 585 1236 657 filii,³
1258 596 1308 651 Ee·

261 662 360 717 elesiae
390 663 572 718 sanctificatae
600 672 627 718 et
655 658 829 720 illuminatae*
855 667 882 722 in
910 667 1045 725 voluntate
1073 672 1135 741 lloi,
1166 676 1210 745 qni
1243 676 1307 733 lecit

260 743 350 800 omnia
384 761 453 816 quae
488 752 564 812 sunt,
593 747 742 802 secundum
766 746 847 805 fidem
868 757 895 805 et
924 749 1094 809 dilectionem
1116 753 1176 810 lesu
1199 757 1306 826 Christi,

258 827 306 883 bet
329 838 355 883 et
377 827 521 884 Salvatoris
544 830 642 884 nostri:
672 846 740 902 quae
769 839 797 885 et
816 832 954 905 praesidet
983 833 1010 889 in
1031 835 1094 893 loeo
1116 838 1236 911 regionis
1256 840 1306 896 lio·

258 925 415 977 manorum3
458 911 512 967 lleo
541 903 666 985 dignae‚⁶
705 913 849 970 eminentia
879 915 990 988 dignae,
1025 917 1169 976 beatudine
1199 922 1303 995 dignae,

259 993 338 1050 lande
361 994 466 1067 dignae,
489 992 543 1050 hdo
567 995 671 1066 dignae.
694 996 814 1052 castitate
836 998 942 1070 dignae,
964 998 1089 1057 fundatae
1112 1003 1137 1057 in
1161 1003 1304 1061 dilectione

258 1083 284 1132 et
305 1069 373 1132 lide⁶
394 1077 508 1144 Christi,
538 1084 681 1151 paternum
704 1095 801 1135 nomen
823 1079 946 1145 habenti,
975 1083 1153 1156 spiritiierae:
1176 1103 1255 1159 quarn
1279 1099 1304 1144 et

257 1159 343 1215 saluto
366 1160 392 1215 iu
415 1162 523 1216 nomine
546 1152 605 1215 llei'
628 1162 819 1234 omnipotentis
842 1171 869 1218 ot
888 1163 949 1219 lesu
971 1163 1070 1221 Christi
1093 1165 1139 1223 lilii
1162 1169 1235 1236 eius,
1258 1171 1304 1245 qui

257 1250 300 1298 est
320 1241 470 1298 secundnm
493 1259 600 1298 caruem
621 1251 648 1297 et
668 1244 807 1317 spiritum:
829 1246 952 1303 adunatis
974 1247 1001 1302 in
1023 1248 1147 1304 mandato
1169 1252 1241 1318 eius,
1263 1269 1305 1310 re·

259 1324 337 1399 pletis
360 1326 444 1396 gratia
468 1325 513 1380 llei
537 1324 758 1399 inseparabiliter
779 1336 806 1382 et
827 1327 928 1384 ablutis
950 1329 984 1384 ab
1007 1332 1079 1386 omni
1101 1332 1189 1389 alieno
1211 1334 1304 1391 colore

257 1416 337 1480 atque
365 1408 556 1474 immaculatis,
590 1408 730 1481 plurimam
760 1410 785 1464 in
809 1409 864 1466 lleo
887 1411 965 1467 Patre
996 1420 1023 1467 et
1051 1413 1164 1471 llomino
1194 1410 1305 1472 nostro⁸

256 1491 317 1548 lesu
339 1491 447 1547 Christo
469 1491 590 1546 salntem.

214 1656 233 1712 l.
276 1656 430 1729 Depreeans
454 1657 535 1714 llenm
566 1659 652 1713 mereti
682 1654 775 1712 videre
799 1655 894 1729 dignos
928 1652 1028 1716 vultns”
1049 1670 1168 1730 vestros,
1201 1656 1303 1719 sieuti¹⁰

129 1741 276 1816 plurimum
297 1738 423 1812 optabam
446 1742 608 1814 promereri.
653 1740 765 1795 Vinctus
787 1740 857 1794 enim
879 1742 906 1796 in
929 1742 1036 1800 Christo
1060 1745 1128 1812 lesu,
1152 1761 1233 1818 spero
1256 1762 1304 1800 vos

129 1824 265 1890 salutare,
287 1821 422 1894 siquidem
444 1823 526 1879 tuerit
546 1823 669 1879 voluntas
693 1822 781 1890 illius,
801 1823 847 1895 qui
870 1824 980 1896 dignum
1002 1843 1045 1882 ure
1066 1827 1255 1900 sociatusque
1278 1829 1304 1882 in

129 1906 212 1963 llnem
232 1905 404 1978 propositum
426 1921 516 1961 meum
539 1897 757 1962 consummare-¹¹
799 1904 845 1960 llln
865 1898 956 1963 vero¹²
977 1909 1110 1982 principia
1132 1908 1220 1965 bonae
1239 1925 1303 1965 eon·

128 1988 291 2045 versationis
313 1995 391 2043 snut:
421 1987 555 2060 siquidem
581 2006 631 2062 per
659 1989 771 2061 gratiam
799 1981 949 2044 mernero¹³
979 1998 1080 2047 sortem
1107 2007 1302 2064 meantesque

129 2072 157 2128 in
180 2070 260 2127 linem
282 2072 342 2126 siue
365 2071 556 2144 impedimento
579 2073 732 2144 percipere.
775 2070 868 2126 Timeo
891 2072 960 2126 euim
983 2072 1156 2128 dilectionem
1177 2081 1302 2141 vestram,

128 2170 164 2210 ne
194 2154 252 2227 ipsa
282 2169 324 2208 me
353 2153 449 2208 laedat.
493 2152 574 2210 Vobis
598 2154 669 2209 euim
691 2151 768 2207 facile
791 2159 848 2219 est,
877 2152 950 2224 quod
979 2154 1074 2220 vultis,
1102 2153 1208 2220 lacere3
1237 2155 1303 2210 mihi

129 2245 220 2294 autem
243 2235 354 2291 difficile
376 2227 440 2291 est¹⁴
462 2236 545 2291 Deum
567 2235 732 2308 promereri:
755 2239 844 2288 umen
866 2241 976 2306 potero,
1011 2235 1033 2289 si
1053 2251 1101 2290 vos
1124 2236 1302 2307 peperceritis

129 2319 196 2375 mihi
218 2318 362 2375 occasione
387 2318 518 2374 amicitiae
541 2316 666 2372 earnalis.

213 2484 244 2540 ll.
285 2483 353 2540 Nolo
376 2485 460 2557 igitur
481 2500 529 2539 vos
553 2482 653 2539 homini
676 2480 801 2553 plaeere,
824 2479 875 2535 sed
896 2479 965 2544 Deo,
988 2479 1067 2535 sicuti
1091 2487 1118 2535 et
1140 2478 1303 2551 complacui·

129 2568 189 2624 stis.
232 2567 287 2623 Nee
309 2568 379 2623 cuim
403 2584 454 2637 ego
477 2565 557 2622 habui
580 2562 724 2636 aliquando
754 2560 806 2618 tale
828 2569 950 2636 tempus,
975 2571 1006 2618 ut
1026 2562 1108 2618 Deum
1136 2561 1302 2635 promeruis-

130 2642 207 2708 sem.¹
249 2649 319 2722 llrgo
340 2658 366 2704 et
388 2640 424 2705 si²
447 2666 496 2705 vos
518 2648 666 2713 tacueritis,
687 2643 794 2701 meliori
817 2637 907 2717 operi⁸
930 2644 1150 2702 conseribemini.
1180 2645 1208 2699 Si
1230 2645 1302 2700 eninr

130 2732 269 2790 ueneritis
304 2732 338 2787 de
359 2749 415 2798 ure,
444 2749 495 2805 ego
517 2731 624 2787 elfieior
646 2728 705 2795 llei3
735 2728 758 2783 si
787 2736 875 2784 antem
899 2727 1045 2785 dilexeritis
1074 2743 1183 2784 carnem
1205 2743 1302 2795 ineam,

130 2816 228 2872 iterum
251 2830 299 2870 ero
322 2829 444 2870 currens.
488 2812 598 2869 llnltum
620 2812 692 2868 enim
714 2810 780 2865 mibi
800 2813 959 2883 praestatis,
982 2813 1070 2868 sime
1093 2809 1215 2867 oderatis
1237 2810 1300 2876 [ten

130 2896 266 2954 numiam
289 2895 373 2953 altare
400 2904 524 2970 paratum
546 2905 602 2953 est:
630 2902 672 2962 nt,
701 2895 728 2950 iu
759 2892 902 2951 dilectione
931 2895 1033 2950 chorus
1054 2893 1160 2956 silenti,
1190 2892 1302 2948 cantetis

186 3125 226 3186 16)
249 3121 279 3174 εὐ
300 3121 345 3188 po
365 3122 393 3169 ad
414 3136 487 3171 orarii.
787 3118 814 3181 2)
832 3127 968 3170 consecutus
987 3118 1037 3167 Pal.

183 3191 223 3250 li)
242 3188 259 3240 ἀ
281 3185 366 3254 exinea
386 3188 405 3237 0
424 3190 449 3245 t,
468 3189 518 3237 illio
540 3187 697 3236 emendatum.
784 3186 810 3250 3)
829 3190 880 3235 eius
897 3189 942 3249 filii
960 3189 999 3235 sni
1019 3185 1070 3235 Pal.
1089 3185 1145 3246 lleg.

182 3258 213 3308 18
244 3252 383 3307 δύσκολόν
398 3253 476 3307 ἔστιν
495 3257 563 3305 θεοῦ
581 3254 638 3304 Oll.
785 3253 811 3316 d)
833 3255 966 3303 illuminato
985 3253 1077 3303 eratin
1097 3251 1146 3300 Pal.

183 3325 213 3375 19
267 3322 442 3388 irsubuctatur
458 3323 481 3370 in
500 3321 527 3371 Ο.
784 3318 811 3383 5)
829 3321 1013 3384 Strhseqnuntnr
1036 3320 1059 3367 in
1083 3319 1139 3379 lieg.
1166 3333 1233 3368 voce.
1258 3320 1302 3379 fide

178 3391 211 3442 20
241 3341 312 3441 loce.
331 3385 474 3458 προφάσει
493 3389 590 3456 φιλίας
603 3388 697 3457 σαρκί·
735 3387 820 3449 dicetne
837 3390 946 3436 restitute
962 3388 1045 3448 digana
1056 3384 1150 3433 lineolis
1166 3386 1302 3434 subnotata.

129 3475 178 3524 νης
201 3460 268 3509 uncis
297 3457 386 3507 criticis
410 3458 433 3505 in
453 3457 472 3504 0
497 3471 509 3503 a
534 3454 634 3517 reliquis
657 3470 696 3503 se·
783 3455 809 3516 6)
826 3455 876 3516 lege
894 3468 917 3515 p.
936 3459 956 3500 et
974 3453 1018 3512 fide
1037 3450 1095 3508 Pal,
1115 3458 1136 3499 et
1158 3453 1207 3515 lege
1222 3452 1278 3513 lieg.

130 3535 235 3589 gregata.
783 3520 810 3581 7)
829 3522 877 3573 den.
896 3533 967 3581 snpra
984 3520 993 3565 i
1012 3517 1062 3565 Pal.

181 3593 238 3657 Cap.
258 3594 286 3643 ll.
323 3591 348 3656 l)
366 3586 402 3654 δὴ
421 3589 504 3639 inserit
522 3603 607 3650 margo
626 3589 653 3638 0.
782 3586 809 3650 8)
826 3593 907 3634 nostro
927 3584 1007 3646 recepi
1026 3598 1052 3631 er
1072 3582 1122 3631 Pal.
1140 3583 1197 3646 lleg.

182 3659 209 3723 2)
228 3655 311 3711 ἄλλον
330 3657 426 3707 additur
444 3658 467 3705 in
485 3655 513 3705 0.
781 3654 808 3713 o)
826 3654 907 3714 dignos
925 3668 937 3700 n
954 3652 1030 3702 rubos
1049 3649 1099 3699 Pal.

180 3727 208 3788 3)
224 3724 324 3795 καιρὸν
342 3722 409 3775 ποτὲ
429 3724 524 3772 invertit
542 3724 569 3772 0.
787 3720 828 3781 to)
847 3721 906 3767 sicin
926 3717 975 3765 l’al.

180 3793 208 3857 l)
225 3795 296 3843 Voce.
314 3790 364 3844 ἐὰν
388 3786 548 3854 cananense
572 3788 640 3838 erneis
658 3804 700 3837 se·
783 3786 825 3847 ll)
842 3800 976 3835 consumere
995 3784 1045 3834 Pal.
1064 3784 1119 3844 liog.

130 3861 196 3911 clusa
215 3861 239 3910 in
260 3863 286 3910 Ο.
785 3854 826 3916 11)
846 3866 898 3901 eern
918 3867 964 3902 om.
982 3854 1038 3914 lieg.

179 3928 206 3992 5)
224 3929 282 3977 Post
300 3922 492 4041 Cntypmpipeoe
510 3924 602 3986 signnm
616 3923 661 3986 tiu
671 3921 697 3982 0,
786 3918 827 3984 13)
844 3929 933 3969 numen
947 3919 1006 3984 (sic)
1014 3934 1056 3983 per
1067 3919 1166 3990 pretinm
1177 3914 1223 3989 irre.
1239 3913 1295 3973 lteg.

129 3995 168 4045 ubi
188 4011 292 4060 sequens
309 3991 364 4060 γὰρ
380 4008 407 4040 su
427 3999 530 4041 notatur.
784 3988 826 4049 13)
843 3994 865 4035 et
887 3988 943 4101 oplibi
966 3987 1062 4049 difficile
1083 3999 1108 4046 p.
1130 3982 1189 4028 mrln
1218 3985 1296 4028 neum

732 4057 828 4116 difficile
845 4059 881 4102 est
919 4057 955 4114 og.

182 4127 209 4191 1)
229 4127 313 4192 lnsipit
330 4128 433 4175 eiusdem
451 4127 596 4175 ndromenos
611 4125 699 4184 scripte
784 4120 874 4184 Cnp.ll.
905 4115 1233 4233 nciprnmernireemdeem
1244 4112 1302 4174 ling.

129 4196 157 4245 de
177 4210 271 4257 omnmo
287 4208 330 4258 per
347 4194 452 4256 ephesios
471 4191 535 4251 Pal,
555 4189 638 4253 lneipit
654 4186 699 4236 ml
783 4189 811 4251 2)
830 4188 853 4236 ei
871 4192 892 4235 et
909 4186 955 4234 inv.
993 4199 1029 4244 eg.

129 4262 186 4326 neg.
438 4281 441 4287 ·
787 4252 816 4316 3)
835 4267 903 4315 opere
921 4251 973 4304 Pal.
988 4249 1046 4312 ling.
