2886 4882
245 832 307 937 χρ,
327 818 622 991 nequitur
647 824 867 933 cathon
896 812 1207 937 LlPSIENSIS'
1234 782 1254 971 ςί
1288 952 1302 983 .,

169 1070 214 1109 ³³²³
237 1066 361 1155 Colistat
393 1072 469 1151 intejr
496 1068 573 1135 viros
602 1068 722 1155 dojctos3
736 1070 807 1153 'aluo
836 1074 969 1159 inpririris
996 1077 1116 1155 emliees¹
1140 1099 1155 1139 a
1183 1062 1334 1157 ¹Simonide

155 1148 426 1251 Simrhii‘ffflrssier
444 1160 538 1243 imper
559 1154 688 1237 prolatos
704 1166 775 1241 'esse
792 1158 844 1241 ¹qni
867 1156 1026 1235 rrarrltorm'n
1046 1142 1267 1235 achhiratioue'm
1283 1178 1338 1241 epa.

155 1239 446 1323 cimeliis-alterurn
466 1236 563 1321 Umiiii
594 1234 818 1323 ialintpsestiirn,
844 1242 966 1313 alterum
988 1234 1268 1319 l‘astor'is.llermae
1284 1238 1332 1321 qui

155 1306 275 1403 nititur:-
299 1314 405 1405 'btquc
423 1318 506 1383 illum
528 1259 659 1401 quidem,
672 1340 744 1387 ¹non
767 1320 906 1387 mediocri
926 1324 1056 1395 artilieio'
1072 1326 1112 1387 ita
1134 1322 1332 1405 comparatum

155 1400 466 1484 utviressuipnnae
490 1394 615 1466 Graecae
640 1403 670 1465 in
692 1405 869 1468 membranis
889 1404 1099 1487 antiquissimis
1118 1406 1262 1469 adhibitae
1283 1414 1331 1467 to·

155 1487 269 1567 tiusquc
290 1487 331 1549 rei
354 1486 606 1567 palaeographicae
628 1487 722 1566 paullo
745 1487 941 1567 imperitiores
960 1491 1133 1571 aliquamdiu
1156 1490 1278 1562 falleret,
1300 1497 1332 1549 ut

155 1569 282 1651 primum
301 1569 395 1651 'anobis
425 1569 521 1631 videre
550 1569 687 1649 contigit,
712 1590 766 1649 pro
794 1572 897 1633 lorunis
925 1573 1084 1635 litteramm
1106 1574 1181 1635 nmle
1203 1573 1279 1633 inter
1300 1591 1335 1645 se

155 1653 313 1723 misticae
339 1652 523 1731 menrbranae
550 1652 662 1713 ratione.
690 1672 707 1713 a
728 1652 809 1715 libris
830 1655 1027 1736 palinrpsestis
1048 1656 1141 1739 iisqne
1161 1652 1332 1735 antiquissi-

156 1728 215 1799 mis'
235 1735 348 1797 mirum
367 1732 402 1796 in
431 1735 549 1799 rnodmn
571 1735 684 1805 diversa
704 1735 766 1797 sine
788 1736 843 1797 ulla
864 1737 1042 1801 dubitatione
1062 1739 1165 1801 laisum
1186 1757 1254 1801 esse
1274 1738 1331 1800 do·

155 1818 274 1889 omnuim
316 1820 395 1892 Qme
421 1817 471 1879 res
495 1838 512 1878 a
533 1817 633 1890 nobis,
662 1819 708 1898 qui
737 1819 867 1881 omnium
893 1821 949 1882 soli
970 1820 1087 1883 codices
1107 1822 1234 1883 Graecos
1254 1819 1332 1883 anti·

155 1900 313 1983 quissimus
341 1900 370 1962 in
398 1901 490 1980 iisqne
511 1901 716 1996 palinrpsestos
737 1902 785 1981 qni
812 1913 967 1981 supersunt
987 1904 1072 1985 longe
1091 1905 1246 1985 plerosque
1265 1901 1331 1963 uhi-

155 2005 211 2067 qne
232 1992 375 2047 terrarum
395 1983 618 2063 perquisivimus
641 1993 670 2045 et
691 2003 756 2045 eum
779 1985 875 2045 studio
897 1985 1091 2059 tractavimus
1112 1986 1196 2048 aliter
1217 2004 1254 2046 ne
1275 2004 1330 2064 po·

156 2068 210 2129 tuit
237 2067 353 2147 quidem
382 2067 460 2137 lieri,
489 2085 580 2160 necpre
611 2066 717 2146 ‹apinor
749 2087 881 2147 magnam
901 2069 1015 2129 laudern
1037 2070 1129 2130 hahet.
1172 2069 1204 2129 ln
1225 2068 1332 2129 llerma

155 2169 223 2212 vero
256 2169 376 2229 magnus
412 2148 458 2210 ille
492 2150 593 2210 artifex
621 2150 769 2229 Spirensis
802 2150 858 2212 alio
885 2151 993 2212 fraudis
1023 2152 1110 2212 modo
1137 2154 1250 2211 huntus
1276 2159 1331 2213 est.

155 2232 344 2295 Hirmsenim
365 2239 459 2293 tmtus
481 2250 569 2314 quum
588 2232 734 2293 minorem
755 2240 865 2313 partem
890 2232 981 2294 trihus
1001 2233 1077 2295 loliis
1095 2233 1254 2295 chartaceis
1265 2251 1329 2292 sae-

155 2316 210 2377 culi
232 2317 291 2376 lere
313 2314 416 2376 decimi
439 2315 531 2395 quarti
554 2336 587 2376 ex
610 2316 686 2376 lltbo
708 2323 808 2377 monte
828 2317 989 2394 attulisset,
1013 2315 1152 2377 maiorem
1174 2335 1224 2375 sua
1243 2333 1330 2375 mann

155 2398 271 2467 eodem·
286 2399 316 2459 ih
344 2406 444 2459 monte
469 2398 684 2478 exscripsisset‚
713 2408 849 2480 urnasque
875 2397 1110 2479 israspruiosas
1131 2396 1196 2459 libri
1218 2396 1330 2479 pretio-

155 2478 265 2542 sissimi
289 2480 424 2562 reliquias
454 2482 577 2543 Graecas
601 2490 635 2542 ut
659 2482 797 2543 venderet
818 2491 902 2562 atque
923 2481 958 2542 ad
980 2480 1122 2543 ednrdnm
1144 2480 1259 2541 cederet
1279 2498 1330 2539 ro·

153 2572 264 2645 gatuss
277 2566 426 2626 consensit.
453 2565 584 2646 quidem,
612 2563 662 2626 sed
685 2574 800 2643 praeter
817 2566 871 2625 tria
894 2564 938 2625 illa
958 2565 1073 2644 antiqua
1093 2564 1160 2637 lolia
1182 2558 1243 2624 non'
1270 2572 1329 2623 tra-

154 2645 241 2720 didit,
261 2666 315 2708 nec
336 2648 461 2727 emptori
488 2666 542 2708 nec
569 2647 689 2719 editori,
711 2646 766 2706 nisi
788 2666 860 2726 qnae
880 2648 915 2708 de
937 2646 1103 2727 apographo
1126 2666 1177 2707 suo
1203 2645 1232 2705 in
1253 2644 1329 2706 lltho

154 2736 254 2791 merite
285 2732 424 2789 ‘conlecto
455 2746 555 2790 narsus
589 2729 703 2807 lipsiae
735 2728 896 2789 incredibili
931 2729 1049 2807 pertidia
1086 2728 1330 2808 transscripserat.

155 2811 242 2873 Cuius
274 2811 320 2871 ille
347 2810 388 2870 rei
417 2811 488 2872 daras
514 2811 638 2871 maxime
666 2828 782 2871 caussas
810 2810 917 2871 habuit.
965 2810 1058 2882 Qrumr
1081 2811 1159 2872 enim
1180 2811 1330 2873 materiem

155 2892 309 2974 quaerebat
339 2893 405 2953 nori
432 2892 542 2953 codicis
570 2893 694 2954 hermae
721 2891 899 2971 palimpsesti
930 2893 1070 2971 fingendi,
1099 2912 1184 2973 quern
1214 2893 1330 2975 quidem

121 3018 123 3027 .
155 2994 253 3038 revera
274 2974 446 3056 breripost·
464 2992 600 3037 successu
620 2975 683 3055 pari
705 2976 764 3035 lere
785 2982 870 3055 atque
892 2974 1008 3035 audacia
1031 2975 1060 3035 in
1081 2975 1174 3037 lucem
1194 2975 1330 3055 protulit;

156 3067 307 3121 tumuere
329 3058 552 3138 praevidendum
576 3058 630 3119 sibi
649 3057 830 3138 laniabatur,
852 3076 923 3137 quae
945 3057 1073 3138 suspicio
1095 3058 1247 3138 liudolpho
1269 3059 1345 3119 hn-'

155 3156 207 3221 ger
225 3141 296 3203 ¹-uiro
321 3140 493 3201 doctissimo
518 3142 733 3213 sabomacum,
761 3140 870 3202 Graeca
891 3139 934 3199 sni
958 3139 1067 3201 codicis
1089 3161 1104 3201 c
1128 3140 1237 3202 Latinis
1258 3158 1330 3202 een·

154 3238 238 3285 versa
263 3223 458 3285 mederentur.
499 3225 656 3303 Propterea
683 3223 750 3302 quie
789 3222 819 3283 id
841 3221 1036 3301 suspicionem
1057 3223 1200 3285 eiusmodi
1222 3224 1330 3286 conth-

156 3314 299 3367 maturum
320 3305 468 3366 aiclebahu
484 3306 578 3367 libere
599 3306 737 3377 correxit,
774 3324 845 3365 ocos
875 3306 931 3365 iarn
960 3306 995 3365 ab
1021 3306 1147 3387 antiquis
1178 3306 1331 3386 scriptori·

155 3389 223 3463 bars,
251 3396 283 3449 ut
310 3388 471 3462 Clemente,
500 3398 533 3450 nt
559 3386 697 3468 Origene,
725 3396 756 3449 ut
777 3397 896 3449 auctiore
917 3389 1070 3449 lieet-rinae
1090 3388 1126 3449 ad
1147 3388 1330 3464 hirtiorhunr,

155 3471 263 3533 Graece
290 3471 392 3532 allatos
421 3472 460 3532 ita
491 3471 654 3533 retractavit
678 3480 712 3532 ut
741 3490 825 3532 sumn
856 3478 963 3533 textum
993 3472 1028 3531 ad
1057 3480 1152 3532 vetera
1173 3473 1331 3552 fragmenta

155 3555 366 3627 conformaret,
394 3554 509 3615 lacunas
538 3553 639 3615 Graeci
668 3563 762 3615 textus
790 3554 894 3615 collato
918 3555 1020 3615 Latino
1042 3564 1171 3633 repertas
1193 3555 1252 3634 ipsa
1275 3554 1330 3615 La·

156 3636 357 3721 timuerteus
384 3636 521 3716 explerit,
563 3637 617 3698 alia
646 3637 769 3717 denique
796 3638 884 3698 nudta
913 3637 986 3697 inira
1011 3638 1175 3698 temeritate
1204 3637 1331 3698 mumvit.

156 3718 264 3793 Qm’hua
285 3718 436 3791 clo-reims,
458 3719 543 3781 etad
564 3719 667 3781 laisum
688 3721 825 3782 [Tranium
847 3728 876 3779 et
896 3720 933 3779 ad
953 3720 1089 3781 Hermam
1110 3720 1241 3781 lalsatrnn
1261 3738 1330 3799 per·

158 3800 321 3875 tinmtibus,
337 3802 484 3883 imprimis
497 3802 552 3883 qui
574 3802 680 3863 lactum
703 3803 741 3863 sit
760 3812 792 3863 ut
814 3802 955 3863 Siuronidi
975 3802 1081 3863 «lardum
1103 3804 1214 3863 larnoso
1235 3811 1331 3864 tantae

158 3890 273 3964 tamque
290 3883 458 3963 multiplic-is
478 3884 605 3946 fallaciae
627 3886 707 3947 loeus
728 3886 859 3956 daretur,
888 3904 975 3964 «prtum
1005 3903 1019 3943 a
1049 3885 1132 3945 nobis
1154 3886 1225 3946 mira
1248 3885 1330 3946 inso-

157 3966 414 4041 lentia-lacessitis,
437 3976 498 4029 tum
519 3966 556 4029 ab
575 3967 736 4029 Alexandro
758 3968 896 4047 Lycmgo,
918 3967 1017 4029 iuvene
1040 3968 1127 4028 noeto
1149 3968 1332 4047 optimaeque

158 4048 245 4128 spei„
263 4048 442 4111 celeberrimi
464 4049 563 4111 herois
583 4050 679 4129 prole,
701 4050 771 4111 satis
793 4051 953 4129 expositum
975 4062 1020 4112 est
1040 4049 1105 4111 alibi
1113 4049 1144 4125 ¹).
1186 4050 1244 4128 lpsi
1267 4050 1332 4127 qui-

212 4260 252 4325 l)
270 4262 307 4313 (Il.
328 4262 507 4326 Entbbllungen
530 4260 589 4313 iiber
613 4262 658 4312 den
683 4262 1021 4312 Simonides-hindorlschen
1046 4261 1156 4311 Urarrios.
1192 4258 1278 4310 Zweite
1301 4277 1329 4310 zn

155 4329 234 4379 ciuem
253 4329 476 4381 Geschichtaabrisa
494 4330 553 4380 iiber
571 4328 719 4389 Simonides,
739 4329 785 4379 ileu
804 4332 953 4380 llermasteat
978 4327 1027 4376 trud
1050 4329 1093 4376 das
1111 4326 1330 4397 beipzig-lierliner

155 4395 301 4460 Palimpsest
324 4396 474 4461 emilane,
497 4396 572 4449 sonia
592 4396 637 4449 mit
656 4396 783 4447 berichten
808 4397 857 4447 sind
875 4392 1122 4459 palaeograpbiscbeu
1140 4395 1329 4459 Erliutemngeu
