2886 4882
211 256 271 319 592
648 252 785 310 uanius
810 250 949 310 PASTOR.

211 440 253 477 πα
272 412 291 475 6
317 420 356 474 τῶ
385 408 568 518 δεσπότῃ,
550 436 594 474 οτι
625 407 792 515 ἐπικράνθη
815 411 865 473 καλ
891 407 945 490 τὴν
972 416 1073 524 χρῆσιν
1102 406 1195 472 αύτού
1225 406 1394 486 αἰπύλεσενς

209 495 288 560 Ἐιιν
316 475 348 560 66
368 492 458 569 εἰς
429 520 462 599 τρ
483 495 546 575 με’λι
566 491 603 558 ού
630 497 799 602 βληθχ
762 491 795 557 τύ
826 491 1038 572 άψίνθιον,“-
1046 490 1254 594 ε--ίίχρηστον
1284 496 1393 599 γίνετρι

212 588 251 666 τῷ
274 578 399 686 δεσπότῃ
419 576 521 642 αὐτοῦ
565 578 686 651 Βλέπεις
712 603 758 641 οτι
778 604 797 658 ιγ
789 573 1008 659 μακροθυμία
1017 577 1197 683 γλυκυτάτη
1219 573 1341 639 ίστλν
1320 576 1391 679 υπὲρ

211 647 244 727 τά
266 665 327 744 μίλι
355 665 403 727 καὶ
426 658 591 766 εύχρηστύνῖ
614 662 672 724 ἔστι
703 667 743 747 τῷ
756 667 845 762 θεῷ,
866 661 915 723 καλ
936 658 1025 724 ἕν’
989 668 1064 766 αυτῇ
1085 656 1103 724 6
1120 659 1225 767 κύριος
1246 667 1390 723 κατοικεῖ·

211 773 231 828 η
223 744 285 810 66
305 748 438 828 δξυχαλία
459 742 548 827 πικρά
570 771 620 807 και
639 727 779 826 άχρηύτύς
805 709 896 807 ἔστιν·
919 737 1026 807 ἐάν
990 768 1045 807 ουν
1065 769 1142 848 μιγρ
1155 771 1175 825 η
1197 742 1389 829 οξυχολια
1357 769 1371 805 τ

213 835 411 935 μακροθυμία,
434 832 576 909 μιαίνεται
589 855 608 908 η
600 825 820 908 μακροθυμία,
844 827 943 890 κάλ’
910 852 964 892 ουκ
978 826 1142 906 ί[στλν]“”
1109 825 1264 931 ευχρηστύς
1280 830 1389 906 [ποτε]’

211 922 251 977 τῶ
274 922 336 1002 θεῷ
357 942 376 995 ’i
369 913 523 988 ἔντευξις
553 909 652 992 αὐτῆς
686 910 827 987 ”,Ηθελον
849 913 934 1016 φημί,
956 909 1055 993 κύριε,
1077 918 1185 994 γνῶναι
1206 907 1261 991 τὴν
1283 911 1389 1014 ἔνεργε

213 978 301 1103 σίρινιθ
321 1024 375 1101 της
396 994 598 1100 ὀξρχρλίας,”
584 1019 632 1057 ινα
639 993 826 1099 φυλάξομαι
857 1020 956 1075 αυτης
958 997 977 1026 ¹¹
1021 995 1080 1056 Καὶ
1107 995 1179 1075 μήν,
1202 995 1317 1098 φησίν,
1340 992 1389 1057 ἐὰν

213 1079 252 1163 μὴ
274 1076 442 1187 φυλάξης’
427 1077 478 1143 στ’
502 1077 609 1182 αιἰτης
614 1076 651 1141 σύ
672 1080 720 1141 καὶ
742 1105 759 1142 ο
752 1074 863 1152 οίκος
874 1097 937 1154 σου
960 1075 1111 1152 ιἰπιύλεσάς
1126 1099 1180 1142 σου
1199 1076 1254 1159 τὴν
1267 1079 1389 1178 πάριθ’

214 1167 329 1229 ἐλπίδα
352 1161 424 1226 ιἰλλιλ
446 1157 609 1239 φύλαξαι’
593 1160 646 1225 απ’
671 1162 775 1265 αὐτῆς·
798 1160 906 1245 676
875 1189 939 1264 γαρ
949 1159 1019 1242 μετά
1041 1168 1094 1224 σού
1117 1164 1188 1243 είμί·
1211 1163 1262 1224 καὶ
1285 1161 1390 1235 πάντες

213 1247 245 1311 66
266 1245 465 1326 ύφίξονται’
450 1242 502 1308 απ’
529 1242 641 1361 αύτῖχς,
664 1244 728 1309 ὅσοι
756 1242 793 1309 άν
814 1243 1030 1348 μετανοιγσρισιν
1055 1246 1084 1321 ἐξ
1106 1244 1176 1344 δ’λης
1193 1251 1247 1326 τῆς
1268 1248 1390 1346 καρδίας

214 1329 324 1394 αὐτῶν
321 1328 407 1434 μετ’
432 1328 550 1393 ιιιιίτιόν13
572 1326 626 1413 γάρ
641 1330 751 1432 ίσρμαι,
773 1330 821 1391 καλ
842 1328 1011 1411 συντηρήσαι
1026 1327 1148 1404 αύτούς·
1171 1326 1389 1410 ἔδικαιιύθησαν

212 1414 267 1501 γάρ
288 1411 393 1490 πάντες
412 1410 471 1478 ύπδ
493 1419 545 1476 τοῦ
566 1411 740 1494 σεμνοτάτου
762 1410 891 1497 ύγγίλου.

297 1552 488 1631 11.”,Ακουε
498 1557 598 1658 φησί
627 1580 677 1617 και
697 1551 751 1635 τὴν
773 1553 916 1638 ἐνέργειαν
937 1559 988 1633 τῆς
1010 1549 1168 1657 ιἰξοχολίας,
1189 1557 1254 1626 πῶς
1274 1549 1390 1633 πονηρά

215 1639 282 1716 ἐστι,
304 1665 354 1702 και
374 1646 438 1745 πρῑς
457 1636 526 1713 τούς
545 1637 669 1712 δούλους
689 1645 741 1701 τοῦ
763 1644 838 1702 θεοῦ
859 1636 1047 1739 καταστρὲριει
1067 1643 1103 1724 τῇ
1124 1637 1230 1742 ἑαυτῆς
1251 1635 1388 1719 ίνεργεία,

212 1749 263 1786 και
288 1729 352 1796 πῶς
387 1720 542 1826 άποπλανᾷ
571 1719 679 1795 αύτούς
709 1719 767 1785 άπὸ
799 1728 851 1802 τῆς
881 1719 1082 1801 δικαιοσύνης
1103 1717 1158 1784 ούκ
1179 1716 1340 1825 άποπλαγᾷ
1377 1717 1389 1780 6

214 1803 283 1879 τούς
291 1803 459 1909 πληρεις”
443 1830 529 1879 οντας
525 1785 581 1868 ἐν
602 1831 637 1917 τη
658 1806 766 1880 πίστει,
786 1804 855 1867 0666
875 1805 1025 1910 ἐνεργῆσαι
1047 1801 1167 1867 δύναται
1199 1805 1242 1876 είς
1271 1801 1388 1876 αύτούς,

214 1885 301 1967 ὅτιῆ
328 1888 452 1967 δύναμίς
477 1912 535 1967 μου
569 1891 631 1967 μετ’
665 1885 763 1951 αύτῶν
793 1889 884 1950 ἐστίν·
908 1885 1063 1991 άποπλανᾷ
1084 1887 1116 1950 66
1135 1883 1204 1960 τούς
1225 1883 1388 1992 ιἰποκίγους

215 1971 266 2034 καλ
289 1968 469 2051 διψύχους”
453 1995 546 2044 οντας.
580 1969 675 2033 Ὅταν
697 1970 728 2033 66
749 1972 798 2058 ίδη
819 1968 889 2045 τούς
908 1951 1058 2045 τοιούτους
1079 1967 1260 2078 αἰνθρύπους
1291 1967 1387 2033 εύστα

215 2058 358 2129 θουντας,
378 2053 577 2158 παρεμβάλλει
591 2051 711 2158 ἑαυτὴνι
729 2051 822 2129 είς
779 2079 845 2160 την
866 2056 989 2137 καρδίαν
1008 2061 1060 2117 τού
1082 2051 1245 2137 ἀνθρώπου
1265 2053 1388 2128 ἐκείνου,

214 2137 264 2200 καὶ
285 2137 317 2198 ἐκ
337 2143 390 2199 τοῦ
411 2133 577 2241 μηδενδς’
556 2162 575 2241 η
597 2134 670 2222 γυνὴ
692 2134 711 2218 ἢ
733 2134 750 2199 6
771 2134 845 2241 ύνηρ
867 2139 899 2201 ἐν
906 2141 1020 2243 πικρία
1045 2140 1168 2222 γίνεται,
1198 2136 1296 2200 ἕνεκεν
1323 2140 1388 2217 βιοι·

214 2226 303 2284 τικῶν
333 2219 527 2339 πραγμάτων,
519 2217 626 2300 ,ύπίρ
653 2245 693 2325 γε
711 2219 921 2302 ίδεσμάτων“
900 2248 919 2302 η
950 2225 1134 2325 μικρολογίας
1159 2217 1299 2324 τινός,ἢ
1325 2224 1389 2324 περὶ

216 2301 325 2378 δόσεως
347 2307 462 2386 αλλης,’
485 2332 504 2387 η
526 2306 591 2383 περι
610 2303 752 2369 τοιούτων
765 2312 869 2388 μοιρῶν
882 2303 1066 2409 πραγμάτων.
1113 2311 1211 2367 Ταῦτα
1224 2301 1280 2387 γάρ
1291 2302 1388 2367 πάντα

215 2413 297 2468 μοιρα
290 2388 378 2451 ’ἔστι
399 2391 448 2452 καλ
470 2386 538 2452 κενά
562 2387 649 2453 κάλ’
631 2414 747 2495 αιρρριια
766 2397 828 2463 τοῖς
849 2387 964 2463 δούλοις
984 2396 1037 2452 τοῦ
1052 2395 1135 2453 θεοῦ.
1176 2384 1213 2448 ‘H
1234 2387 1267 2450 66
1284 2412 1387 2468 μακρο·

216 2475 312 2551 θυμία
332 2473 440 2556 μεγάλη
463 2474 521 2535 ἔστι
541 2474 591 2536 καὶ
612 2470 731 2554 ἰσχυράν
753 2470 877 2551 δύναμιν
898 2473 1003 2552 ἔχουσα
1023 2473 1072 2535 καὶ
1093 2469 1214 2553 στιβαρά
1234 2497 1287 2535 και
1298 2470 1387 2535 ευθυ

215 2557 341 2657 νουμίνη
363 2557 394 2619 ἐν
414 2563 571 2661 πλατυσμῷ
591 2581 644 2641 μεγ
645 2556 718 2643 άλςα,
750 2555 848 2638 ίλαρά,
878 2553 1090 2663 ύγαλλιοιμένη,
1117 2554 1275 2637 αἰμίριμνος
1307 2547 1387 2657 οὖσα,

124 2633 139 2703 .’
216 2637 288 2715 δοξά
289 2638 424 2715 ζουσα
397 2665 447 2703 τον
467 2638 571 2743 κύριον
592 2641 623 2702 ἐν
627 2584 729 2703 γπαντλ
751 2647 861 2744 καιρῷ,
876 2638 966 2720 μηδὲν
986 2641 1017 2704 ίν
1040 2639 1128 2743 ἑαυτῇ
1138 2641 1254 2744 ἔχουσα
1275 2639 1386 2721 πικράν,

214 2722 421 2806 παραμένουσα
448 2721 497 2785 διά
517 2720 625 2797 παντὸς
645 2731 751 2803 πραεῖα
771 2704 861 2786 καλΓ
840 2721 968 2804 ησύχιος.
1007 2722 1094 2825 Αύτη
1115 2714 1211 2804 ούνη
1237 2732 1389 2831 μακροθυ-

215 2808 268 2885 μία
290 2815 418 2869 κατοικεῖ
436 2804 505 2913 μετδ
525 2830 584 2869 ταιν
603 2813 656 2887 τῆς
676 2808 798 2880 πίστεως
820 2805 962 2911 ἐχόντων
964 2804 1131 2888 ὁλόκληρον.
1168 2803 1204 2868 Ἡ
1230 2805 1263 2868 66
1291 2805 1387 2912 ὀξυχο·

214 2891 263 2952 λία
282 2889 470 2970 πρῶτονμὲν
492 2914 574 2970 μαρα
566 2886 671 2952 ’ἐστιν
693 2887 804 2969 ἐλαφρά
824 2914 854 2953 τε
874 2887 962 2952 wi*
944 2910 1061 2969 αφριιν·
1083 2886 1144 2952 είτα
1165 2891 1198 2953 ἐκ
1223 2896 1278 2970 τῆς
1299 2887 1387 2971 ιἰφριι

215 2971 307 3077 σύνης
356 2976 444 3036 ίνεται
471 2975 590 3079 πικρία,
624 2974 656 3036 ἐκ
686 2972 796 3050 δλτης
820 2976 938 3053 πικρίας
968 2970 1080 3053 θυμός,
1110 2974 1142 3036 ἐκ
1164 2972 1196 3035 66
1216 2980 1269 3035 τοῦ
1288 2981 1389 3078 θυμρῦ

217 3053 307 3139 ὀργή,
328 2999 471 3119 ίίιδέ”
435 3062 489 3136 τῆς
508 3054 599 3161 ὀργῆς
619 3063 720 3163 μῆχις·
743 3053 845 3119 τίνα’
824 3084 843 3137 η
866 3063 952 3162 μῆνις
973 3055 1046 3138 αὕτη
1069 3057 1101 3119 ἐκ
1121 3054 1268 3120 τοσούτοιν
1290 3064 1388 3120 κακῶν

215 3139 456 3238 σονισταμίνηί
426 3163 534 3245 γνεται
555 3137 679 3220 ύμαρτία
700 3138 818 3247 μεγάλη
828 3141 877 3203 καὶ
898 3137 1023 3214 άνίατος.
1056 3138 1151 3245 ’Ότρν
1151 3137 1226 3244 γάρ
1247 3148 1341 3203 ταῦτα
1354 3137 1388 3203 τά

216 3218 366 3299 πνεύματα
387 3222 418 3284 ἐν
439 3219 517 3283 ενλ’
503 3225 594 3307 αγγεί
583 3246 607 3283 οι
628 3246 758 3329 κατοικη,
781 3215 818 3285 06
840 3224 889 3287 καὶ
908 3220 941 3286 τὸ
961 3230 1075 3303 πνεῦμα
1094 3220 1127 3287 τδ
1149 3221 1232 3328 άγιον
1253 3232 1388 3300 κατοικεῖ,

215 3301 252 3368 ού
273 3311 361 3386 χωρεῖ
377 3301 409 3367 τδ
428 3301 520 3408 άγγος
539 3285 642 3379 ἐκεῖνο,
656 3302 719 3368 ἄλλ’
732 3284 968 3383 ύπερπλεονάζει·
989 3304 1022 3370 τὸ
1036 3304 1182 3388 τρυφερὸν
1195 3299 1251 3370 ούν
1262 3314 1387 3412 πνεῦμα,

216 3413 255 3494 μη
278 3388 342 3469 ἕχον
363 3386 526 3469 συνήθειαν
546 3385 616 3468 μετά
636 3397 767 3491 πονηροῦ
785 3392 949 3471 πνεύματος
967 3399 1112 3454 κατοικεῖν
1132 3390 1206 3471 μηδὲ
1221 3389 1292 3471 μετὰ
1305 3399 1388 3470 σκλη

215 3471 344 3553 ρότητος,
366 3470 513 3577 ἀποχωρεῖ
530 3479 582 3536 τοῦ
604 3470 767 3551 άνθριύπου
789 3481 841 3537 τοῦ
855 3472 987 3538 τοιούτου
1001 3500 1050 3579 κρι
1071 3479 1149 3580 ζητεῖ
1159 3483 1306 3537 κατοικεῖν
1319 3472 1387 3555 μετὰ

214 3555 392 3638 πραότητος
396 3561 444 3620 καλ
464 3554 594 3638 ησυχίας.
638 3554 769 3633 Είτα,“
752 3582 823 3621 οταν
843 3554 956 3643 ύποστῇ
977 3556 1034 3621 άπδ
1056 3564 1108 3621 τοῦ
1132 3553 1298 3639 αἰυθρύπου
1319 3559 1387 3622 insi·

214 3684 314 3693 n——-—-
315 3688 420 3695 .—-.-.-

264 3742 292 3804 ii)
308 3742 373 3790 Haec
391 3758 505 3806 perquam
531 3745 658 3794 confusa
653 3760 675 3794 ιιι
698 3759 781 3806 apogr.
866 3744 893 3804 ii)
913 3757 995 3794 nou:
1020 3744 1052 3791 iia
1070 3744 1119 3792 iere
1145 3742 1267 3792 videtur
1262 3759 1286 3793 ιιι
1305 3758 1387 3807 apogr.

215 3807 333 3872 legumus
361 3810 480 3872 Scriptum
492 3821 550 3872 οιιιι,
567 3814 587 3861 si
605 3812 697 3874 singula
717 3817 782 3860 recie
816 3809 932 3872 scriplum
958 3811 1043 3869 fuisse,
1076 3810 1119 3859 sed
1145 3810 1251 3872 providit
1272 3812 1332 3861 Sim.
1357 3826 1386 3859 ιιι

214 3884 339 3926 assecutus
357 3890 423 3925 ειιιιι.
454 3874 517 3928 Ἐὰν
534 3876 565 3929 66
587 3881 627 3936 stc
646 3876 677 3929 τὸ
696 3875 782 3960 ἀιμίν-
816 3876 919 3939 amplius
941 3877 987 3939 legi
1006 3886 1097 3941 posseh

214 3946 281 3996 θιον
296 3942 433 4013 μὴβληθῇ
449 3945 514 4027 μέλι
532 3944 596 3996 οὐδὲ
585 3945 658 4003 εἰς
669 3947 731 4013 μέλι
751 3942 781 3995 ιδ
871 3946 910 4005 iii)
929 3941 1105 4027 ἰαιργεοιίιιῐ
1125 3944 1160 3993 sic
1179 3959 1264 4009 ιιμοςτ

214 4007 459 4079 αἰιμίνθιονβληθῇ
476 4007 701 4079 με’λιιιύδὲεύχιρ.
721 4013 782 4061 Cor·
870 4012 910 4071 ii)
929 4009 1024 4075 αύτης;
1043 4012 1169 4075 sicapogr.
1188 4007 1386 4093 Ιῑειιιιμυλάξῃς.

214 4086 306 4127 rectum
333 4094 389 4127 ιοιο
413 4088 449 4128 σει
467 4088 492 4127 ιιι
509 4078 634 4127 edidimus.
670 4079 783 4142 Sequitur
869 4078 910 4141 ii)
932 4081 1041 4131 ιιιισανι
1060 4095 1144 4143 apogr.
1158 4081 1281 4131 πᾶνσον.

215 4152 292 4194 autom
310 4145 401 4209 aliquid
426 4147 491 4211 quod
510 4147 559 4194 ίοιε
581 4161 626 4208 pro
650 4146 713 4215 μέλι
737 4145 782 4194 καὶ
872 4147 912 4212 13)
931 4143 1043 4199 ‹6166-
1061 4161 1145 4210 ιμοςι.
1163 4143 1257 4210 αὐτῆς.

215 4211 291 4273 accipi
311 4219 398 4275 potest.
426 4215 515 4263 Rursus
533 4228 606 4276 super
624 4212 683 4261 haec
702 4214 781 4261 omnia

214 4279 384 4328 recentissimis
403 4281 513 4330 ductibus
531 4289 664 4329 correctum
683 4287 727 4328 est
867 4281 925 4344 Cap.
936 4283 963 4330 ii
990 4282 1013 4345 i)
1031 4279 1148 4344 ἑαυτὴν·
1167 4281 1385 4344 603666106

266 4344 293 4406 i)
310 4338 477 4463 εύχρησιοιτ
497 4349 532 4397 sic
551 4363 635 4411 apogr.
871 4347 897 4410 2)
917 4344 1014 4413 ι’ίλληςε
1034 4349 1066 4398 ιιι
1093 4364 1176 4412 ιμοςι.
1213 4351 1328 4402 ioriasse
1351 4366 1376 4400 αι

229 4410 295 4564 ΙΙ.
310 4407 429 4476 6:616]
448 4416 480 4465 iia
497 4431 581 4480 apogr.
600 4413 738 4466 Simonidis
815 4413 926 4482 λήψεως
944 4423 1091 4481 compium.
