2886 4882
244 246 381 308 ornum
401 246 540 307 ensron.
580 247 719 306 urernu.
762 246 905 308 uanum.
925 251 945 308 r.
964 248 1001 309 n:-
1016 242 1061 322 (a)
1174 242 1235 309 145

438 433 586 472 urrunnun
607 410 712 472 'rursus
734 431 873 472 rasronrs.

148 527 185 600 (ο)
197 531 289 586 Primo
312 532 431 587 omnium
454 531 551 599 crede,
574 547 635 588 esse
657 548 740 589 unum
769 531 868 599 licum,
891 531 937 603 qui
966 531 1055 588 omnia
1087 533 1188 588 creavit
1209 540 1237 587 et

64 615 268 682 consummavit,
292 622 318 670 et
340 632 372 670 ex
394 613 479 669 nihilo
503 621 598 670 cuncta
621 614 693 669 lecit
737 613 798 688 lpse
822 622 902 688 caput
932 613 1130 681 universorum,
1160 614 1235 669 solus

64 699 221 763 immensus,
245 698 292 769 qui
312 712 363 751 nec
384 696 474 751 verbis
498 695 612 762 deliniri,
636 712 686 752 nec
707 705 797 753 mente
814 696 921 769 concipi
934 703 1033 768 potest
1078 693 1147 751 Huic
1169 712 1235 768 ergo

64 781 156 847 crede,
179 787 206 834 ct
221 787 312 836 rnetue
334 795 403 845 euro,
427 787 554 851 metuque
577 788 689 852 accepto
706 787 768 835 tene
791 778 989 835 abstinentiam.
1032 776 1104 866 llaec
1119 776 1237 846 custodi,

65 870 93 918 et
115 854 211 917 abiris¹
233 879 247 918 a
270 870 296 918 te
319 878 426 917 omnem
449 862 603 934 nequitiam,
627 877 789 935 omnemque
812 862 908 918 indues
935 862 1061 918 virtutem
1084 860 1236 934 aequitatis,

64 952 92 1001 et
112 945 188 1009 rives
207 943 272 1015 lieo,
295 946 318 1001 si
341 944 504 1001 custodieris
527 944 581 1000 hoc
601 945 764 1001 mandatum.

494 1111 641 1150 nnubct'tt'll
666 1111 818 1149 SECUNDUM.

147 1205 184 1279 (o)
205 1210 248 1265 nit
270 1208 348 1265 milri:
371 1207 572 1283 simplieitatem
602 1219 664 1266 tene
686 1217 712 1266 et
741 1209 874 1266 innocens
905 1216 982 1278 esto,
1012 1208 1084 1264 sicut
1112 1207 1237 1279 infantes,

65 1293 111 1367 qui
133 1293 259 1367 ignorant
280 1291 440 1363 nequitiam,
463 1309 532 1365 quae
562 1294 642 1349 vitam
675 1293 765 1366 perdit
792 1284 951 1348 hominum¹
989 1294 1057 1348 bute
1086 1292 1174 1348 omnia
1202 1292 1236 1349 de

64 1375 137 1432 nullo
159 1374 228 1431 male
259 1373 396 1448 opineris,
419 1390 506 1448 neque
535 1375 650 1431 libenter
678 1375 771 1431 audias
801 1391 878 1444 eum,
903 1375 949 1449 qui
976 1373 1081 1431 absenti
1111 1373 1236 1431 detrahit.

66 1456 112 1514 Sin
135 1465 224 1514 autem
244 1464 272 1513 et
298 1466 327 1512 tu
355 1449 497 1527 audieris,'
526 1459 664 1532 particeps
695 1457 751 1513 eris
783 1457 881 1526 huius;
910 1458 934 1514 si
967 1458 1039 1513 enim
1061 1457 1236 1516 consenseris

64 1539 216 1597 detrahenti
239 1547 265 1595 et
287 1539 322 1603 id,
345 1539 419 1613 quod
439 1539 472 1596 de
495 1539 607 1599 absente
630 1540 732 1596 dictum
754 1539 844 1610 luerit,
867 1539 1035 1607 credideris,
1074 1540 1128 1595 eris
1159 1547 1187 1597 et
1207 1547 1237 1596 tu

65 1623 90 1680 ei
101 1622 205 1691 similis,
223 1630 249 1678 et
260 1631 354 1679 contra
367 1622 477 1679 tratrem
488 1629 563 1679 tuum
585 1623 766 1697 perniciosus,
789 1631 816 1679 et
839 1623 1017 1695 adstringens
1031 1629 1144 1696 peccato
1167 1622 1236 1679 eius·

65 1705 127 1762 dem
150 1705 325 1762 detrahentis.
368 1704 465 1761 bialum
487 1705 559 1762 enim
580 1712 629 1773 est,
651 1705 767 1778 aliquem
781 1705 921 1773 infamare,
943 1713 970 1761 et
986 1704 1110 1762 instabile
1128 1705 1235 1761 daemo-

65 1789 156 1855 nium,
177 1805 313 1861 uunquam
335 1788 362 1844 in
382 1805 450 1862 pace
474 1789 637 1856 consistens,
667 1789 717 1845 sed
739 1789 765 1845 in
797 1788 935 1844 discordia
963 1804 1073 1861 semper
1104 1787 1236 1844 habitans.

65 1869 177 1927 Abstine
199 1887 263 1944 erqo
288 1879 313 1928 te
336 1870 368 1926 ab
391 1888 432 1940 eo,
454 1881 481 1929 et
510 1872 565 1928 eris
588 1888 696 1946 semper
724 1871 833 1945 quietus
855 1871 926 1928 inter
948 1886 1051 1927 omnes.
1093 1870 1179 1927 ludue
1209 1876 1236 1927 te

67 1961 155 2010 autem
186 1954 398 2027 temperantiam,
431 1953 628 2023 verecundiam,
651 1953 820 2023 modestiam,
842 1953 868 2010 in
891 1970 943 2027 qua
965 1952 1037 2011 nulla
1059 1952 1164 2011 ollensa
1186 1959 1236 2021 est,

66 2035 139 2093 nulla
160 2038 286 2110 nequitia,
309 2037 358 2094 sed
380 2048 477 2095 cuncta
500 2028 590 2112 plana⁸
612 2046 692 2111 atque
715 2037 791 2095 laeta.
833 2036 935 2093 dreree
962 2035 1124 2104 bonitatem,
1147 2043 1175 2092 et
1202 2033 1236 2092 de

67 2117 156 2176 lruetu
177 2119 301 2176 laborum
322 2130 439 2188 tuorum,
462 2139 532 2194 quos
555 2119 603 2176 tibi
627 2120 720 2176 tribuit
741 2121 828 2186 licus,
851 2119 923 2175 omni
951 2118 1025 2192 inopi
1046 2128 1155 2192 praesta
1177 2117 1237 2174 sim·

66 2201 181 2276 pliciter,
205 2202 271 2258 nihil
303 2202 428 2258 dubitans
450 2204 495 2258 cui
516 2203 551 2258 sit
573 2202 699 2260 dandum.
744 2200 875 2258 Omnibus
891 2200 995 2269 tribue3
1017 2201 1151 2258 uniuersis
1165 2201 1238 2257 enim

67 2283 137 2341 bens
161 2285 218 2340 dari
240 2282 297 2339 vult
318 2285 351 2339 dc
374 2285 430 2338 suis
453 2283 541 2339 donis.
582 2283 754 2355 decipientes
787 2299 850 2338 vero
880 2281 996 2338 reddent
1017 2282 1149 2340 rationem
1171 2281 1238 2351 beo,

68 2383 151 2442 quare
174 2375 201 2421 et
223 2357 268 2420 ad‘
298 2364 363 2436 quid
393 2365 558 2439 acceperint.
603 2364 762 2435 Quicunque
793 2363 865 2419 enim
888 2362 1045 2437 acceperint
1066 2363 1152 2420 coacti
1181 2354 1238 2419 aut³

67 2448 157 2522 aliqua
179 2447 348 2515 necessitate,
371 2464 386 2501 a
405 2447 516 2503 crimine
546 2447 704 2501 innocentes
727 2453 822 2511 erunt3
846 2444 892 2516 qui
913 2460 977 2499 vero
1001 2443 1135 2501 fallaciter
1162 2460 1239 2500 acce·

67 2533 165 2604 perior,
188 2529 321 2585 rationem
343 2528 451 2586 dabunt.
495 2529 541 2585 llle
563 2535 660 2595 autem,
682 2528 728 2601 qui
751 2528 810 2595 dat,
834 2526 958 2581 innoxius
980 2524 1050 2594 erit,
1083 2527 1237 2582 cumcuim

67 2614 121 2667 boc
143 2612 330 2678 ministerium,
352 2612 425 2686 quod
447 2629 461 2667 a
479 2610 593 2667 Domino
604 2609 743 2683 accipitur,
766 2608 927 2684 simpliciter
936 2607 1008 2682 apud
1021 2609 1104 2664 lleum
1118 2599 1239 2681 gestum⁸

68 2694 158 2751 luerit.
190 2693 349 2767 Quicunque
372 2712 438 2768 ergo
460 2703 515 2751 tam
526 2693 685 2768 simpliciter
697 2693 841 2758 ministrat,
852 2691 991 2749 viritlleo.
1023 2690 1133 2747 Custodi
1148 2691 1239 2764 itaque

68 2777 222 2835 mandatum
251 2778 319 2846 hoe,
342 2779 412 2834 sicut
434 2777 483 2835 tibi
504 2778 571 2846 dixi,
593 2778 620 2834 in
642 2777 809 2851 poenitentia
831 2784 894 2846 tua,
916 2782 944 2830 et
965 2773 1058 2833 domui
1085 2782 1147 2832 tuae
1178 2790 1240 2830 cum

69 2861 247 2934 simplicitate,
270 2869 298 2916 et
319 2877 368 2917 cor
391 2870 465 2917 tuum
487 2862 522 2916 sit
545 2860 673 2916 mundum
701 2867 729 2916 et
749 2858 908 2916 indeficiens
929 2857 1001 2933 apud
1021 2859 1113 2916 Deum.

70 2968 96 3029 el
107 2965 139 3030 δὲ
154 2964 441 3047 μὴ,ιια1στ“ιᾶιιούων
465 2968 563 3050 ἔνοχος
580 2967 631 3055 lep
645 2973 697 3049 τῆς
710 2963 850 3049 ἁμαρτίας
863 2972 915 3028 τοῦ
927 2961 1174 3039 καταλαλοὺντος.
1189 3013 1195 3028 .
1209 3015 1216 3028 .
1230 3015 1236 3028 .

71 3048 210 3133 Πονηρὸν
236 3047 291 3133 γὰρ
316 3048 429 3135 πνεῦμά
457 3052 534 3116 ἐστιν
557 3047 575 3132 ι)
595 3047 766 3125 maluisti,
788 3051 837 3112 noi
858 3044 1053 3112 ἀκατάστατον
1079 3045 1240 3128 δαιμόνων,

69 3133 209 3240 μηδέποτε
230 3135 396 3213 εἶρηνεῦον,
418 3133 490 3198 ἀλλὰ
517 3132 638 3198 πάντοτε
658 3135 690 3198 ἐν
717 3134 910 3215 διχοστασίαις
936 3137 1100 3197 ιιατοιιιοῦν.
1134 3126 1240 3236 ”Asty

71 3240 125 3316 ουν
146 3214 198 3279 ἄττ’
221 3213 320 3292 αὐτοῦ,
341 3219 390 3280 noi
420 3216 538 3299 εἰρήνην
557 3218 629 3294 ἕξεις
649 3214 720 3298 μετὰ
738 3214 865 3281 πάντων.
898 3212 1043 3280 Ἕνδνσαι
1069 3213 1114 3320 δὲἱ
1128 3211 1181 3297 τὴν
1209 3240 1240 3320 α’-

69 3301 280 3463 ζτισᾶττιέτοὲμιιαοὲὶὰ
288 3297 349 3446 rp'qp2
361 3299 525 3465 σίελμὲιὲιξὶτητα,
547 3301 579 3364 ἒν
592 3295 637 3376 οἷς
650 3297 736 3364 οὐδέν
753 3301 811 3364 ἔστι
822 3299 994 3384 πρόσκομμα
1006 3323 1145 3384 asemper,
1169 3294 1241 3361 ἄλλα

124 3584 151 3647 2)
169 3586 211 3633 Sin
223 3585 360 3644 etiaml’sl,
379 3585 400 3633 si
413 3584 462 3631 Vnt.
480 3584 636 3647 ldempeeea-
725 3581 753 3645 9)
770 3591 795 3632 ut
815 3582 897 3632 Lamb.
918 3583 967 3631 llat.
988 3581 1039 3630 Pal.

72 3656 103 3700 tis
124 3666 147 3713 p.
164 3655 259 3713 peceati.
727 3651 768 3711 10)
786 3652 872 3712 occipit
890 3649 954 3709 Vnt,
981 3649 1022 3712 qui
1040 3662 1094 3697 mox
1112 3656 1137 3697 ut
1158 3647 1240 3696 Lamb.

121 3717 150 3778 3)
169 3720 263 3765 credens
281 3724 303 3767 et
320 3725 345 3767 tu
362 3720 458 3767 babebis
475 3724 595 3780 peecatum
612 3731 637 3780 p.
671 3720 708 3767 cui
726 3718 791 3775 dore,
811 3719 914 3765 cirinen
932 3717 998 3767 dore.

72 3794 94 3834 et
105 3785 208 3843 credens,
216 3791 241 3831 tu
249 3799 340 3848 qnoque
350 3790 469 3849 peceatum
479 3785 575 3833 debebis
587 3783 637 3833 Vnt.
729 3784 770 3847 11)
787 3788 808 3830 ι1
828 3798 873 3831 om.
892 3782 942 3832 vm

124 3853 152 3909 1)
172 3852 296 3900 decertatio
308 3850 368 3912 Vae,
386 3866 446 3916 quae
465 3851 519 3901 lect.
541 3865 636 3900 sensum
722 3881 825 3931 mum
871 3881 896 3947 ι)
914 3881 1013 3945 com-80
1031 3884 1127 3932 abicies·

72 3933 174 3986 prorsus
192 3926 318 3980 permutat.
828 3918 834 3931 '

122 3986 148 4048 5)
170 3986 262 4034 Abstine
283 3991 305 4034 te
324 4000 348 4048 p.
369 3982 464 4033 Contine
482 3991 503 4033 te
522 3984 571 4032 Vnt
727 3981 804 4030 nanu.
823 3981 850 4030 ll.
888 3984 913 4042 1)
931 3980 1112 4034 boninemPal.

122 4055 149 4112 6)
172 4060 193 4100 et
211 4055 250 4114 (oc
270 4053 324 4100 bene
342 4050 392 4099 Vct.
723 4048 751 4110 2)
770 4049 886 4099 audiendo
903 4050 954 4099 Pal.

127 4119 156 4182 1)
174 4118 222 4167 cn.
240 4118 350 4168 nntiocb.
369 4119 432 4166 bom.
453 4117 493 4167 98.
723 4114 750 4178 3)
769 4115 842 4177 pleno
859 4118 949 4167 eratin
969 4115 1017 4164 Pal.

123 4185 150 4247 8)
168 4187 235 4235 donis
254 4201 274 4234 c.
294 4185 342 4234 Pal.
360 4185 411 4232 Vnt.
430 4182 487 4231 Feb.
499 4183 533 4231 St.
552 4189 576 4229 et
587 4180 640 4228 Cot
724 4181 752 4244 4)
769 4189 795 4230 nt
815 4182 864 4232 rat.

73 4247 143 4300 :le
160 4253 217 4303 τῶν
236 4248 319 4303 ἰδίων
335 4242 511 4326 disperpiderunt
522 4246 640 4308 dutiocb,
726 4249 753 4312 5)
771 4243 1142 4600 lambitat
1153 4247 1239 4309 siglam

74 4320 139 4367 bonis
157 4317 210 4366 uer.
230 4334 250 4366 e.
261 4316 387 4367 Gallaudio
407 4322 486 4363 rnrrus
497 4311 573 4362 Codd.
591 4313 640 4363 Lo·
674 4330 702 4378 qe
718 4322 777 4378 post
793 4316 809 4364 d
1069 4342 1079 4367 ι

73 4398 115 4433 cus
133 4383 254 4434 mutilatus
273 4385 298 4433 in
317 4383 355 4434 ed.
376 4381 440 4432 Cler.
461 4395 481 4430 ι.
502 4381 573 4434 1724.
726 4382 753 4446 o)
770 4386 836 4444 penu
