2886 4882
309 241 432 300 tonanti
454 241 615 299 EPlS'lOlb
636 242 678 297 ΑΙ)
698 241 868 301 EPllESlOS.
898 240 951 298 llll.
980 240 1045 298 lllll.
1209 237 1265 298 139

90 410 244 464 rectionem
268 410 367 482 ipsius3
398 411 525 476 maxime,
557 410 580 465 si
603 409 731 464 Pominus
754 409 820 464 milri
841 407 1012 475 revelaverit,
1046 405 1119 479 qnod
1153 422 1200 462 vos
1232 406 1266 462 ad

89 509 177 547 onum
200 509 294 548 omnes
316 493 472 548 nominatim
501 510 550 566 per
580 493 690 566 gratiam
713 491 862 547 convenitis
892 491 919 545 iu
942 507 996 547 noa
1018 489 1071 546 lide
1099 497 1127 545 et
1154 489 1180 543 in
1212 505 1265 545 nno

91 575 156 630 lesn
179 575 287 630 Cbristo
306 577 413 649 —qni
437 577 586 632 secundum
607 592 715 632 carnem
738 593 770 630 en
792 591 890 647 genere
914 573 1003 639 David,
1027 572 1097 628 lilius
1118 579 1160 627 est
1182 573 1266 628 homi·

92 660 137 712 nis
160 666 188 712 et
211 658 281 714 lilius
301 660 347 715 Dei
361 687 403 697 —
420 667 449 714 ut
463 658 597 715 obediatis
621 659 752 733 episcopo
777 666 804 713 et
825 657 996 732 presbyterio
1016 665 1106 711 nieme
1125 654 1266 722 indivulsa,

91 742 250 814 frangentes
270 759 367 815 panem
389 759 479 808 noum,
503 743 548 814 qni
570 739 960 816 pbarnnacumimmortalitatis
981 747 1029 807 est,
1052 738 1209 806 antidotum,
1231 756 1265 796 ne

92 826 251 893 moriamur,
273 826 321 882 sed
343 826 461 881 vivamus
483 842 592 899 semper
614 825 640 880 in
661 826 722 881 lesu
744 825 861 880 Christo.

93 983 123 1030 et
143 975 354 1032 resurreetione.
395 976 559 1033 Praesertim
586 977 608 1032 si
632 975 761 1032 Dominus
790 974 856 1030 mibi
879 971 1050 1039 revelaverit,
1074 973 1148 1045 qnod
1171 988 1266 1028 omues

93 1058 194 1113 viritim
222 1074 253 1113 ac
281 1058 438 1115 nominatim
469 1060 494 1115 in
518 1060 654 1116 communi
677 1059 762 1133 gratia
785 1055 989 1131 congregamini
1019 1056 1046 1111 in
1076 1071 1128 1111 una
1157 1053 1210 1110 lide
1240 1062 1267 1111 et

94 1143 121 1196 in
145 1140 207 1196 lesu
229 1141 347 1208 Christo,
370 1143 487 1199 oriundo
508 1144 658 1199 secundum
681 1159 791 1199 carnem
813 1155 967 1214 exgenere
989 1138 1079 1205 Pavid,
1103 1135 1159 1194 lilio
1181 1138 1267 1194 bomi-

94 1225 137 1279 nis
167 1233 194 1278 et
222 1223 276 1280 filio
299 1225 360 1292 nei,
389 1233 418 1281 ut
440 1226 572 1282 obediatis
598 1244 646 1281 vos
669 1225 804 1299 Episcopo
834 1233 862 1280 et
888 1222 1114 1297 Presbyterorum
1143 1221 1266 1295 collegio,

94 1315 185 1363 mente
206 1307 338 1363 indivulsa
362 1326 443 1365 nnrnn
465 1325 561 1383 pancnr
585 1310 756 1382 frangentes,
780 1309 825 1380 qni
849 1315 892 1363 est
911 1306 1136 1362 medicamentum
1159 1305 1266 1360 immor·

93 1389 217 1457 talitatis,
248 1390 413 1459 antidotum,
441 1408 475 1448 ne
505 1393 665 1461 moriamur,
702 1392 751 1448 sed
781 1399 811 1448 ut
839 1397 972 1465 perpetuo
1002 1389 1120 1445 vivamus
1148 1389 1176 1444 in
1205 1387 1266 1445 lesu

93 1473 211 1529 Christo.

436 1622 500 1681 xxt
546 1625 630 1683 Orate
646 1644 700 1700 pro
722 1642 765 1681 me
785 1633 809 1680 et
830 1624 927 1681 eatae.

178 1739 230 1795 Vos
254 1758 314 1796 mea
335 1741 399 1796 mibi
422 1743 508 1798 anima
531 1744 651 1800 cariores
675 1742 772 1809 babeo,
795 1747 865 1796 utet
887 1739 970 1809 illum,
993 1755 1073 1813 quern
1087 1737 1120 1795 ad
1134 1740 1268 1798 bonorem

95 1824 141 1881 llei
164 1823 276 1880 misistis
298 1823 454 1897 Smymrm,
478 1826 549 1883 unde
572 1836 600 1881 ct
621 1825 713 1882 scribo
735 1824 822 1891 vobis,
844 1825 943 1897 gratias
965 1840 1049 1897 agens
1065 1823 1186 1891 Domino,
1209 1823 1267 1880 dili·

95 1922 162 1982 gcns
185 1905 373 1981 Polycarpum,
396 1917 426 1964 ut
446 1916 473 1966 et
495 1927 550 1966 vos.
573 1909 747 1966 blemineritis
768 1909 832 1976 mei,
854 1907 925 1964 sicut
945 1915 973 1964 et
993 1907 1076 1963 vestri
1100 1906 1174 1963 lesus
1194 1907 1268 1964 Cbri·

95 1998 162 2046 stns.
185 1989 263 2045 Orate
287 2008 336 2064 pro
357 1991 485 2060 ecclesia,
517 2009 585 2066 iprae
608 1999 650 2048 est
671 1992 696 2047 in
721 1990 807 2065 Syria,
832 1990 902 2047 unde
925 1990 1030 2047 vinctus
1052 1990 1162 2046 llomam
1184 1988 1269 2047 abdu·
1300 1976 1313 2000 ’

95 2089 160 2140 cor,
195 2073 356 2128 novissimus
390 2074 507 2131 fidelium
531 2092 625 2131 corum
654 2075 700 2148 qui
723 2075 759 2130 ibi
782 2083 861 2141 sunt,
884 2091 945 2128 curn
968 2073 1066 2146 dignus
1089 2073 1139 2128 sim
1162 2071 1268 2130 babitus

96 2156 211 2212 inveniri
233 2156 265 2210 ad
289 2157 420 2213 honorem
443 2159 498 2214 Pei.
542 2158 632 2214 Valete
654 2159 680 2213 iu
704 2159 760 2215 lieo
783 2166 858 2231 patre
882 2165 909 2214 et
932 2156 957 2212 in
980 2156 1040 2213 lesu
1057 2156 1172 2221 Clrristo,
1197 2173 1268 2214 com·

95 2241 169 2295 muni
192 2255 240 2311 spe
260 2248 362 2296 nostra.
1095 2233 1099 2242 '

180 2381 268 2445 *llllL
313 2389 366 2446 llos
393 2408 453 2447 mea
475 2391 539 2446 mibi
562 2391 649 2447 anima
664 2391 784 2447 cariores
807 2390 904 2458 babeo,
927 2397 1005 2446 utet
1026 2389 1108 2456 illum,
1131 2405 1210 2460 quem
1233 2389 1267 2447 ad

96 2472 230 2528 honorem
252 2472 298 2528 llei
320 2474 431 2529 misistis
454 2475 604 2547 Smyrnam,
625 2474 696 2530 unde
718 2479 746 2529 et
766 2475 858 2529 scribo
882 2473 967 2539 vobis,
990 2473 1089 2546 gratias
1113 2488 1195 2543 ageos
1218 2473 1268 2527 llo·

96 2556 179 2621 mino,
203 2562 230 2611 et
251 2555 366 2628 diligens
389 2556 575 2631 Polycarpum,
598 2557 669 2612 sicut
689 2564 717 2612 et
737 2572 793 2611 vos.
837 2555 970 2613 llenrores
992 2563 1079 2611 estote
1101 2555 1169 2620 mei,
1200 2556 1271 2611 sicut

98 2647 125 2693 ct
147 2639 228 2694 vestri
252 2637 327 2695 lesus
350 2639 481 2695 Christus.
524 2639 606 2696 Orate
638 2656 687 2714 pro
709 2639 846 2704 Ecclesia,
877 2656 947 2714 qnae
969 2646 1011 2695 est
1033 2639 1059 2693 in
1082 2636 1175 2710 Syria,
1198 2637 1270 2694 unde

98 2721 205 2777 rinctus
232 2721 342 2777 llomam
364 2722 500 2790 abdncor,
530 2723 692 2779 novissimus
717 2721 851 2791 fidelium,
881 2724 927 2796 qni
950 2722 987 2779 ibi
1017 2728 1095 2787 sunt,
1125 2720 1214 2794 qualis
1235 2718 1269 2776 ad

98 2804 231 2860 honorem
254 2804 300 2860 liei
322 2805 436 2861 inveniri
458 2807 554 2862 merui.
585 2804 674 2861 llalete
697 2807 723 2861 in
747 2806 802 2863 neo
825 2807 904 2863 Patre
927 2814 954 2863 et
975 2805 1036 2863 lesu
1059 2805 1176 2873 Christo,
1197 2819 1269 2861 com·

97 2887 172 2943 muni
194 2904 244 2962 spe
266 2896 367 2943 nostra.

99 3186 236 3236 Onesimum
254 3187 402 3250 episcopum,
421 3184 444 3232 in
462 3198 510 3247 quo
526 3191 574 3233 tota
587 3183 667 3247 Ephe·
702 3184 820 3233 Graztani.
857 3185 965 3247 Semper,
985 3190 1010 3232 nt
1028 3190 1108 3233 monet
1130 3183 1193 3241 tter,
1212 3196 1270 3232 coa·

98 3254 306 3303 siorumecclesia
341 3251 428 3301 nodam
440 3251 667 3313 modoapudlgna-
701 3252 846 3314 iungendum
871 3251 917 3300 erit
945 3265 997 3299 crim
1029 3250 1185 3300 antecedente
1224 3246 1273 3300 da-

98 3322 155 3370 tium
173 3336 289 3385 praesens
311 3268 401 3369 altrat.
701 3315 824 3387 δεμένος.

148 3390 175 3449 31
194 3390 240 3437 καὶ
258 3386 418 3451 praetermisit
429 3386 481 3435 llel.
500 3385 579 3435 invitis
590 3386 666 3435 Codd.
752 3388 779 3449 5)
797 3383 944 3455 ἓῤῥωσθεν
962 3385 987 3433 C.

149 3456 176 3517 l)
191 3451 281 3523 ὅσπερ
298 3454 424 3517 interpol,
447 3455 525 3518 poetis
544 3454 574 3501 aa
591 3454 666 3502 leno·
751 3455 780 3509 6)
797 3452 987 3503 lned.Vossiana
1000 3452 1159 3503 subscribitur
1170 3453 1272 3505 ΠΡΟΣ

99 3539 148 3572 rem
163 3523 208 3572 oet
224 3525 323 3572 ioreniri
343 3523 416 3571 onerat
435 3521 551 3579 Hotsren,
570 3522 668 3570 siccome
701 3521 913 3573 ΕΦΕΣΙΟΥΣ
933 3519 1209 3584 NiltalequidinCodd.
1222 3520 1273 3571 CL.
