2886 4882
134 256 159 307 x
593 247 851 305 acolanorum.

137 405 319 469 Christianos
341 410 459 483 spectat.
494 404 618 469 Constat
637 407 714 467 emm
735 408 811 471 inter
825 430 935 484 omnes,
958 409 1065 471 miiltus
1082 416 1162 471 extra
1176 409 1314 471 Palaesti-

137 507 204 553 nam
232 486 373 553 Etlmicos
400 488 553 552 aemulas
582 489 779 553 ordinationes
800 494 942 555 blosaieas
963 492 1161 565 observasse,
1175 491 1216 553 uti
1236 485 1315 554 ἐκλε-

136 568 244 639 maol.
286 568 378 631 Huius
406 578 508 632 coetus
534 573 671 637 nuuuues
697 581 763 635 ante
793 576 894 637 oculos
917 575 1048 648 babebat,
1078 575 1126 654 qm
1150 575 1268 654 scripsit
1288 595 1313 635 e

137 651 409 730 a,110s.similiter
430 659 585 717 anantes‘.
615 656 674 719 Nec
694 656 810 730 anunm,
832 659 911 737 aptiori
932 667 1034 720 auctor
1055 659 1168 718 adamat
1189 676 1314 737 praeque

136 737 242 804 ceteris
264 733 343 797 lubet
366 735 532 799 istiusmodi
551 757 677 817 gnoseos
698 740 836 819 exnnplis
850 741 1012 818 Epistulam
1034 741 1063 800 in
1081 739 1225 818 allegoriis
1241 760 1312 801 eriu-

128 818 263 885 eleanan
284 837 344 881 non
366 818 430 880 sine
450 819 574 881 artificio
594 821 745 895 resarcire,
770 840 872 884 vortunt
893 824 928 884 ad
952 843 1048 884 rerum
1068 822 1210 901 originem
1232 823 1313 902 epitasi

135 901 368 984 permanentium
399 902 594 965 delinimentis
632 904 768 981 gestiens.
817 906 889 966 Hinc
918 905 1094 984 disparilitas
1116 913 1179 966 urta
1200 906 1231 966 in
1251 905 1312 966 dis—

136 986 279 1065 ceptando
306 1005 339 1046 ac
366 984 475 1063 singola
503 987 716 1064 pertractando.
766 989 833 1049 Fuit
865 997 960 1049 autem
989 988 1018 1048 id
1040 989 1181 1066 temporis
1203 987 1312 1066 grauis-

136 1069 222 1142 simo,
242 1088 278 1129 nc
299 1068 393 1130 dicam
413 1068 498 1131 unica
519 1068 648 1148 quaestio
670 1068 725 1142 illa,
749 1071 818 1150 quid
839 1070 1019 1131 auctoritatis
1040 1076 1118 1129 esset
1139 1070 1228 1130 veteri
1249 1072 1312 1132 luc-

135 1151 199 1213 deri
227 1151 257 1211 in
285 1150 445 1228 evaugebo,
474 1159 629 1230 postquam
656 1152 744 1214 Paulo
770 1154 910 1232 Apiostolu
932 1160 1087 1230 praeeunte
1109 1152 1184 1211 leand
1204 1152 1313 1214 leuibus

134 1233 315 1311 argumentis
344 1232 391 1295 alii
419 1234 462 1293 usi
491 1235 603 1295 inerant
631 1234 668 1294 ad
689 1234 900 1296 immmritatem
921 1235 984 1295 citis
1003 1254 1020 1295 a
1040 1234 1103 1311 lege
1124 1232 1312 1312 probandam.

134 1315 242 1377 Bostar
265 1323 375 1385 annm,
404 1317 550 1394 mornado
572 1317 636 1379 lieri
656 1325 767 1395 potest,
795 1337 858 1379 eam
886 1319 943 1378 iarn
964 1315 1112 1377 ci⁷anuisse
1134 1334 1199 1377 enm
1220 1317 1311 1379 ratiu-

136 1397 260 1459 cinando
283 1397 381 1471 donet,
405 1405 465 1459 tum
484 1400 603 1478 propria
624 1418 675 1461 sua
697 1400 740 1461 via
761 1401 914 1461 ostendere
936 1407 1064 1462 curratur.
1106 1398 1242 1472 Quannis
1263 1399 1311 1461 ln-

129 1479 251 1559 .daismu
272 1480 379 1543 ballum
401 1479 508 1543 indicat
531 1481 561 1542 in
574 1482 826 1545 tllrristianismmn
847 1481 1056 1561 subreptitanti,
1078 1500 1167 1560 aeque
1190 1481 1219 1541 in
1241 1481 1314 1542 alios

129 1562 355 1637 animaduertit,
381 1563 431 1625 sed
453 1564 590 1627 nonnisi
611 1564 715 1628 leniter
736 1567 871 1638 hortans,
894 1585 1030 1637 irretiens,
1047 1564 1191 1635 suadens,
1214 1563 1313 1624 obiur-

136 1664 224 1725 gans,
252 1647 300 1727 qui
330 1645 421 1709 solius
442 1647 509 1707 fidei
530 1646 733 1709 iustificatione
755 1649 820 1710 elati
842 1649 927 1709 burris
949 1647 1208 1726 aequoribusparum
1228 1664 1311 1705 vaca-

137 1736 206 1789 runt
226 1727 262 1805 (c.
285 1727 326 1805 4),
349 1729 494 1807 sequioris
512 1730 651 1791 nimirum
674 1731 864 1792 Gnostieismi
885 1748 1097 1809 praecursores.
1128 1729 1207 1789 luter
1228 1729 1315 1791 lrascc

137 1808 210 1871 ditas
229 1819 328 1888 partes
348 1820 449 1873 auctor
469 1820 578 1874 rectam
598 1812 699 1873 salutis
720 1813 852 1875 serrritam
876 1813 1058 1877 sternendam
1081 1819 1170 1873 curat.

148 1946 161 1961 ..
222 1894 250 1958 3.
286 1895 350 1966 Quo
379 1901 511 1973 terrrpore
531 1894 663 1973 Epistola
685 1895 793 1975 scripta
814 1897 913 1968 luerit,
941 1915 1001 1956 riou
1022 1895 1120 1974 liquet.
1163 1894 1313 1954 ieiunita-

135 1993 205 2043 urna
217 1975 446 2054 Hierosolymam
469 1997 606 2049 euersam,
628 1980 768 2057 templum
781 1979 967 2050 destructum,
990 1979 1161 2039 ludaeorum
1176 1976 1312 2056 populum

136 2077 155 2125 a
181 2057 323 2121 Romanis
342 2058 523 2139 'ilcbdlatum
552 2079 624 2122 non.
640 2061 773 2139 allabigus
800 2061 961 2140 significant
988 2059 1052 2123 rbb
1082 2058 1119 2135 (c.
1141 2058 1189 2138 4);
1231 2078 1313 2133 ,amn

137 2139 268 2205 videritis
296 2149 374 2201 taran
400 2141 481 2220 sigeia
510 2153 540 2204 et
567 2152 699 2205 rrioustra
727 2144 757 2203 in
782 2144 889 2222 populo
919 2143 1101 2214 lmlaeonnm
1129 2150 1159 2203 et
1186 2141 1227 2203 sic
1248 2140 1314 2203 illos

138 2222 296 2302 dcrcliquil¹
317 2223 485 2286 Bnminns“.
525 2227 584 2287 Nec
605 2225 660 2287 alia
680 2235 851 2287 eraarrantur
877 2246 901 2285 c.
926 2226 977 2287 16:
1009 2220 1074 2285 Διὰ
1093 2216 1153 2303 γὰρ
1173 2216 1209 2285 τὸ
1227 2224 1315 2285 πολε-

136 2306 205 2385 μεῖν
234 2298 351 2378 αὐτοὺς
383 2301 549 2410 καθῃρέθη
575 2299 638 2369 ὑπὸ
669 2307 733 2368 τῶν
761 2301 903 2387 ἐχθρῶν·
928 2307 989 2370 νῦν
1015 2302 1067 2369 καὶ
1088 2299 1180 2368 αὐτοὶ
1201 2303 1232 2369 οἱ
1251 2305 1315 2367 τῶν

137 2383 262 2468 ἐχθρῶν
287 2382 438 2536 cappiano
464 2383 770 2491 uvotxodopqoovotn
798 2385 903 2452 αὐτόν.
950 2384 1052 2452 Πάλιν
1078 2381 1121 2462 ὥς
1147 2383 1273 2470 ἤμελλεν
1294 2380 1315 2467 ἡ

138 2466 227 2544 πόλις
254 2468 308 2535 καὶ
383 2468 460 2547 ναὸς
486 2471 539 2538 καὶ
564 2466 582 2536 ὁ
603 2476 682 2546 λαος
700 2466 822 2553 Ἰσραὴλ
843 2472 1090 2552 παραδίδοσθαι,
1119 2466 1314 2553 ἐφανερώθη.

138 2557 215 2629 Eos,
241 2558 278 2618 ad
298 2577 373 2636 quos
394 2559 523 2638 Epistola
545 2559 611 2621 data
632 2559 695 2629 luit,
717 2558 880 2636 grauissimi
903 2558 978 2619 illius
1000 2557 1112 2629 iudicii,
1135 2577 1192 2636 quo
1213 2556 1314 2619 bomi-

139 2659 194 2713 nus
215 2639 386 2721 lutlaeonmi
411 2642 549 2721 populum
577 2640 710 2703 iudicarit
739 2660 898 2719 eormntpie
917 2640 1058 2701 excidium
1081 2639 1247 2717 complevit,
1270 2646 1313 2699 te-

128 2731 200 2789 sies
222 2721 318 2796 luisse,
340 2742 374 2785 cx
394 2725 483 2785 modo
505 2723 617 2784 dicendi
639 2726 696 2785 c.4
719 2722 871 2800 colligitur.
893 2725 966 2782 Eum
981 2721 1215 2799 persecutionum
1232 2739 1314 2780 irren-

138 2805 183 2873 tio
202 2806 254 2869 liat
273 2806 365 2877 nulla,
398 2805 553 2868 verisimile
574 2813 635 2877 est,
660 2823 722 2864 eam
745 2813 812 2865 ante
832 2803 957 2865 l'linitmi
978 2804 1009 2865 in
1030 2803 1163 2882 Bithynia
1182 2803 1314 2865 l'rocou-

138 2887 231 2955 sulem
251 2888 341 2951 inisse
362 2889 508 2968 scriptam.

152 3020 156 3034 .
221 2973 251 3033 4.
280 2970 406 3035 Levibus
431 2971 588 3033 admodum
616 2969 793 3049 argumentis
820 2977 953 3040 utuntur,
979 2968 1070 3031 nonio
1092 2968 1234 3039 futilibus,
1265 2969 1314 3048 qm

138 3053 245 3119 veteris
265 3053 429 3115 traditionis
450 3053 569 3132 vestigia
591 3050 787 3135 prementes⁶)
807 3051 988 3122 Barnabam,
1010 3051 1087 3114 Pauli
1108 3051 1241 3130 Apostoli
1262 3071 1313 3112 so-

138 3136 245 3209 dalem,
273 3135 420 3215 Epistulae
440 3145 588 3197 auctorem
610 3153 675 3197 csse
696 3133 792 3196 velint.
836 3134 929 3195 Tutus
949 3133 1026 3195 enim
1048 3134 1186 3195 tractandi
1210 3134 1314 3196 modus

140 3238 248 3299 resque
282 3219 360 3297 ipsae
396 3227 588 3299 pertractatae
624 3225 726 3279 corrtra
752 3236 804 3278 cos
834 3216 990 3277 clanritant.
1036 3215 1192 3295 Barnabas
1217 3216 1314 3279 levita

141 3301 236 3381 Capro
260 3300 430 3380 oriundus⁰)
457 3303 529 3380 legis
551 3300 693 3361 llosaicac
714 3299 778 3379 plus
799 3318 901 3377 expers
923 3319 988 3361 essa
1009 3299 1143 3370 debebat,
1175 3318 1260 3379 ipram
1281 3304 1314 3359 aa

139 3403 165 3447 c.
187 3386 204 3445 7
227 3384 295 3447 el8
328 3384 429 3446 elucet.
472 3386 571 3464 Neque
597 3384 633 3443 de
659 3381 740 3462 Syris
768 3382 847 3444 idem
874 3382 1065 3452 rerttlitassct,
1094 3381 1314 3443 circumcisione

138 3486 191 3527 cos
220 3467 277 3528 uti:
304 3466 333 3527 id
362 3467 440 3546 quod
468 3487 500 3527 cx
529 3487 563 3528 oo
590 3473 723 3545 ternpore
750 3465 853 3525 molius
881 3464 1027 3542 cognitum
1056 3463 1161 3522 lialrere
1184 3462 1312 3535 debebat,

139 3569 196 3629 qno
218 3550 281 3631 ipse
303 3568 368 3611 cnm
390 3551 477 3612 Panlo
501 3549 642 3629 Apostolo
664 3547 835 3608 Antiochiae
856 3543 1070 3623 inurebatur.¹⁰)
1110 3546 1312 3614 Certurerum,

159 3651 210 3694 nas
239 3632 322 3705 dicit,
352 3633 503 3695 scientiam
524 3630 744 3710 doctrinamque
765 3631 904 3709 plurimu,
937 3648 1022 3708 (quiam
1043 3646 1095 3707 par
1117 3627 1170 3699 sit,
1201 3626 1311 3688 auctori

138 3651 241 3777 besse
260 3715 414 3778 laterrdum.
451 3715 592 3791 Quocirca
620 3714 677 3775 iam
697 3713 731 3774 H.
752 3712 921 3785 blenardm,
949 3710 1061 3790 primus
1084 3710 1229 3789 Epistulae
1250 3711 1311 3772 etli-

139 3856 348 3866 --.—-—.-—-

191 3932 218 3994 a)
236 3932 252 3980 l.
277 3929 387 3986 l'ussins,
419 3927 495 3976 Notae
525 3927 554 3975 ad
584 3926 707 3974 Barnabae
742 3928 873 3976 Commeat.
909 3925 938 3974 de
968 3922 1089 3973 arrtlrunlin
1119 3923 1162 3986 Ep.
1181 3922 1311 3971 Barnabae.

138 3997 248 4061 Apostoli
271 3995 405 4058 Epistulam
430 3994 574 4043 ratlrulieam
593 4007 617 4054 p.
635 3993 707 4052 31th
741 3994 843 4042 llalniae
858 3992 937 4054 1828;
956 3992 1048 4040 Franlc
1066 3991 1089 4038 in
1108 3990 1211 4038 Gumiltc
1229 3997 1252 4036 ct
1265 3989 1312 4036 Bu-

139 4066 166 4114 1..
186 4066 212 4114 E.
228 4063 314 4126 llupin,
332 4061 391 4110 Bibl.
411 4061 453 4107 des
472 4068 567 4108 aiulcurs
586 4066 630 4107 etr.
649 4059 675 4106 T.
691 4060 707 4107 l.
743 4059 844 4108 delbarh
863 4058 1000 4107 Zeilsrlrritt
1018 4059 1056 4106 liar
1074 4057 1132 4105 lntb.
1146 4056 1311 4105 lucullano.

139 4146 163 4192 p.
185 4134 200 4178 ll
216 4147 268 4194 sq.;
293 4131 319 4178 N.
343 4127 459 4177 nourrius
489 4128 513 4175 in
538 4133 653 4188 apparatu
678 4126 708 4173 ad
742 4129 800 4176 tusc.
818 4127 841 4175 2.

139 4197 200 4245 bibl.
218 4213 278 4246 max.
295 4197 338 4245 PP.
359 4195 411 4243 T.l.
431 4194 491 4242 lliss.
503 4194 541 4254 3.;
560 4191 709 4250 Gallandins,
794 4192 821 4256 tl)
839 4195 889 4241 llrt.
907 4193 932 4250 4,
950 4192 983 4242 36
996 4207 1049 4254 sqq.

139 4263 255 4312 Biblret.
266 4265 361 4312 Patrmn
373 4261 424 4310 T.l.
435 4261 528 4322 Broleg.
541 4259 708 4324 p..llllllsqq.;
796 4259 838 4323 tu)
856 4262 905 4309 llct.
926 4260 965 4320 ll,
982 4258 1022 4308 22.
1040 4259 1093 4320 25.;
1115 4258 1153 4317 15,
1173 4257 1250 4322 2sqq.
1260 4256 1312 4306 Gal.

140 4329 231 4386 Henlre,
249 4331 278 4377 dc
300 4329 431 4392 Epistulae,
450 4345 511 4392 qnae
526 4325 648 4375 Barnabae
667 4325 709 4374 tri·
743 4327 767 4388 2,
789 4327 811 4378 l.
831 4327 854 4376 9.

140 4394 239 4454 buitur,
259 4396 389 4447 authentia.
412 4397 464 4447 Jen.
484 4395 572 4458 taam
597 4391 710 4453 nortem,
