2886 4882
267 235 395 297 tantm
415 237 578 296 sersaoni
598 239 641 297 tii)
662 237 859 299 discustos.
888 240 941 301 iil.
964 240 1031 301 Viil.
1050 241 1093 301 iX.
1209 240 1268 303 147

86 406 183 478 itaque
203 402 278 461 veint
299 404 326 459 in
347 421 430 460 unum
453 405 582 478 tempium
595 406 641 462 fici
664 407 829 477 concurrite,
850 407 923 464 veiut
935 409 968 465 ad
983 426 1066 466 unum
1081 410 1171 480 altare,
1193 412 1266 469 veint

85 488 121 543 ad
145 504 232 544 unum
243 486 332 545 iesum
346 486 491 550 Christum.
513 489 560 562 qni
582 489 614 545 ab
637 507 691 547 nno
713 499 790 565 patre
812 491 945 564 procedit,
969 494 1050 549 etad
1073 511 1155 551 unum
1177 512 1266 553 rever·

86 589 138 627 sus
160 578 213 639 est,
234 578 262 627 ct
283 587 344 626 cnm
366 588 421 627 nno
441 581 606 644 perseverat.

87 724 173 779 nnius
196 723 225 778 in
247 721 379 796 tempium
401 720 448 778 iiei
469 723 643 793 concurrite,
667 732 697 779 nt
716 723 750 779 ad
772 740 854 780 unmn
877 723 977 791 aitare,
999 733 1030 780 ut
1058 725 1093 782 ad
1121 744 1203 783 unum
1228 727 1265 787 ie·

87 822 152 861 snm
173 804 328 874 Christum,
351 804 384 861 aii
406 822 460 862 uno
482 806 561 863 Patre
583 807 780 881 procedentem
802 814 830 864 et
851 808 1012 865 existentem
1034 809 1060 865 in
1082 826 1152 878 nno,
1175 818 1203 866 et
1224 828 1266 868 re·

89 889 223 946 denotem
244 888 279 945 ad
300 906 391 945 unum.

309 1038 376 1096 Viii.
419 1040 517 1095 Cavete
538 1057 558 1095 n
578 1039 661 1112 [nisis
683 1040 815 1096 doctrinis
836 1039 1052 1097 fudaizuntr'um.

175 1155 215 1211 Ne
235 1154 402 1212 seducamini
423 1156 518 1212 alienis
539 1155 680 1223 doctrinis,
703 1172 791 1229 neque
816 1157 953 1213 veteribus
975 1155 1087 1225 faiiuiis,
1110 1174 1179 1230 quae
1202 1166 1265 1215 sunt

89 1237 213 1295 inntiies.
236 1235 264 1294 Si
286 1239 356 1294 enim
379 1238 468 1295 adimo
488 1239 560 1295 inita
574 1231 685 1313 [legem]
703 1239 867 1296 Iudaismum
881 1241 1002 1305 vivimus,
1025 1239 1194 1309 confitemur,
1214 1258 1265 1298 noa

89 1322 208 1396 gratiam
226 1338 282 1377 non
303 1323 450 1396 accepisse.
495 1322 656 1378 divinissimi
677 1338 793 1395 namque
815 1324 964 1397 prophetae
987 1325 1057 1380 iusta
1079 1324 1167 1380 iesum
1190 1325 1265 1382 Cirri-

90 1413 166 1461 stnm
188 1406 319 1462 vixenrnt
341 1405 381 1460 Oiv
404 1406 457 1462 hoc
479 1414 507 1462 et
528 1406 746 1479 persecutionem
764 1407 838 1479 passi
861 1415 941 1475 sunt,
964 1408 1050 1479 gratia
1072 1408 1159 1481 ipsius
1181 1408 1264 1481 inspi·

90 1489 152 1557 rati,
174 1496 212 1557 nt,
235 1489 281 1562 qni
302 1497 380 1544 erant
400 1489 548 1556 increduii,
572 1488 638 1544 certi
671 1487 853 1545 redderentur
875 1489 948 1561 quod
969 1506 1038 1546 unvrs
1060 1491 1096 1547 sit
1116 1490 1196 1558 fieus,
1220 1491 1266 1564 qni

90 1572 215 1646 seipsum
237 1570 446 1628 manifestaverit
467 1589 516 1646 per
539 1571 626 1627 iesum
648 1571 783 1628 Christum
807 1570 890 1627 fiiium
913 1589 1001 1639 snum,
1023 1574 1069 1645 qui
1092 1581 1134 1630 est
1148 1573 1266 1631 Verbum

91 1655 152 1711 eins
176 1662 323 1723 aeternnm,
345 1655 505 1730 noneSige
527 1653 715 1729 progrediens,
739 1655 840 1727 quique
864 1656 891 1711 in
913 1653 1038 1711 omnibns
1054 1657 1088 1725 ei,
1111 1657 1158 1729 qui
1176 1658 1265 1731 ipsum

91 1738 215 1805 miserat,
237 1737 406 1810 complacuit

177 1882 274 1943 *vlit
315 1885 354 1943 Ne
376 1887 543 1945 seducamini
565 1887 640 1944 falsis
673 1886 863 1961 opinionibus,
894 1904 982 1961 neque
1010 1887 1107 1945 fahniis
1138 1889 1266 1964 antiquis,

93 1987 166 2045 qnae
199 1970 266 2026 nniii
293 1969 365 2026 hona
393 1981 464 2027 sunt.
506 1971 534 2027 Si
562 1972 633 2027 enim
661 1971 750 2026 adhuc
772 1972 844 2027 iuxta
866 1969 952 2044 legem
974 1971 1083 2028 indaico
1106 1989 1181 2029 more
1205 1973 1266 2029 vivi·

92 2071 171 2122 mus,
194 2053 308 2110 fatemur
328 2069 379 2109 nos
402 2071 457 2111 non
479 2056 621 2129 occepisse
643 2055 763 2128 gratiam.
806 2054 909 2111 Etenim
930 2054 1090 2111 divinissimi
1112 2054 1265 2130 Prophetae

93 2136 246 2194 secundnm
268 2136 404 2193 Christum
427 2136 515 2194 iesum
539 2139 675 2205 vixerunt,
697 2138 813 2211 ideoque
843 2139 1062 2211 persecutionem
1091 2139 1165 2210 passi
1194 2146 1266 2208 snut,

93 2219 183 2294 vatia
204 2220 264 2276 eius
285 2219 423 2293 inspirati,
447 2229 551 2277 utnon
576 2221 720 2278 credontes
741 2221 821 2294 piena
844 2219 897 2276 fide
920 2219 1074 2288 crederent,
1096 2220 1171 2293 quod
1194 2238 1265 2278 nnus

94 2302 168 2360 fieus
201 2311 255 2371 est,
291 2302 337 2374 qni
375 2302 554 2360 manifestavit
591 2303 767 2375 semetipsum
804 2319 854 2374 per
882 2303 970 2359 iesum
1005 2302 1143 2358 Christum
1178 2302 1264 2360 fiiinm

92 2403 189 2456 snum,
212 2387 257 2459 qni
276 2392 319 2442 est
339 2385 451 2456 verbnm
474 2388 560 2462 ipsius
582 2395 737 2452 aeternum,
756 2401 811 2440 non
834 2401 866 2440 ex
888 2383 996 2441 silentio
1024 2383 1194 2457 procedens,
1218 2385 1265 2457 qui

93 2486 148 2544 per
168 2471 258 2526 omnia
279 2467 351 2526 hene
372 2468 472 2543 piacuit
493 2471 532 2535 ei,
556 2470 603 2543 qni
625 2467 698 2524 misit
717 2468 816 2540 ipsum.

462 2618 503 2675 tx.
551 2619 680 2677 i'ioomus
701 2633 763 2673 cum
785 2616 900 2672 Christo.

181 2733 209 2789 Si
230 2733 327 2807 igitur,
356 2735 401 2808 qui
424 2735 450 2790 in
470 2735 555 2791 vctcri
585 2749 676 2789 rorum
700 2732 795 2787 ordine
819 2731 967 2803 degerunt,
1000 2730 1032 2785 ad
1062 2745 1158 2785 novam
1188 2746 1267 2805 spem

20 2877 22 2880 ,
93 2824 287 2892 pervenerunt,
308 2835 363 2874 non
386 2817 502 2891 ampiins
525 2816 664 2873 sabbatum
688 2816 816 2884 colentes,
840 2814 888 2871 sed
910 2815 980 2870 iuxta
996 2813 1157 2870 dominicam
1178 2815 1265 2872 viven·

179 2961 194 2992 *
210 2964 253 3023 iii.
297 2964 325 3022 Si
348 2984 415 3040 ergo
444 2967 477 3034 ii,
500 2966 546 3039 qni
569 2966 596 3021 in
621 2966 734 3022 vetustis
757 2963 840 3021 reims
860 2963 1047 3034 versabantur,
1068 2964 1266 3034 adnovitatem

95 3051 158 3123 spei
180 3057 376 3123 pervenerunt,
399 3066 453 3105 non
476 3048 589 3122 amplius
612 3047 722 3104 sabbata
743 3047 880 3116 coientes,
902 3048 952 3104 sed
973 3065 1024 3122 per
1053 3047 1124 3103 diem
1153 3045 1265 3104 domini·

90 3186 244 3259 Ἅποφάσει
262 3186 362 3248 οὕτως·
384 3186 469 3258 Ὑμῖν
488 3178 538 3240 οὖν
557 3183 664 3254 λέγωᾶ
698 3189 725 3238 ii.
744 3188 782 3236 ed.
800 3188 835 3237 iii.
874 3186 931 3236 inC
950 3202 1032 3237 munus
1051 3202 1135 3237 recens
1154 3187 1268 3238 cracad-

95 3252 340 3327 Myor,oeniypairpor
350 3252 483 3325 ἃγράφω.
502 3254 533 3306 τὸ
545 3251 664 3325 γράμμα
698 3256 809 3318 scripsit:
824 3252 872 3305 Ἐν
884 3250 1047 3338 ἀντιγρᾶφῳ
1066 3256 1268 3324 τετυπωμένῳ·

96 3329 194 3377 τοῦτο·
225 3321 277 3378 δύο
305 3326 360 3377 sini
391 3319 578 3391 nnpnrpvcitfsc
609 3326 666 3374 τῶν
699 3321 731 3380 ὃς
748 3321 826 3373 ἐστιν
843 3319 928 3372 αὑτοῦ
947 3324 1029 3388 loyor
1050 3320 1083 3374 οὐ
1103 3320 1187 3392 ῥητός
1204 3320 1266 3375 ἀλλ’

96 3388 172 3445 ὅλων
188 3389 316 3456 αἰώνων,
332 3387 404 3459 μ’τε
423 3389 510 3457 ἀρχὴν
526 3388 597 3458 μήτε
616 3392 666 3441 πί·
699 3384 846 3452 οὐσιώδης.
875 3387 907 3442 οὐ
924 3384 961 3455 γά
996 3387 1169 3448 foritudinis
1186 3387 1268 3457 furip-

97 3476 150 3579 par
167 3456 296 3577 ἔέονσαι,
320 3410 387 3538 aurp!
402 3461 471 3539 μιᾷς
494 3456 582 3526 ῥίζης,
607 3453 667 3536 sirpe
701 3461 772 3519 dpou
788 3452 911 3524 φώνημα
929 3408 991 3537 rii}
1012 3454 1153 3524 ἐνεργείας
1171 3462 1269 3525 θεινῆς

113 3526 160 3577 στὶ
197 3523 304 3596 ὑναμις,
324 3540 399 3592 atyn,
418 3525 545 3596 ἀορατος,
562 3523 665 3575 dunru-
702 3524 783 3576 nonin
801 3518 926 3591 γεννητή.
948 3519 980 3582 ὃς
999 3519 1102 3575 πάντα.

98 3597 212 3658 inpuros,
231 3632 237 3644 .
256 3632 262 3645 .
283 3590 367 3659 ,ἥτις
384 3591 445 3671 fori
457 3589 564 3661 μεγάλη
581 3587 668 3674 deivoc-
1040 3658 1044 3668 Ι
1142 3653 1148 3672 μ

98 3678 177 3778 iniciis
187 3661 668 3796 giwius&ciiiociiiicniifflmliiriiiebn·
702 3658 829 3774 notitiis.
837 3658 875 3708 lx·
888 3656 1267 3797 intelipobiiltrgimnyggpzz‘o‘rgiz:

101 3800 180 3857 stupor
198 3796 310 3858 (Tubing.
329 3796 402 3847 theoi.
423 3795 585 3853 Ousrtniscirr.
596 3795 667 3844 tusa.
702 3792 812 3842 tisserius
825 3791 926 3841 ivrdaens
943 3794 973 3842 ad
983 3792 1188 3843 Christianismum
1207 3809 1267 3843 con·

101 3863 245 3927 pnttsqq.
260 3864 384 3912 etiinnscn
399 3862 667 3927 (iiippoi.i.p.1f-isq.)
701 3874 783 3908 versos
802 3858 921 3920 inteiligit
954 3861 1087 3910 Pearsonus
1105 3861 1199 3910 confert
1209 3860 1268 3923 Epi·

102 3931 208 3994 quamvis
218 3931 257 3979 iric
271 3930 341 3993 epist
355 3938 460 3979 nostram
472 3930 578 3993 spuriam
592 3938 667 3992 putet
701 3926 814 4010 phanium
847 3935 929 3976 contra
954 3927 1070 3977 Ebionem
1098 3927 1266 3990 disputantem,

102 3997 250 4047 Contradicit
273 3997 424 4059 iiiigenfcid:
449 3998 487 4046 die
518 4005 595 4060 apost
615 3997 665 4046 iat.
700 3989 745 4044 ότι
763 3989 795 4043 ori
830 3991 863 4059 pr'p
884 3996 1058 4064 βαπτισμοῖς
1076 3995 1204 4063 χρῆσθαι
1221 3991 1269 4042 reni

102 4065 193 4127 miii.
228 4065 333 4114 Simonis
350 4065 410 4127 Magi
427 4066 584 4127 fragmentum
602 4064 665 4113 istud
700 4057 797 4112 ἔθεσιν
808 4009 996 4131 §repeterem
1024 4061 1095 4109 iiaer.
1113 4059 1179 4109 iiiiii.
1197 4059 1267 4111 odi.

103 4131 226 4182 tinfirorno
244 4132 259 4181 Ι.
273 4132 330 4196 i.·p.
344 4132 400 4183 299.
418 4133 524 4193 ignotum
541 4138 600 4191 erat,
618 4147 666 4195 qno
701 4129 763 4191 Opp.
784 4128 804 4177 i.
823 4143 846 4190 p.
868 4132 922 4180 145.
941 4129 979 4179 ed.
998 4128 1076 4176 Petav.
1102 4127 1150 4175 icc.

101 4199 190 4250 factum
207 4206 234 4249 nt
249 4199 373 4249 Pearsonii
393 4198 524 4248 sententiae
541 4200 669 4248 nccsdcret
752 4195 778 4258 2)
793 4185 882 4259 ἦλθον
898 4196 916 4247 C
931 4198 957 4256 t,
976 4189 1082 4260 ἤλυθον
1099 4192 1167 4240 Voss.

103 4273 126 4315 et
159 4265 300 4328 uendngeri
334 4266 440 4331 priorem
471 4265 579 4314 iibeiium
608 4265 667 4328 (iiie
752 4264 779 4326 3)
801 4262 933 4328 νυριακὴν
969 4258 1039 4325 ζωὴν
1074 4260 1175 4336 ζῶντες
1205 4257 1267 4309 ct.

101 4333 227 4384 ioohtheit
261 4333 304 4383 des
336 4333 472 4396 bisirerigen
505 4333 590 4382 'fentes
625 4332 668 4381 der
702 4331 832 4379 Praeennte
856 4333 1013 4381 Petermanno
1040 4326 1130 4377 excinsr
1155 4322 1226 4389 ζωὴν
1246 4341 1267 4377 c.

100 4401 149 4463 ign.
177 4402 256 4452 iiriefe
282 4401 370 4466 1849.)
399 4401 486 4451 iniusto
515 4401 668 4463 vituperaret.
700 4405 746 4448 vet.
764 4398 808 4448 int.
825 4404 850 4447 et
865 4399 928 4448 Arm.

1009 4477 1060 4530 10·
