2886 4882
321 224 518 283 llhll‘lh'llthl
541 226 568 282 S.
592 227 724 283 lGNh'lll.
752 227 817 286 xlv.
842 227 894 283 XV.
916 226 980 283 xvi.
1003 225 1079 292 xvu.
1226 222 1282 285 361

114 400 225 468 rogate,
255 394 312 449 dari
341 394 405 449 mihi
431 393 502 449 vires
532 394 637 460 alleo,
668 401 697 448 ιιι
725 409 780 447 non
803 400 903 448 tantum
927 393 1000 447 dicar
1023 393 1206 461 Christianus,
1236 393 1286 449 sed

114 479 193 533 etiam
221 476 341 532 inveniar
370 483 397 531 et
425 476 477 532 dici
506 478 624 548 possim,
661 485 688 531 et
716 484 780 531 tunc
810 475 922 529 videbor
951 491 1012 529 esse
1043 474 1146 542 hdelis,
1177 475 1285 549 quarido

113 559 213 615 mundo
236 576 291 613 nou
314 559 460 632 apparebo.
503 557 572 613 Nihil
595 560 681 625 enim,
712 558 784 631 quiid
807 564 933 630 apparet,
961 564 1003 612 est
1024 564 1176 625 aeternum,
1204 575 1285 631 qrran·

114 641 260 715 doquidem
289 659 367 714 ,quae
398 641 538 707 ridentur,
569 641 726 715 temporalia
755 648 831 707 sunt,
860 656 928 712 quae
958 647 1045 696 autem
1072 656 1125 694 non
1153 631 1297 708 videntur,

114 720 241 780 aeterna‘

198 871 249 926 XV.
290 873 346 945 Ego
372 874 463 930 scribo
492 873 617 930 ecelesiis
646 881 673 928 et
701 871 827 928 omnihus
855 872 969 940 mando,
1007 872 1080 945 quod
1106 888 1157 943 ego
1187 871 1284 928 lubens

113 973 164 1029 pro
187 956 242 1011 lieo
265 957 382 1023 morior,
405 958 428 1012 si
452 974 499 1012 vos
521 974 576 1012 non
598 954 801 1029 prohibueritis.
843 956 919 1029 Rogo
947 972 1010 1022 vos,
1041 971 1074 1009 ne
1102 955 1287 1027 intempestiva

112 1037 301 1095 benevolentia
322 1040 387 1094 mihi
410 1039 575 1095 efficiamini.
615 1039 698 1093 Sinite
719 1055 762 1095 rue
784 1038 902 1094 serarum
930 1055 991 1093 esse
1014 1039 1115 1104 cihuur,
1146 1055 1197 1110 per
1219 1054 1286 1109 quas

113 1123 177 1177 licet
199 1120 282 1176 [lenm
305 1123 446 1194 consequi.
489 1123 554 1177 Sum
577 1122 622 1177 liei
646 1121 824 1188 frumentum,
853 1130 879 1176 et
901 1121 989 1177 molor
1017 1138 1067 1195 per
1101 1120 1195 1175 dentes
1220 1122 1286 1176 lera-

114 1221 190 1270 rum,
217 1210 247 1258 ut
269 1203 367 1259 Christi
394 1206 514 1260 inveniar
541 1205 657 1260 muudus
679 1206 765 1276 panis.
809 1204 892 1259 immo
915 1205 981 1260 loris
1002 1204 1094 1276 potius
1117 1202 1285 1269 blandimini,

114 1294 143 1342 ut
171 1285 237 1341 liant
262 1285 328 1340 mihi
358 1287 528 1360 sepulcrum,
558 1295 586 1342 et
613 1286 680 1341 nihil
702 1287 856 1359 relinquant
876 1288 929 1344 mei
952 1288 1092 1360 corporis,
1122 1303 1155 1341 ne
1179 1287 1285 1359 sopitus

114 1369 175 1434 liam
203 1368 301 1441 gravis.
351 1368 426 1425 Tunc
454 1388 502 1427 ero
528 1387 608 1426 verus
639 1368 738 1424 Christi
768 1370 929 1443 discipulus,
967 1370 1075 1441 quando
1105 1385 1155 1424 nec
1184 1383 1285 1442 corpus

113 1452 222 1525 quidem
249 1468 339 1506 meum
368 1453 456 1509 adhuc
483 1452 586 1509 videbit
614 1451 739 1508 mundus.
783 1452 836 1507 Pro
863 1470 905 1508 me
929 1452 1035 1507 Christo
1063 1452 1228 1524 supplicate,
1256 1459 1285 1506 ut

114 1552 163 1608 per
192 1535 259 1589 haec
288 1551 388 1606 organa
418 1538 538 1592 inveniar
564 1536 651 1589 hostia
680 1535 787 1589 munda.
832 1535 889 1589 Non
919 1536 990 1589 sieut
1012 1535 1108 1589 Petrus
1139 1544 1166 1588 et
1188 1533 1286 1588 Paulus

113 1617 190 1672 vohis
212 1617 360 1690 praecipio.
405 1618 443 1673 lili
466 1618 601 1691 Apostoli,
631 1633 681 1689 ego
706 1617 916 1682 condemnatum
945 1615 982 1671 illi
1005 1615 1097 1681 liberi,
1127 1633 1178 1689 ego
1199 1624 1287 1672 autent

113 1716 208 1755 servus
230 1700 365 1770 usquein
387 1701 548 1757 hodiernum
571 1701 659 1766 diem3
688 1699 737 1754 sed
759 1700 782 1754 si
804 1699 962 1764 volueritis,
991 1698 1104 1754 libertus
1128 1698 1188 1754 lesu
1211 1698 1286 1754 Chri·

114 1783 167 1850 sti,
197 1798 229 1836 ac
255 1797 396 1855 exsurgam
424 1784 533 1858 inipso
558 1781 634 1839 liber.
676 1782 752 1838 Nunc
781 1782 857 1838 disco
883 1783 1001 1848 vinetus,
1030 1780 1096 1836 nihil
1119 1781 1285 1838 mundanum

114 1880 215 1938 cupere
237 1871 282 1921 aut
303 1865 391 1925 inane.

197 2021 260 2077 llVl.
303 2024 322 2076 Α
346 2022 422 2097 Syria
451 2041 539 2098 usque
568 2023 600 2078 ad
624 2023 732 2079 hornam
764 2024 849 2096 ipsam
876 2039 967 2097 pugno
995 2040 1056 2078 cum
1089 2021 1184 2078 hestiis
1215 2029 1288 2078 terra

114 2106 250 2178 marique,
274 2113 356 2160 noctu
379 2114 406 2161 ot
428 2105 488 2175 diu,
511 2108 616 2162 vinctus
639 2106 732 2163 decem
755 2106 910 2180 leopardis,
943 2107 988 2178 qui
1011 2113 1075 2161 sunt
1096 2106 1198 2161 cohors
1221 2103 1287 2161 mili·

115 2191 193 2244 taris:
217 2188 262 2259 qui
286 2188 366 2244 etiarn
388 2189 411 2242 si
433 2187 566 2244 beneficio
589 2187 751 2255 alliciantur,
775 2188 844 2244 liunt
865 2189 1024 2243 deteriores.
1056 2188 1084 2242 Iu
1107 2204 1201 2243 eorum
1222 2204 1287 2244 vero

115 2272 219 2327 iniuriis
241 2271 326 2343 magis
349 2270 434 2326 disco.
468 2270 571 2324 Ctinam
594 2269 667 2325 lrnar
688 2270 784 2326 bestiis
806 2269 870 2324 mihi
893 2271 1008 2342 paratis:
1031 2276 1058 2324 et
1080 2278 1152 2343 opto,
1175 2276 1204 2321 ut
1223 2269 1287 2325 mihi

115 2362 255 2428 promptae
278 2353 462 2420 inveniantur3
493 2350 591 2423 quibus
620 2352 699 2406 etiem
727 2350 865 2416 blandiar,
897 2367 951 2422 quo
980 2367 1022 2405 me
1052 2351 1178 2423 protinus
1209 2351 1287 2404 devo·

116 2445 190 2505 rent,
219 2452 274 2490 uon
298 2435 367 2488 sicut
391 2433 521 2505 quosdam
545 2432 640 2488 timore
664 2431 776 2487 allectae
799 2448 853 2486 nou
885 2433 1040 2504 tetigerunt.
1083 2430 1185 2499 Quodsi
1208 2432 1288 2486 etiam

116 2520 212 2576 inritae
232 2516 382 2583 noluerint,
406 2532 457 2588 ego
480 2516 504 2571 vi
527 2515 639 2588 adigam.
684 2513 817 2587 ignoscite
839 2513 921 2580 mihi,
954 2515 1012 2569 seio
1035 2513 1101 2586 quid
1123 2529 1182 2567 mea
1207 2513 1288 2569 inter·

115 2604 156 2659 sit.
201 2601 277 2657 Nunc
302 2599 401 2672 incipio
425 2616 485 2654 csse
507 2597 673 2671 discipulus,
703 2605 732 2654 ut
753 2597 840 2652 lesum
863 2595 998 2651 Christum
1032 2611 1171 2667 assequar.
1214 2595 1286 2667 ignis

117 2693 144 2741 et
170 2702 250 2752 erun,
280 2682 427 2739 hostiarum
459 2681 641 2755 irruptiones,
672 2680 867 2743 dissentiones,
897 2679 1058 2748 divisiones,
1088 2678 1288 2748 discerptiones

117 2769 233 2834 ossium,
266 2766 387 2822 concisio
415 2764 615 2833 membrorum,
646 2765 758 2821 triturae
790 2764 874 2819 totius
907 2763 1031 2837 corporis
1063 2771 1090 2818 et
1113 2760 1211 2818 diaboli
1233 2768 1288 2818 tor·

116 2859 206 2908 menta
227 2867 309 2923 super
331 2866 372 2904 me
395 2849 516 2917 veniant,
539 2856 568 2904 ut
590 2847 775 2904 tantummodo
798 2863 952 2919 consequar
972 2847 1059 2903 lesuin
1083 2846 1228 2901 Christum.

198 3014 274 3070 xvh.
316 3014 388 3070 Nihil
419 3015 484 3070 mihi
513 3015 664 3089 proderunt
685 3013 777 3070 muudi
801 3013 996 3081 iocunditates,
1025 3028 1113 3085 neque
1135 3026 1219 3083 regna
1241 3009 1288 3065 hu·

116 3101 158 3155 ius
180 3097 275 3154 seculi.
318 3098 412 3153 Melius
436 3106 478 3154 est
505 3097 570 3153 nrihi
599 3097 668 3152 mori
691 3098 717 3152 in
740 3097 847 3152 Christo
870 3094 946 3162 lesu,
978 3112 1057 3168 quam
1085 3110 1198 3165 reginam
1221 3090 1289 3147 obti-

117 3198 184 3237 nere
213 3198 299 3254 usque
327 3181 360 3235 nd
390 3180 458 3235 lines
487 3189 583 3236 terrae.
626 3179 704 3247 ,Quid
735 3181 805 3235 enirn
834 3180 948 3251 prodest
969 3177 1085 3244 homini,
1114 3177 1136 3231 si
1159 3174 1288 3231 mundum

117 3265 272 3321 universum
293 3264 421 3329 lucretur,
444 3271 470 3317 et
491 3280 555 3318 suae
578 3262 681 3318 animae
704 3262 894 3319 detrimentum
913 3257 1062 3334 patiaturl‘
1086 3259 1160 3315 lllum
1176 3273 1288 3331 quaero,

118 3347 164 3420 qui
187 3363 237 3419 pro
259 3346 337 3401 nobis
359 3353 402 3401 cst
421 3354 553 3400 mortuus.
597 3344 732 3416 ignoscite
759 3345 835 3411 mihi,
864 3343 978 3400 iratres:
1011 3362 1044 3399 ne
1074 3344 1132 3398 sitis
1155 3342 1220 3398 mihi
1243 3342 1290 3397 im·

118 3428 290 3504 pedimento,
320 3445 374 3499 quo
403 3429 491 3482 minus
523 3428 622 3482 vivam:
653 3445 687 3483 ue
720 3444 763 3483 me
792 3427 879 3483 velitis
902 3443 980 3482 mori.
1022 3426 1107 3482 Sinite
1129 3443 1172 3481 me
1195 3428 1288 3498 purim

120 3511 210 3568 lucem
242 3512 376 3584 accipere.
428 3509 493 3565 Cum
522 3508 586 3565 illuc
612 3509 684 3564 enirn
713 3526 829 3577 venero,
857 3526 904 3564 ero
927 3509 1008 3564 homo
1035 3509 1091 3563 liei.
1141 3506 1290 3564 Permittite

121 3594 201 3660 mihi,
223 3602 252 3648 ut
274 3595 325 3647 sim
347 3593 465 3648 imitator
486 3593 621 3666 passionis
646 3591 754 3647 Christi.
797 3589 825 3646 Si
848 3591 909 3665 quis
929 3592 1017 3664 ipsum
1036 3591 1064 3646 in
1086 3591 1178 3664 seipso
1201 3589 1290 3656 hahet,

118 3675 250 3748 intelligat
271 3675 345 3747 quod
366 3675 442 3741 volo,
472 3683 498 3730 et
519 3676 572 3730 mei
593 3681 732 3731 moveatur
763 3674 1013 3740 commiseratione,
1044 3690 1103 3729 curn
1127 3674 1196 3729 sciat
1222 3686 1290 3744 quac

119 3775 162 3814 me
186 3759 378 3830 constringant

170 3981 197 4045 5)
216 3981 393 4032 καταλίπωσι
410 3980 435 4031 h.
772 3977 800 4045 4)
820 3995 862 4029 πα
881 3974 1020 4052 epicopatu
1033 3981 1060 4032 Ε.
1083 3979 1152 4032 Haud
1170 3977 1239 4028 male.

170 4049 197 4115 6)
218 4046 268 4101 τὸν
303 4046 402 4117 ριστὸν
417 4049 435 4098 h
453 4063 480 4098 ea
499 4056 644 4099 correctura.
772 4048 799 4109 5)
814 3995 897 4115 ptr‘ll

170 4117 199 4177 7)
218 4111 687 4181 θειησειτεηιιιιιιιιιιιιιιθειὴσητει.
774 4115 801 4175 6)
820 4116 866 4165 ἵνα
884 4115 951 4164 deest
969 4113 992 4161 in
1010 4113 1045 4162 ιιι.
1067 4112 1112 4163 Cot.

170 4183 227 4245 Cap.
240 4183 296 4234 xvi.
326 4184 394 4247 l)lta
406 4183 476 4233 AEN
491 4191 515 4232 et
530 4182 606 4231 Codd.
619 4182 687 4232 Colh.
771 4181 829 4246 Cap.
847 4181 913 4230 xvh.
951 4181 975 4241 1)
995 4180 1075 4228 Matth.
1097 4182 1135 4240 16,
1155 4179 1196 4228 26.

124 4249 141 4298 B
152 4249 171 4297 0
183 4250 207 4309 V,
224 4251 323 4319 μέχρις
335 4249 397 4310 vulg.
772 4250 799 4312 2)
816 4248 852 4300 hl.
870 4246 977 4299 ἑαυτοῦ.
999 4244 1047 4295 Get.

171 4315 198 4377 2)
215 4317 250 4365 tl.
268 4317 441 4385 θηριομαχῶ.
461 4313 510 4364 Col.
774 4315 802 4380 3)
817 4311 857 4385 μὴ
876 4311 906 4366 δὲ
924 4313 996 4362 AEN
1015 4310 1085 4363 etti.
1097 4313 1120 4361 iu
1138 4324 1212 4373 marg.
1226 4312 1290 4375 apud

172 4381 199 4447 3)
216 4382 252 4431 ιιι.
268 4378 348 4452 ὅπερ.
369 4381 418 4432 Cot.
722 4380 767 4431 Cot
