2886 4882
260 224 384 285 rantra
402 225 567 284 massona
590 228 632 283 so
654 227 824 284 aenesius.
847 228 898 284 xv.
920 228 985 297 rvr.
1006 228 1082 286 xvir.
1103 188 1190 289 xviri.
1258 230 1314 292 135

130 401 191 459 est,
215 392 267 450 sed
290 400 317 449 et
338 410 409 467 quae
431 393 517 451 silens
531 396 604 464 lecit,
626 396 795 470 dignaPatrc
818 403 889 452 sunt
917 397 1089 464 Quiverbnm
1104 398 1166 456 lcsu
1180 402 1311 474 possidet,

129 493 198 533 rere
219 484 315 550 potest
333 485 360 533 et
390 477 527 536 silentium
549 480 636 553 ipsius
658 479 760 548 audire,
784 487 814 534 ut
833 479 972 552 perlectus
993 480 1036 548 sit,
1058 491 1088 537 ut
1108 500 1158 556 per
1179 502 1218 552 ea,
1243 503 1312 558 quiae

131 561 269 634 loquutur,
291 567 431 634 operetur,
452 571 480 617 et
501 581 551 636 per
573 563 720 619 silentium.
733 580 811 618 sunm
835 570 1025 636 cognoscatur.
1052 564 1123 621 Nihil
1144 565 1208 622 latet
1225 569 1312 626 Uomi·

131 661 215 711 uum,
245 643 294 700 sed
316 652 344 700 et
364 661 461 700 arcana
483 655 577 702 nostra
599 664 686 720 prope
708 647 796 720 ipsum
825 654 895 701 suut.
938 646 1031 702 Omnia
1061 648 1150 721 itaque
1172 650 1311 720 iaciamus,

131 726 214 801 quasi
236 727 298 800 ipso
327 728 355 782 in
384 726 464 784 nobis
487 728 637 798 habitante,
672 738 702 785 ut
723 728 792 784 illius
822 728 906 783 simus
930 730 1044 802 tcmpla,
1078 739 1105 785 ct
1134 731 1190 804 ipse
1222 735 1256 788 sit
1284 736 1310 790 iu

132 810 216 866 nobis
239 809 310 866 Ueus
333 818 445 878 noster,
476 812 612 886 quomodo
635 821 663 868 et
685 820 727 868 est
755 820 781 867 et
803 811 945 885 apparebit
966 820 1027 869 aute
1056 812 1152 870 sacient
1175 824 1309 883 nostram3

133 894 199 950 ideo
221 893 292 950 iuste
314 893 449 967 diligimus
471 896 568 968 ipsum.

132 1051 162 1101 et
185 1043 349 1100 factasunt
392 1044 425 1100 Et
446 1062 514 1119 quae
534 1044 649 1101 tacendo
672 1045 745 1113 lecit,
768 1044 848 1118 digna
871 1053 934 1100 sunt
954 1045 1040 1102 Patre.
1084 1047 1132 1114 Oui
1156 1064 1311 1108 sermonem

132 1128 197 1184 lesu
227 1127 366 1201 possidet,
394 1144 488 1184 revera
516 1135 607 1202 potest
639 1129 718 1184 etiarn
740 1128 876 1185 silentium
899 1129 958 1184 eius
980 1129 1090 1197 audire,
1121 1137 1150 1186 nt
1171 1133 1309 1206 perlectus

132 1211 179 1279 sit,
201 1219 232 1266 ut
253 1227 303 1284 per
327 1226 367 1278 ea,
390 1228 459 1284 quae
480 1210 615 1285 loquitur,
638 1219 712 1286 agat,
737 1219 764 1267 et
785 1212 908 1279 interim,
932 1211 995 1267 dum
1017 1211 1094 1281 silet,
1119 1224 1309 1288 cognoscatur.

131 1293 207 1349 Nihil
227 1292 292 1349 latet
312 1294 468 1363 llominnm,
499 1312 559 1351 cum
586 1302 614 1350 et
634 1311 732 1351 arcana
757 1302 850 1351 nostra
880 1294 931 1370 ipsi
958 1295 1043 1352 vicina
1072 1305 1173 1369 patent.
1216 1298 1309 1355 Onmia

132 1377 219 1450 igitur
242 1377 317 1450 qnasi
340 1378 400 1451 ipso
424 1378 450 1433 in
472 1377 553 1435 uobis
576 1378 713 1435 habitante
736 1377 875 1445 faciamus,
895 1385 925 1433 ut
948 1395 998 1434 nos
1014 1378 1085 1436 illius
1101 1380 1199 1454 templa
1216 1382 1310 1451 simus,

133 1468 163 1515 et
197 1460 258 1535 ipse
290 1461 326 1516 sit
352 1460 379 1516 iu
400 1460 479 1517 nobis
502 1461 573 1517 Ueus
594 1470 705 1530 noster3
737 1461 964 1534 quemadmodum
985 1470 1012 1517 et
1034 1470 1090 1531 est,
1119 1471 1146 1519 et
1168 1464 1310 1538 apparebit

131 1551 195 1599 ante
219 1543 315 1599 taciem
337 1552 472 1613 nostram,
494 1544 566 1601 unde
589 1553 617 1601 et
636 1545 695 1601 iure
716 1545 805 1618 ipsum
826 1560 954 1601 amamus.

132 1708 197 1764 xvt
242 1708 300 1779 Qut
320 1709 403 1782 fidem
423 1711 505 1785 salsis
527 1714 659 1769 doctrinis
681 1719 873 1786 corrumpant,
895 1712 1036 1783 inignem
1059 1720 1202 1769 oeternum
1223 1715 1308 1771 ibant.

218 1825 256 1883 Ne
278 1827 384 1894 erretis,
405 1828 504 1885 fratres
527 1828 588 1884 mei.
631 1828 801 1884 Familiarnua
823 1827 1028 1901 perturbatores
1051 1846 1164 1902 reguum
1186 1831 1231 1887 Uei
1254 1848 1310 1888 non

135 1908 337 1966 hereditabunt
382 1909 409 1966 Si
441 1919 530 1968 antem
552 1912 586 1982 ii,
616 1913 662 1985 qui
695 1912 843 1970 secundum
873 1927 981 1967 carnem
1013 1912 1079 1968 baec
1109 1914 1214 1988 operati
1236 1923 1309 1982 sunt,

134 2000 224 2049 morte
246 2000 310 2048 sunt
329 1993 434 2061 allecti3
457 2004 557 2067 quanto
581 1995 675 2068 magis,
699 1995 721 2049 si
744 1995 805 2068 quis
828 1994 910 2052 fidem
932 1995 979 2050 Uei
999 2012 1080 2068 prava
1102 1996 1225 2054 doctrina
1247 2015 1307 2054 cor·

134 2083 250 2149 rumpat,
270 2092 321 2148 pro
344 2094 396 2149 qua
419 2076 495 2134 lesus
517 2077 640 2135 Christus
664 2077 810 2134 cnrcifirus
832 2080 897 2137 esti
926 2078 1011 2144 tatis,
1033 2080 1188 2152 inquinatus
1211 2080 1306 2152 lactus,

134 2159 159 2214 in
181 2159 272 2232 ignem
294 2158 521 2233 inextinguibilem
545 2161 609 2229 ibit;
631 2160 755 2218 similiter
777 2170 803 2217 et
827 2162 874 2234 qui
896 2160 970 2217 audit
990 2162 1087 2234 ipsmu.

219 2302 304 2364 ‘xt't
347 2309 505 2380 Nemetis,
527 2312 626 2368 tratres
641 2312 702 2368 mei.
745 2311 926 2383 corruptores
952 2310 1113 2366 familiarum
1131 2326 1245 2385 regnum
1260 2311 1307 2369 Uei

136 2410 191 2449 uon
213 2392 428 2450 haereditabunt.
471 2395 499 2451 Si
529 2395 611 2469 igitur
643 2392 794 2451 secundum
814 2409 922 2448 caruem
951 2393 1020 2449 bace
1047 2393 1177 2449 iacientes
1207 2396 1307 2451 mortui

136 2485 208 2543 suut,
231 2485 331 2549 quauto
354 2478 438 2550 magis
459 2479 482 2534 si
504 2479 565 2551 quis
587 2477 668 2533 tidem
690 2477 737 2531 Uei
759 2475 827 2530 nrala
850 2474 973 2529 doctrina
995 2483 1160 2548 corrumpat,
1183 2493 1232 2549 pro
1255 2493 1307 2547 qua

135 2558 212 2615 lesus
236 2559 359 2614 Christus
391 2560 538 2617 crucifixus
569 2569 627 2616 est:
656 2557 791 2615 eiusmodi
821 2558 903 2612 lionro
936 2555 1066 2613 sordibus
1106 2557 1306 2613 contaminatus

136 2643 163 2696 in
185 2642 274 2716 ignem
296 2641 528 2716 inextinguibilem
550 2643 613 2711 ibit,
634 2641 759 2698 similiter
781 2649 807 2695 et
828 2640 859 2708 is,
883 2640 929 2712 qui
952 2641 1040 2712 ipsum
1063 2639 1146 2695 audit.

356 2791 419 2847 llVl.
461 2795 559 2850 Cavete
578 2811 596 2848 o
616 2792 700 2866 {olma
719 2791 921 2847 baereticorum
943 2792 1082 2847 doctrinis.

218 2908 258 2964 Ob
280 2909 306 2964 id
320 2909 447 2965 Dominus
470 2910 496 2965 in
520 2910 606 2983 capite
628 2924 679 2965 suo
701 2907 808 2982 accepit
827 2913 1001 2980 unguentum,
1024 2914 1054 2962 nt
1074 2906 1205 2963 ecclesiae
1221 2908 1308 2979 spiret

134 2991 376 3066 incorruptionem·
406 2992 444 3047 b'e
466 2992 603 3066 ungamini
621 2999 691 3048 tetro
709 2990 793 3047 odore
809 2990 948 3046 doctrinae
963 2989 1096 3064 principis
1112 2990 1191 3046 huius
1205 2990 1306 3058 soculi;

134 3090 169 3130 ue
191 3074 312 3148 captivos
333 3091 381 3131 vos
403 3074 552 3131 abducata
574 3074 713 3148 proposita
733 3074 794 3129 sita.
836 3074 889 3129 Cur
909 3088 974 3128 vero
996 3089 1049 3128 non
1072 3089 1166 3130 onmes
1189 3073 1306 3146 prudeu-

133 3164 177 3215 tos
199 3173 302 3224 sumus,
324 3165 436 3231 accepta
456 3158 503 3214 Uei
525 3159 688 3231 cognitione,
711 3157 784 3229 quod
806 3164 847 3212 est
868 3155 944 3211 lesus
967 3155 1109 3211 Christusl
1141 3156 1209 3223 Quid
1232 3156 1305 3213 taluc

135 3239 265 3313 perimus,
287 3257 342 3297 nou
364 3249 546 3314 agnoscentes
568 3241 677 3306 donum,
700 3239 775 3311 quod
795 3254 858 3294 scre
881 3238 953 3293 misit
975 3237 1120 3295 Uominus'l

219 3382 322 3450 ‘XVll
366 3390 429 3447 ldeo
452 3399 620 3464 unguentum
643 3389 778 3463 incapite
801 3406 851 3445 suo
874 3388 987 3462 accepit,
1007 3396 1038 3445 nt
1059 3387 1196 3445 Ecclesiae
1218 3390 1306 3447 incor-

133 3472 289 3546 ruptionem
310 3475 452 3547 aspiraret
480 3474 539 3530 Nou
563 3472 699 3545 ungamini
723 3480 793 3529 tetro
815 3472 900 3528 odore
923 3471 1062 3527 doctrinae
1077 3473 1208 3545 principis
1225 3472 1306 3529 buius

136 3552 232 3611 seculi.
274 3554 313 3611 Ne
335 3573 384 3612 vos
407 3558 535 3631 captivet,
565 3564 594 3611 nt
614 3571 648 3612 ex
669 3556 728 3612 eius
751 3555 893 3630 proposito
916 3554 1017 3610 vivatis.
1059 3553 1158 3612 Verum
1181 3572 1230 3610 cur
1252 3573 1306 3612 uon

136 3653 232 3693 omnes
258 3652 352 3695 sumus
379 3640 544 3713 prudentes,
574 3655 634 3695 cum
664 3639 849 3712 acceperimus
877 3637 1069 3710 cogitationem
1096 3638 1158 3706 nei,
1189 3639 1236 3710 qui
1265 3647 1308 3696 est

136 3719 213 3776 lesus
234 3719 376 3777 Christusl
418 3723 488 3791 Ouid
516 3721 597 3779 stulte
619 3721 755 3795 perimus,
785 3722 942 3794 ignorantes
963 3719 1079 3788 donum,
1109 3721 1183 3794 quod
1212 3739 1307 3780 revera

136 3802 265 3860 bominns
287 3805 378 3860 misitl

288 3952 376 4009 lllllll.
420 3950 516 4009 Gloria
538 3953 637 4010 crocia
680 3950 780 4010 cbristo·
801 3952 933 4009 nodatos
954 3958 979 4007 et
1000 3950 1157 4023 baptismus.

219 4069 427 4144 Purgamentum
450 4086 526 4125 meus
546 4069 658 4142 spiritus
680 4075 723 4124 cst
744 4067 848 4135 crucis,
881 4084 949 4141 quae
972 4064 1119 4122 incredulis
1141 4064 1306 4135 scandalum,

136 4153 217 4211 nobis
237 4169 304 4209 vero
326 4153 398 4209 salus
421 4159 464 4209 est
486 4158 512 4207 et
533 4151 586 4208 vitu
607 4159 727 4209 aeterna.
771 4148 820 4206 Ubi
843 4150 971 4224 sapiens‘l
993 4146 1043 4204 Ubi
1065 4147 1235 4220 disputatori
1258 4147 1307 4204 Ubi

219 4296 331 4360 *XVlll
373 4298 492 4376 Spiritus
506 4318 583 4358 meus
597 4301 784 4357 retrimentum
806 4305 850 4357 est
862 4299 963 4364 crucis,
986 4313 1054 4370 qnae
1069 4294 1217 4354 incredulis
1230 4314 1306 4355 scan-

135 4386 228 4445 dalum
254 4393 303 4454 est,
324 4383 403 4440 uobis
424 4391 513 4441 autem
541 4383 615 4441 salus
637 4391 665 4440 ot
684 4382 875 4439 vitaaeterna.
920 4379 970 4436 Ubi
991 4377 1121 4450 sapiens?
1164 4376 1214 4437 Ubi
1242 4396 1308 4439 con·
