2886 4882
630 243 808 301 bannitus,
1280 253 1316 300 xt

131 416 184 473 tor,
215 404 404 466 authentiam
435 406 497 466 eius
520 402 747 484 impngrratit¹¹),
777 412 844 483 post
871 424 936 467 eum
957 409 1026 470 Dan.
1047 408 1316 492 Papebrochius¹¹),

131 484 360 566 lentzelius¹³),
382 488 490 549 Natalis
512 484 724 562 Alexander¹‘),
747 487 828 547 lierni
851 488 1019 572 Ceillier¹⁶),
1042 492 1213 574 lttigius¹⁸),
1236 494 1315 555 blos-

131 567 308 646 neminen),
339 571 503 649 Lrnuperus
511 569 562 648 ¹⁸),
588 568 759 648 llugius¹⁹),
781 570 1006 652 Ullnrannus²'),
1027 577 1210 655 Neander¹¹),
1233 578 1315 656 Myn-

130 651 252 727 ster”),
290 652 451 731 Winer.²³)
493 654 529 714 At
550 652 643 713 cliens:
671 652 749 712 Heus
776 660 820 727 tu,
851 653 927 714 unde
949 658 1065 719 traditio
1087 661 1132 720 illa
1153 662 1226 741 apud
1249 660 1315 720 Cle-

130 747 258 797 mentem
283 737 365 797 Alex.
386 737 493 797 Strom.
513 737 548 808 ll,
570 736 589 796 6
610 754 638 813 p.
660 737 735 808 4453
764 735 797 807 ll,
821 737 838 796 7
860 754 887 816 p.
909 740 985 809 4473
1014 740 1048 813 ll,
1070 743 1109 802 26
1132 762 1159 823 p.
1180 743 1256 812 4893
1284 742 1314 816 V,

132 820 326 898 1611683,
355 820 395 888 11,
422 822 457 881 15
479 839 506 899 p.
529 820 605 889 4643
636 816 677 890 ll,
703 818 788 896 1811.
811 820 887 891 472;
918 820 947 895 V,
970 820 1127 901 spurt,
1161 824 1314 902 Origenern

129 912 231 962 entra
261 902 342 962 Cels.
368 903 424 962 lo.
445 904 499 975 63,
528 899 682 962 Eusebium
706 900 738 959 H.
762 900 793 960 li.
815 901 870 972 lll,
897 904 948 976 25,
978 904 1187 985 Hieronpuum
1209 907 1244 966 de
1264 907 1315 966 vir.

129 986 230 1045 illustr.
261 1004 290 1045 c.
319 986 353 1054 6,
381 985 574 1065 Nicephorum
597 983 626 1043 iu
648 982 852 1044 Stichometria
874 985 994 1063 (saeculi
1018 984 1077 1064 5)?
1118 990 1184 1049 Non
1204 987 1316 1048 (11111111-

131 1069 238 1139 serim‚
275 1067 348 1146 rprin
377 1086 409 1126 ea
438 1068 494 1128 iam
517 1067 597 1146 prins
620 1065 649 1126 in
671 1065 859 1127 Alexandrina
882 1069 1003 1129 ecelesia
1024 1071 1178 1144 exstiterit,
1207 1088 1261 1130 nec
1282 1069 1317 1131 ab

131 1151 286 1210 Clemente
308 1150 386 1211 Alex.
408 1157 456 1210 aut
471 1150 595 1228 Origene
617 1146 743 1228 primum
765 1149 850 1209 luerit
864 1150 996 1212 inducta:
1019 1153 1199 1214 retinuerunt
1211 1160 1315 1224 antem,

129 1234 193 1311 «pria
214 1233 312 1293 totius
335 1233 480 1312 Epistolae
500 1232 613 1292 indoles
634 1231 710 1290 haud
731 1230 882 1293 dissimilis
903 1244 981 1295 essct
1003 1235 1044 1307 ei,
1067 1237 1115 1316 <pri
1139 1254 1204 1296 cum
1225 1236 1315 1296 Paulo

129 1315 281 1395 ‚tpostolo
302 1315 434 1376 Ethnicis
455 1314 630 1394 erarrgelinm
653 1313 752 1374 salutis
774 1316 998 1378 annuntiaverat.
1041 1318 1238 1379 Traditionem
1261 1317 1316 1396 lgi-

131 1410 180 1458 tur
202 1398 253 1476 pie
277 1406 461 1470 venerantes,
483 1416 537 1457 nec
556 1396 591 1456 ad
614 1395 745 1457 criticum
767 1396 934 1459 subtiliusie
954 1400 1016 1461 eius
1038 1419 1156 1462 eramen
1180 1401 1234 1460 ulla
1254 1399 1316 1460 sin-

130 1481 223 1561 gulari
248 1498 337 1541 causa
358 1481 499 1560 comprdsi
521 1479 647 1560 posteris
668 1479 863 1553 tradiderunt,
893 1483 1041 1562 quomodo
1069 1490 1098 1543 et
1126 1484 1238 1575 qualem
1260 1482 1316 1561 ipsi

130 1564 314 1624 invenerant.
357 1565 408 1624 Sin
430 1564 521 1643 ipsius
541 1561 707 1622 traditionis
730 1562 872 1640 originem
895 1563 1028 1644 indagare
1050 1565 1134 1638 velis,
1162 1565 1316 1626 dicendum

130 1647 204 1718 erit,
240 1645 312 1706 nulli
334 1646 358 1706 t
380 1646 541 1707 ostolorum
570 1644 693 1705 adtribui
714 1645 844 1724 potuisse
866 1647 923 1706 iam
945 1647 983 1708 oh
1004 1648 1073 1708 illud
1094 1667 1196 1709 eorum
1216 1647 1316 1708 conri-

131 1730 210 1789 rium
241 1721 317 1800 τοῦς
370 1728 437 1800 [ους
454 1721 673 1800 Ἀποστόλαυς,
702 1721 778 1800 τοὺς
796 1721 962 1808 μέλλοντας
982 1724 1149 1810 κηρύσσειν
1167 1722 1203 1791 τὸ
1225 1721 1316 1810 εὐαγ-

131 1805 241 1890 γέλιον
262 1801 373 1887 αὐτοῦ,
396 1806 561 1887 ἐξελέξατο,
591 1805 685 1881 ὄντας
705 1803 783 1890 ὑπὲρ
803 1811 908 1873 πᾶσαν
929 1806 1082 1894 ἁμαρτίαν
1100 1806 1316 1893 ἀνομωτὲρους

132 1896 174 1971 (e.
196 1896 250 1973 5),
278 1895 413 1976 propriae
440 1895 567 1956 auctoris
595 1894 726 1974 opinioni
747 1896 822 1955 lorte
843 1914 1021 1970 consonum,
1042 1917 1096 1958 uec
1118 1897 1245 1970 veritati,
1267 1904 1313 1958 ut-

132 1988 203 2057 pote
225 1986 433 2039 commentum.
476 1979 506 2039 Si
528 1976 717 2038 nibilominus
740 1977 970 2058 semiapostolica
991 1981 1147 2042 auctoritas
1168 1979 1315 2060 Epistolae

135 2061 282 2140 impressa
312 2060 478 2135 ridebatur,
503 2061 539 2123 ab
569 2078 632 2121 earn
661 2059 889 2121 desiderantibus
920 2062 963 2123 vix
990 2063 1062 2124 nlius
1085 2064 1201 2144 quidam
1224 2063 1315 2142 magis

137 2150 306 2223 opportuno
327 2150 426 2204 auctor
448 2144 572 2224 supponi
593 2141 696 2222 potuit,
718 2162 803 2223 quarn
815 2143 967 2215 barnabas,
989 2146 1180 2207 Ethrricormn
1203 2144 1315 2225 etipse

138 2226 251 2286 doctor.
289 2225 424 2287 Potuitne
445 2224 697 2305 ψευδεπίγραφον
718 2226 804 2286 etiarn
827 2246 860 2287 ex
881 2248 916 2287 eo
938 2228 1053 2288 trahere
1076 2229 1218 2309 originem
1240 2228 1314 2307 apud

139 2307 363 2382 Alexandrinos,
385 2311 461 2390 quod
484 2311 631 2390 gnosticae
652 2308 810 2369 Clementis
831 2310 977 2371 llomonoe
998 2308 1185 2386 llonriliae'⁴)
1207 2311 1314 2370 Raura-

141 2391 208 2451 bam
231 2391 417 2453 Alexandriae
438 2393 575 2474 congredi
597 2409 662 2452 curn
685 2411 720 2452 eo
742 2390 871 2451 tactum?

223 2475 265 2535 hc
297 2475 369 2536 mihi
399 2475 514 2556 quidem
547 2475 615 2536 illud
644 2493 705 2533 non
730 2472 801 2533 levis
829 2474 969 2534 momenti
1000 2492 1114 2552 sempor
1141 2473 1235 2532 visum
1262 2480 1315 2539 ost,

142 2557 219 2636 quod
246 2565 380 2618 narratur
400 2557 430 2618 in
450 2559 512 2619 Act.
535 2560 588 2631 15,
617 2556 658 2617 37
681 2575 744 2636 sqq.
785 2555 930 2616 Barnabas
952 2555 1038 2635 igitur
1060 2554 1242 2616 dissessione
1264 2553 1316 2612 ob-

144 2650 207 2700 orta
235 2658 252 2699 a
272 2640 360 2701 Panlo
382 2640 524 2714 discessit,
546 2646 734 2718 assumtoque
756 2637 862 2698 loanne
884 2636 981 2700 blarco
1003 2639 1032 2699 in
1054 2640 1182 2719 Cyprum
1202 2636 1316 2716 nariga-

143 2723 189 2783 vir.
233 2723 367 2784 Soliusnc
395 2723 512 2785 loannis
531 2723 619 2784 llarei
641 2740 724 2782 causa
747 2720 891 2781 barnabas
912 2721 968 2783 alio
997 2721 1137 2802 perrexit,
1168 2739 1204 2781 an
1231 2719 1317 2782 simul

143 2804 226 2865 aliam
254 2805 404 2866 doctrinae
431 2805 505 2868 riam
532 2801 716 2868 sectaturus?
759 2803 886 2876 lllamne,
915 2805 944 2865 iu
972 2825 1026 2887 qua
1055 2805 1120 2866 heic
1149 2822 1215 2864 eum
1237 2801 1317 2882 gradi

144 2884 298 2948 ridemus?
347 2888 385 2949 tr
414 2889 560 2950 enimvero
590 2905 774 2965 summopere
796 2889 953 2949 notandum
975 2889 1101 2963 videtur,
1123 2887 1247 2950 eundem
1268 2885 1316 2947 lo-

144 2986 248 3030 annem
270 2970 406 3042 Marcum,
427 2971 476 3051 qui
498 2970 644 3032 Barnabae
667 2969 753 3030 viram
773 2977 892 3051 actaque
913 2971 1057 3050 pertusius
1077 2970 1231 3049 scripsisse
1252 2986 1316 3030 cre-

145 3053 235 3126 ditur,
272 3053 419 3132 Epistolae
454 3055 516 3115 eius
546 3053 725 3114 mentionem
758 3054 851 3113 lacere
879 3054 993 3114 nullam.
1042 3053 1140 3115 Codex
1168 3051 1317 3112 Vaticanus

147 3136 239 3206 1667,
270 3152 303 3196 ex
325 3154 382 3217 qno
404 3133 664 3216 Papebrochius²⁸)
694 3153 727 3195 ea
748 3134 851 3206 edidit,
873 3154 926 3196 nec
947 3137 1044 3198 Codex
1065 3135 1214 3197 Parisinus
1239 3135 1316 3196 1476

144 3236 200 3297 quo
224 3216 512 3296 Tiscbenrlorlius²⁶)
533 3238 602 3279 usus
624 3225 686 3289 est,
707 3236 800 3297 neque
822 3218 973 3281 Vaticanus
995 3219 1063 3293 621,
1085 3237 1171 3301 quem
1193 3234 1245 3296 ego
1267 3234 1316 3278 ex-

144 3300 257 3382 scripsi,
279 3301 310 3362 in
330 3302 388 3362 boc
409 3302 525 3382 quidem
546 3301 664 3362 variant.

226 3386 255 3445 5.
290 3383 323 3444 ln
349 3383 497 3446 Philastrii
527 3384 684 3445 brixiensis
707 3383 845 3462 Episcopi
868 3383 974 3445 Codice
996 3384 1121 3465 quodam
1142 3383 1221 3460 (autc
1243 3401 1317 3442 saec.

144 3523 351 3535 ⁸¹——

197 3597 238 3661 11)
256 3599 281 3647 lrr
300 3599 378 3648 Praei.
397 3597 435 3647 ed.
454 3605 550 3646 nostrae
569 3596 700 3659 Epistolao.
800 3598 841 3660 16)
860 3598 997 3647 Zeitscbrilt
1025 3599 1064 3646 lr‘rr
1092 3597 1134 3645 dus
1161 3597 1319 3646 Erzbistlrum.

198 3665 239 3722 12)
258 3667 284 3715 ln
303 3666 352 3715 bct.
371 3667 451 3713 Sarrct.
470 3663 628 3712 morrsislunii
648 3671 712 3713 torno
748 3664 872 3727 Freiburg.
900 3665 967 3713 Fasc.
986 3664 1009 3714 2.
1034 3680 1058 3728 p.
1080 3665 1134 3714 132.
1162 3665 1229 3713 Fasc.
1248 3665 1271 3713 3.
1295 3679 1317 3726 p.

146 3732 259 3791 secundo,
278 3749 302 3796 p.
319 3734 378 3783 459.
397 3733 420 3794 ξ.
432 3732 457 3781 V.
479 3733 589 3793 Antrcrp.
612 3731 683 3780 1696.
749 3732 798 3782 268
811 3747 865 3796 sqq.

199 3801 239 3865 13)
257 3801 325 3864 Apud
344 3799 509 3849 tabuerint.
530 3797 615 3847 eccles.
634 3797 715 3861 [112.
801 3800 844 3862 nr)
865 3800 965 3848 Studien
984 3815 1006 3847 u.
1026 3799 1139 3849 llritilren.
1158 3799 1210 3848 tr.
1231 3797 1318 3861 past.

144 3871 167 3931 ς.
185 3868 212 3917 Χ.
800 3866 844 3928 21)
866 3867 1051 3928 ltircbongesch.
1076 3867 1102 3915 T.
1122 3868 1139 3924 l,
1157 3868 1180 3915 3.
1203 3881 1226 3928 p.
1245 3864 1302 3913 133.

197 3933 242 3995 ll)
257 3936 319 3987 liist.
336 3933 424 3986 eccles.
437 3936 490 3984 Soc.
504 3933 521 3982 1.
540 3949 560 3982 c.
575 3931 613 3981 12.
633 3938 677 3981 art
693 3931 718 3985 8.
803 3933 848 3995 22)
867 3933 967 3983 Studien
986 3935 1034 3983 und
1056 3934 1161 3983 liritilrou
1179 3934 1207 3991 ΙΙ,
1227 3932 1285 3980 323.

197 4002 239 4066 15)
256 4003 363 4053 Histoire
380 4001 477 4064 general
495 4001 537 4050 des
551 4007 647 4050 auteurs
666 4006 710 4050 etc.
802 4001 848 4066 23)
865 4000 925 4052 Bibl.
943 4000 1151 4052 nealworrerhucn
1168 4014 1188 4048 s.
1213 4013 1234 4047 r.
1261 3998 1319 4049 Bar-

142 4069 170 4119 l'.
188 4069 205 4119 l.
223 4084 248 4134 p.
265 4070 315 4122 tes
323 4085 378 4136 sqq.
746 4070 829 4119 nabas.

198 4137 240 4199 16)
252 4137 277 4186 ln
290 4137 387 4186 selectis
400 4135 516 4199 capitibus
526 4132 641 4184 historico
653 4134 712 4184 eccl.
795 4134 838 4199 24)
856 4136 926 4185 llom.
943 4137 961 4195 1,
979 4137 1003 4186 o.

142 4205 198 4254 Sec.
216 4205 234 4252 1.
252 4205 278 4253 Τ.
297 4205 314 4254 1.
332 4220 355 4267 p.
373 4205 414 4252 26.
796 4203 1021 4264 26))161.811161.,
1051 4198 1139 4249 mensis
1166 4201 1225 4249 lrrnii
1252 4209 1317 4251 torno

198 4271 240 4334 17)
259 4270 457 4321 Commentar.de
470 4270 543 4319 rebus
557 4270 645 4319 Christ.
657 4278 710 4320 ante
744 4272 868 4330 secundo,
887 4271 996 4332 dntrerp.
1038 4266 1111 4317 1638.
1133 4281 1157 4331 p.
1177 4269 1319 4320 ‹tat-436.

141 4338 228 4387 Coost.
245 4339 274 4388 ll.
293 4354 317 4402 p.
337 4337 392 4388 161.
794 4338 839 4400 26)
858 4340 914 4386 tera
927 4334 1098 4397 Apostolorum
1110 4336 1321 4403 apocrypha,Lip·

198 4404 241 4468 13)
259 4404 365 4455 illatoris
378 4405 451 4456 theol.
466 4405 549 4455 critica
562 4405 589 4454 T.
600 4404 709 4469 t.p.150.
743 4405 794 4455 siae
814 4405 886 4456 1651.
906 4416 929 4464 p.
947 4402 980 4451 61
998 4416 1051 4465 sqq.
