<?xml version="1.0" encoding="UTF-8"?>
<!DOCTYPE html PUBLIC "-//W3C//DTD XHTML 1.0 Transitional//EN"
    "http://www.w3.org/TR/xhtml1/DTD/xhtml1-transitional.dtd">
<html xmlns="http://www.w3.org/1999/xhtml" xml:lang="en" lang="en">
 <head>
  <title>
</title>
<meta http-equiv="Content-Type" content="text/html;charset=utf-8" />
  <meta name='ocr-system' content='tesseract 3.04.00' />
  <meta name='ocr-capabilities' content='ocr_page ocr_carea ocr_par ocr_line ocrx_word'/>
</head>
<body>
  <div class='ocr_page' id='page_1' title='image "./patrumapostolic00polygoog/patrumapostolic00polygoog_0262.png"; bbox 0 0 2886 4882; ppageno 0'>
   <div class='ocr_carea' id='block_1_1' title="bbox 332 237 1306 301">
    <p class='ocr_par' dir='ltr' id='par_1_1' title="bbox 332 237 1306 301">
     <span class='ocr_line' id='line_1_1' title="bbox 332 237 1306 301; baseline 0.005 -5"><span class='ocrx_word' id='word_1_1' title='bbox 332 238 456 297; x_wconf 81' lang='lat' dir='ltr'><strong>lCNlll&#39;ll</strong></span> <span class='ocrx_word' id='word_1_2' title='bbox 476 240 638 298; x_wconf 79' lang='lat' dir='ltr'><strong>nrtsrott</strong></span> <span class='ocrx_word' id='word_1_3' title='bbox 660 241 702 296; x_wconf 82' lang='lat' dir='ltr'><strong>nh</strong></span> <span class='ocrx_word' id='word_1_4' title='bbox 724 237 931 297; x_wconf 76' lang='lat' dir='ltr'><strong>suvithunus.</strong></span> <span class='ocrx_word' id='word_1_5' title='bbox 953 238 985 299; x_wconf 82' lang='lat' dir='ltr'><strong>V.</strong></span> <span class='ocrx_word' id='word_1_6' title='bbox 1008 237 1050 296; x_wconf 87' lang='lat' dir='ltr'><strong>vt.</strong></span> <span class='ocrx_word' id='word_1_7' title='bbox 1071 238 1126 298; x_wconf 84' lang='lat' dir='ltr'><strong>vlt.</strong></span> <span class='ocrx_word' id='word_1_8' title='bbox 1251 238 1306 301; x_wconf 79' lang='grc'><strong>191</strong></span> 
     </span>
    </p>
   </div>
   <div class='ocr_carea' id='block_1_2' title="bbox 136 405 1311 983">
    <p class='ocr_par' dir='ltr' id='par_1_2' title="bbox 136 405 1311 983">
     <span class='ocr_line' id='line_1_2' title="bbox 136 405 1310 484; baseline 0.004 -21"><span class='ocrx_word' id='word_1_9' title='bbox 136 423 189 464; x_wconf 88' lang='lat' dir='ltr'><strong>nec</strong></span> <span class='ocrx_word' id='word_1_10' title='bbox 211 405 293 464; x_wconf 84' lang='lat' dir='ltr'><strong>llosis</strong></span> <span class='ocrx_word' id='word_1_11' title='bbox 314 407 365 476; x_wconf 84' lang='lat' dir='ltr'><strong>len,</strong></span> <span class='ocrx_word' id='word_1_12' title='bbox 387 409 436 465; x_wconf 89' lang='lat' dir='ltr'><strong>sed</strong></span> <span class='ocrx_word' id='word_1_13' title='bbox 458 424 509 465; x_wconf 90' lang='lat' dir='ltr'><strong>nec</strong></span> <span class='ocrx_word' id='word_1_14' title='bbox 529 407 702 484; x_wconf 80' lang='lat' dir='ltr'><strong>Evangelium</strong></span> <span class='ocrx_word' id='word_1_15' title='bbox 724 411 751 464; x_wconf 92' lang='lat' dir='ltr'><strong>in</strong></span> <span class='ocrx_word' id='word_1_16' title='bbox 774 408 848 464; x_wconf 92' lang='lat' dir='ltr'><strong>hunc</strong></span> <span class='ocrx_word' id='word_1_17' title='bbox 870 424 957 480; x_wconf 87' lang='lat' dir='ltr'><strong>usque</strong></span> <span class='ocrx_word' id='word_1_18' title='bbox 980 407 1065 475; x_wconf 86' lang='lat' dir='ltr'><strong>diem,</strong></span> <span class='ocrx_word' id='word_1_19' title='bbox 1088 423 1179 481; x_wconf 88' lang='lat' dir='ltr'><strong>neque</strong></span> <span class='ocrx_word' id='word_1_20' title='bbox 1200 416 1310 468; x_wconf 80' lang='lat' dir='ltr'><strong>nostrae</strong></span> 
     </span>
     <span class='ocr_line' id='line_1_3' title="bbox 136 491 1311 566; baseline 0.003 -19"><span class='ocrx_word' id='word_1_21' title='bbox 136 491 308 565; x_wconf 87' lang='lat' dir='ltr'><strong>singulorum</strong></span> <span class='ocrx_word' id='word_1_22' title='bbox 330 492 482 566; x_wconf 81' lang='lat' dir='ltr'><strong>passiones.</strong></span> <span class='ocrx_word' id='word_1_23' title='bbox 526 493 589 548; x_wconf 90' lang='lat' dir='ltr'><strong>Nam</strong></span> <span class='ocrx_word' id='word_1_24' title='bbox 612 501 639 548; x_wconf 91' lang='lat' dir='ltr'><strong>et</strong></span> <span class='ocrx_word' id='word_1_25' title='bbox 661 492 694 548; x_wconf 92' lang='lat' dir='ltr'><strong>de</strong></span> <span class='ocrx_word' id='word_1_26' title='bbox 716 491 794 548; x_wconf 89' lang='lat' dir='ltr'><strong>nobis</strong></span> <span class='ocrx_word' id='word_1_27' title='bbox 817 491 888 548; x_wconf 87' lang='lat' dir='ltr'><strong>idem</strong></span> <span class='ocrx_word' id='word_1_28' title='bbox 910 491 1039 546; x_wconf 89' lang='lat' dir='ltr'><strong>sentiunt.</strong></span> <span class='ocrx_word' id='word_1_29' title='bbox 1069 491 1137 559; x_wconf 80' lang='lat' dir='ltr'><strong>Quid</strong></span> <span class='ocrx_word' id='word_1_30' title='bbox 1160 492 1231 549; x_wconf 90' lang='lat' dir='ltr'><strong>enim</strong></span> <span class='ocrx_word' id='word_1_31' title='bbox 1243 492 1311 551; x_wconf 88' lang='lat' dir='ltr'><strong>milri</strong></span> 
     </span>
     <span class='ocr_line' id='line_1_4' title="bbox 136 573 1310 650; baseline 0.003 -19"><span class='ocrx_word' id='word_1_32' title='bbox 136 576 258 649; x_wconf 73' lang='lat' dir='ltr'><strong>prodest</strong></span> <span class='ocrx_word' id='word_1_33' title='bbox 282 576 305 631; x_wconf 90' lang='lat' dir='ltr'><strong>si</strong></span> <span class='ocrx_word' id='word_1_34' title='bbox 326 577 387 650; x_wconf 91' lang='lat' dir='ltr'><strong>quis</strong></span> <span class='ocrx_word' id='word_1_35' title='bbox 408 593 450 632; x_wconf 92' lang='lat' dir='ltr'><strong>me</strong></span> <span class='ocrx_word' id='word_1_36' title='bbox 474 575 574 643; x_wconf 88' lang='lat' dir='ltr'><strong>laudet,</strong></span> <span class='ocrx_word' id='word_1_37' title='bbox 596 576 737 633; x_wconf 85' lang='lat' dir='ltr'><strong>hominum</strong></span> <span class='ocrx_word' id='word_1_38' title='bbox 760 583 849 631; x_wconf 88' lang='lat' dir='ltr'><strong>autem</strong></span> <span class='ocrx_word' id='word_1_39' title='bbox 871 591 961 630; x_wconf 90' lang='lat' dir='ltr'><strong>meum</strong></span> <span class='ocrx_word' id='word_1_40' title='bbox 979 573 1155 649; x_wconf 86' lang='lat' dir='ltr'><strong>blasphemet,</strong></span> <span class='ocrx_word' id='word_1_41' title='bbox 1177 592 1239 633; x_wconf 90' lang='lat' dir='ltr'><strong>eum</strong></span> <span class='ocrx_word' id='word_1_42' title='bbox 1253 592 1310 634; x_wconf 82' lang='lat' dir='ltr'><strong>car·</strong></span> 
     </span>
     <span class='ocr_line' id='line_1_5' title="bbox 136 656 1310 733; baseline 0.003 -19"><span class='ocrx_word' id='word_1_43' title='bbox 136 676 198 716; x_wconf 89' lang='lat' dir='ltr'><strong>nem</strong></span> <span class='ocrx_word' id='word_1_44' title='bbox 220 661 384 716; x_wconf 80' lang='lat' dir='ltr'><strong>assumsisse</strong></span> <span class='ocrx_word' id='word_1_45' title='bbox 406 661 526 733; x_wconf 85' lang='lat' dir='ltr'><strong>negansl</strong></span> <span class='ocrx_word' id='word_1_46' title='bbox 571 660 619 728; x_wconf 79' lang='lat' dir='ltr'><strong>Qui</strong></span> <span class='ocrx_word' id='word_1_47' title='bbox 651 677 715 717; x_wconf 90' lang='lat' dir='ltr'><strong>vero</strong></span> <span class='ocrx_word' id='word_1_48' title='bbox 744 659 770 715; x_wconf 94' lang='lat' dir='ltr'><strong>id</strong></span> <span class='ocrx_word' id='word_1_49' title='bbox 793 675 848 715; x_wconf 92' lang='lat' dir='ltr'><strong>nou</strong></span> <span class='ocrx_word' id='word_1_50' title='bbox 870 656 1030 732; x_wconf 85' lang='lat' dir='ltr'><strong>profitetur,</strong></span> <span class='ocrx_word' id='word_1_51' title='bbox 1060 659 1082 714; x_wconf 91' lang='lat' dir='ltr'><strong>is</strong></span> <span class='ocrx_word' id='word_1_52' title='bbox 1112 675 1228 732; x_wconf 85' lang='lat' dir='ltr'><strong>prorsus</strong></span> <span class='ocrx_word' id='word_1_53' title='bbox 1248 676 1310 718; x_wconf 84' lang='lat' dir='ltr'><strong>etam</strong></span> 
     </span>
     <span class='ocr_line' id='line_1_6' title="bbox 136 741 1309 816; baseline 0.003 -18"><span class='ocrx_word' id='word_1_54' title='bbox 136 744 252 816; x_wconf 89' lang='lat' dir='ltr'><strong>negavit,</strong></span> <span class='ocrx_word' id='word_1_55' title='bbox 274 744 333 816; x_wconf 92' lang='lat' dir='ltr'><strong>ipse</strong></span> <span class='ocrx_word' id='word_1_56' title='bbox 363 744 444 799; x_wconf 89' lang='lat' dir='ltr'><strong>lunus</strong></span> <span class='ocrx_word' id='word_1_57' title='bbox 467 752 587 816; x_wconf 89' lang='lat' dir='ltr'><strong>portans.</strong></span> <span class='ocrx_word' id='word_1_58' title='bbox 633 744 746 800; x_wconf 80' lang='lat' dir='ltr'>Nomina</span> <span class='ocrx_word' id='word_1_59' title='bbox 775 759 840 798; x_wconf 91' lang='lat' dir='ltr'><strong>vero</strong></span> <span class='ocrx_word' id='word_1_60' title='bbox 869 758 978 811; x_wconf 89' lang='lat' dir='ltr'><strong>eorum,</strong></span> <span class='ocrx_word' id='word_1_61' title='bbox 1010 759 1071 797; x_wconf 87' lang='lat' dir='ltr'><strong>curn</strong></span> <span class='ocrx_word' id='word_1_62' title='bbox 1102 742 1155 797; x_wconf 91' lang='lat' dir='ltr'><strong>sint</strong></span> <span class='ocrx_word' id='word_1_63' title='bbox 1183 741 1309 813; x_wconf 81' lang='lat' dir='ltr'><strong>infidelia¹</strong></span> 
     </span>
     <span class='ocr_line' id='line_1_7' title="bbox 136 825 1310 898; baseline 0.003 -17"><span class='ocrx_word' id='word_1_64' title='bbox 136 843 192 882; x_wconf 90' lang='lat' dir='ltr'><strong>non</strong></span> <span class='ocrx_word' id='word_1_65' title='bbox 213 828 298 882; x_wconf 85' lang='lat' dir='ltr'><strong>visum</strong></span> <span class='ocrx_word' id='word_1_66' title='bbox 321 826 386 883; x_wconf 92' lang='lat' dir='ltr'><strong>mihi</strong></span> <span class='ocrx_word' id='word_1_67' title='bbox 409 835 451 882; x_wconf 89' lang='lat' dir='ltr'><strong>est</strong></span> <span class='ocrx_word' id='word_1_68' title='bbox 474 826 605 883; x_wconf 88' lang='lat' dir='ltr'><strong>scrihere.</strong></span> <span class='ocrx_word' id='word_1_69' title='bbox 640 828 671 883; x_wconf 78' lang='lat' dir='ltr'><strong>lit</strong></span> <span class='ocrx_word' id='word_1_70' title='bbox 692 827 762 883; x_wconf 87' lang='lat' dir='ltr'><strong>absit</strong></span> <span class='ocrx_word' id='word_1_71' title='bbox 784 842 861 893; x_wconf 89' lang='lat' dir='ltr'><strong>arne,</strong></span> <span class='ocrx_word' id='word_1_72' title='bbox 877 831 1013 882; x_wconf 90' lang='lat' dir='ltr'><strong>uteorum</strong></span> <span class='ocrx_word' id='word_1_73' title='bbox 1029 826 1192 881; x_wconf 91' lang='lat' dir='ltr'><strong>mentionem</strong></span> <span class='ocrx_word' id='word_1_74' title='bbox 1205 825 1310 898; x_wconf 79' lang='lat' dir='ltr'><strong>lacirm,</strong></span> 
     </span>
     <span class='ocr_line' id='line_1_8' title="bbox 138 910 1247 983; baseline 0.002 -18"><span class='ocrx_word' id='word_1_75' title='bbox 138 910 226 966; x_wconf 91' lang='lat' dir='ltr'><strong>donec</strong></span> <span class='ocrx_word' id='word_1_76' title='bbox 249 919 419 967; x_wconf 89' lang='lat' dir='ltr'><strong>revertantur</strong></span> <span class='ocrx_word' id='word_1_77' title='bbox 441 911 474 966; x_wconf 91' lang='lat' dir='ltr'><strong>ad</strong></span> <span class='ocrx_word' id='word_1_78' title='bbox 496 913 652 983; x_wconf 88' lang='lat' dir='ltr'><strong>passionem</strong></span> <span class='ocrx_word' id='word_1_79' title='bbox 673 911 780 978; x_wconf 80' lang='lat' dir='ltr'><strong>Christi,</strong></span> <span class='ocrx_word' id='word_1_80' title='bbox 804 926 873 982; x_wconf 85' lang='lat' dir='ltr'><strong>quae</strong></span> <span class='ocrx_word' id='word_1_81' title='bbox 893 917 936 965; x_wconf 90' lang='lat' dir='ltr'><strong>est</strong></span> <span class='ocrx_word' id='word_1_82' title='bbox 955 918 1048 965; x_wconf 90' lang='lat' dir='ltr'><strong>nostra</strong></span> <span class='ocrx_word' id='word_1_83' title='bbox 1070 910 1247 968; x_wconf 87' lang='lat' dir='ltr'><strong>resurrectio.</strong></span> 
     </span>
    </p>
   </div>
   <div class='ocr_carea' id='block_1_3' title="bbox 135 1025 1310 1685">
    <p class='ocr_par' dir='ltr' id='par_1_3' title="bbox 135 1025 1310 1685">
     <span class='ocr_line' id='line_1_9' title="bbox 138 1025 1309 1101; baseline 0.001 -20"><span class='ocrx_word' id='word_1_84' title='bbox 138 1029 190 1083; x_wconf 91' lang='lat' dir='ltr'><strong>tiae</strong></span> <span class='ocrx_word' id='word_1_85' title='bbox 211 1044 390 1100; x_wconf 81' lang='lat' dir='ltr'><strong>persuasere,</strong></span> <span class='ocrx_word' id='word_1_86' title='bbox 420 1044 508 1101; x_wconf 88' lang='lat' dir='ltr'><strong>neque</strong></span> <span class='ocrx_word' id='word_1_87' title='bbox 533 1028 574 1084; x_wconf 82' lang='lat' dir='ltr'><strong>lex</strong></span> <span class='ocrx_word' id='word_1_88' title='bbox 596 1026 728 1094; x_wconf 87' lang='lat' dir='ltr'><strong>llosaica,</strong></span> <span class='ocrx_word' id='word_1_89' title='bbox 751 1042 840 1098; x_wconf 90' lang='lat' dir='ltr'><strong>neque</strong></span> <span class='ocrx_word' id='word_1_90' title='bbox 864 1027 952 1099; x_wconf 91' lang='lat' dir='ltr'><strong>ipsum</strong></span> <span class='ocrx_word' id='word_1_91' title='bbox 973 1025 1145 1100; x_wconf 87' lang='lat' dir='ltr'><strong>Evangelium</strong></span> <span class='ocrx_word' id='word_1_92' title='bbox 1168 1027 1309 1095; x_wconf 86' lang='lat' dir='ltr'><strong>hactenns,</strong></span> 
     </span>
     <span class='ocr_line' id='line_1_10' title="bbox 139 1109 1310 1185; baseline 0.001 -21"><span class='ocrx_word' id='word_1_93' title='bbox 139 1127 226 1184; x_wconf 82' lang='lat' dir='ltr'><strong>neque</strong></span> <span class='ocrx_word' id='word_1_94' title='bbox 257 1112 362 1179; x_wconf 92' lang='lat' dir='ltr'><strong>nostri,</strong></span> <span class='ocrx_word' id='word_1_95' title='bbox 396 1127 465 1184; x_wconf 87' lang='lat' dir='ltr'><strong>quos</strong></span> <span class='ocrx_word' id='word_1_96' title='bbox 496 1111 594 1185; x_wconf 80' lang='lat' dir='ltr'><strong>singuli</strong></span> <span class='ocrx_word' id='word_1_97' title='bbox 626 1110 808 1185; x_wconf 86' lang='lat' dir='ltr'><strong>perierimus,</strong></span> <span class='ocrx_word' id='word_1_98' title='bbox 843 1110 994 1165; x_wconf 87' lang='lat' dir='ltr'><strong>cruciatus:</strong></span> <span class='ocrx_word' id='word_1_99' title='bbox 1033 1127 1094 1166; x_wconf 88' lang='lat' dir='ltr'><strong>nam</strong></span> <span class='ocrx_word' id='word_1_100' title='bbox 1118 1109 1200 1166; x_wconf 90' lang='lat' dir='ltr'><strong>etde</strong></span> <span class='ocrx_word' id='word_1_101' title='bbox 1229 1109 1310 1166; x_wconf 82' lang='lat' dir='ltr'><strong>nobis</strong></span> 
     </span>
     <span class='ocr_line' id='line_1_11' title="bbox 138 1191 1310 1268; baseline 0.002 -20"><span class='ocrx_word' id='word_1_102' title='bbox 138 1194 209 1250; x_wconf 91' lang='lat' dir='ltr'><strong>idern</strong></span> <span class='ocrx_word' id='word_1_103' title='bbox 233 1195 361 1250; x_wconf 90' lang='lat' dir='ltr'><strong>sentiunt.</strong></span> <span class='ocrx_word' id='word_1_104' title='bbox 406 1194 475 1262; x_wconf 81' lang='lat' dir='ltr'><strong>Quid</strong></span> <span class='ocrx_word' id='word_1_105' title='bbox 498 1195 567 1250; x_wconf 91' lang='lat' dir='ltr'><strong>enim</strong></span> <span class='ocrx_word' id='word_1_106' title='bbox 591 1195 654 1250; x_wconf 92' lang='lat' dir='ltr'><strong>mihi</strong></span> <span class='ocrx_word' id='word_1_107' title='bbox 677 1193 805 1268; x_wconf 74' lang='lat' dir='ltr'><strong>prodest,</strong></span> <span class='ocrx_word' id='word_1_108' title='bbox 836 1195 858 1249; x_wconf 91' lang='lat' dir='ltr'><strong>si</strong></span> <span class='ocrx_word' id='word_1_109' title='bbox 889 1193 951 1266; x_wconf 88' lang='lat' dir='ltr'><strong>quis</strong></span> <span class='ocrx_word' id='word_1_110' title='bbox 974 1210 1016 1249; x_wconf 92' lang='lat' dir='ltr'><strong>me</strong></span> <span class='ocrx_word' id='word_1_111' title='bbox 1039 1193 1144 1260; x_wconf 89' lang='lat' dir='ltr'><strong>laudet,</strong></span> <span class='ocrx_word' id='word_1_112' title='bbox 1167 1191 1310 1250; x_wconf 85' lang='lat' dir='ltr'><strong>Dominum</strong></span> 
     </span>
     <span class='ocr_line' id='line_1_12' title="bbox 137 1276 1309 1351; baseline 0.002 -21"><span class='ocrx_word' id='word_1_113' title='bbox 137 1287 225 1333; x_wconf 89' lang='lat' dir='ltr'><strong>autem</strong></span> <span class='ocrx_word' id='word_1_114' title='bbox 247 1295 336 1334; x_wconf 88' lang='lat' dir='ltr'><strong>meum</strong></span> <span class='ocrx_word' id='word_1_115' title='bbox 359 1277 536 1351; x_wconf 87' lang='lat' dir='ltr'><strong>blasphemet,</strong></span> <span class='ocrx_word' id='word_1_116' title='bbox 559 1295 613 1333; x_wconf 91' lang='lat' dir='ltr'><strong>nou</strong></span> <span class='ocrx_word' id='word_1_117' title='bbox 637 1276 772 1332; x_wconf 82' lang='lat' dir='ltr'><strong>confitens</strong></span> <span class='ocrx_word' id='word_1_118' title='bbox 796 1278 885 1350; x_wconf 90' lang='lat' dir='ltr'><strong>ipsum</strong></span> <span class='ocrx_word' id='word_1_119' title='bbox 907 1293 987 1332; x_wconf 83' lang='lat' dir='ltr'><strong>carne</strong></span> <span class='ocrx_word' id='word_1_120' title='bbox 1005 1276 1146 1332; x_wconf 87' lang='lat' dir='ltr'><strong>indutuml</strong></span> <span class='ocrx_word' id='word_1_121' title='bbox 1172 1276 1221 1343; x_wconf 79' lang='lat' dir='ltr'><strong>Qui</strong></span> <span class='ocrx_word' id='word_1_122' title='bbox 1243 1292 1309 1332; x_wconf 92' lang='lat' dir='ltr'><strong>vero</strong></span> 
     </span>
     <span class='ocr_line' id='line_1_13' title="bbox 138 1359 1309 1436; baseline 0.003 -22"><span class='ocrx_word' id='word_1_123' title='bbox 138 1360 165 1415; x_wconf 90' lang='lat' dir='ltr'><strong>id</strong></span> <span class='ocrx_word' id='word_1_124' title='bbox 195 1377 248 1416; x_wconf 91' lang='lat' dir='ltr'><strong>uon</strong></span> <span class='ocrx_word' id='word_1_125' title='bbox 279 1360 357 1429; x_wconf 84' lang='lat' dir='ltr'><strong>dicit,</strong></span> <span class='ocrx_word' id='word_1_126' title='bbox 387 1378 501 1436; x_wconf 86' lang='lat' dir='ltr'><strong>prorsus</strong></span> <span class='ocrx_word' id='word_1_127' title='bbox 532 1361 620 1434; x_wconf 90' lang='lat' dir='ltr'><strong>ipsum</strong></span> <span class='ocrx_word' id='word_1_128' title='bbox 643 1361 763 1434; x_wconf 86' lang='lat' dir='ltr'><strong>negavit,</strong></span> <span class='ocrx_word' id='word_1_129' title='bbox 790 1362 907 1417; x_wconf 85' lang='lat' dir='ltr'><strong>cadaver</strong></span> <span class='ocrx_word' id='word_1_130' title='bbox 937 1359 1139 1416; x_wconf 80' lang='lat' dir='ltr'><strong>circumferens.</strong></span> <span class='ocrx_word' id='word_1_131' title='bbox 1184 1359 1309 1417; x_wconf 83' lang='lat' dir='ltr'><strong>Ceterum</strong></span> 
     </span>
     <span class='ocr_line' id='line_1_14' title="bbox 135 1440 1309 1518; baseline 0.002 -20"><span class='ocrx_word' id='word_1_132' title='bbox 135 1442 245 1500; x_wconf 90' lang='lat' dir='ltr'><strong>nomina</strong></span> <span class='ocrx_word' id='word_1_133' title='bbox 266 1461 378 1513; x_wconf 92' lang='lat' dir='ltr'><strong>eorum,</strong></span> <span class='ocrx_word' id='word_1_134' title='bbox 401 1461 462 1500; x_wconf 91' lang='lat' dir='ltr'><strong>cum</strong></span> <span class='ocrx_word' id='word_1_135' title='bbox 485 1444 539 1500; x_wconf 93' lang='lat' dir='ltr'><strong>sint</strong></span> <span class='ocrx_word' id='word_1_136' title='bbox 560 1443 692 1518; x_wconf 76' lang='lat' dir='ltr'><strong>infideliaj,</strong></span> <span class='ocrx_word' id='word_1_137' title='bbox 715 1443 757 1499; x_wconf 92' lang='lat' dir='ltr'><strong>his</strong></span> <span class='ocrx_word' id='word_1_138' title='bbox 780 1443 865 1500; x_wconf 93' lang='lat' dir='ltr'><strong>literis</strong></span> <span class='ocrx_word' id='word_1_139' title='bbox 894 1444 1015 1499; x_wconf 89' lang='lat' dir='ltr'><strong>inserere</strong></span> <span class='ocrx_word' id='word_1_140' title='bbox 1045 1460 1099 1499; x_wconf 94' lang='lat' dir='ltr'><strong>non</strong></span> <span class='ocrx_word' id='word_1_141' title='bbox 1128 1440 1213 1499; x_wconf 78' lang='lat' dir='ltr'><strong>libuit</strong></span> <span class='ocrx_word' id='word_1_142' title='bbox 1256 1440 1309 1500; x_wconf 77' lang='lat' dir='ltr'><strong>set</strong></span> 
     </span>
     <span class='ocr_line' id='line_1_15' title="bbox 137 1525 1310 1601; baseline 0.002 -19"><span class='ocrx_word' id='word_1_143' title='bbox 137 1526 207 1583; x_wconf 85' lang='lat' dir='ltr'><strong>absit</strong></span> <span class='ocrx_word' id='word_1_144' title='bbox 228 1543 243 1583; x_wconf 89' lang='lat' dir='ltr'><strong>a</strong></span> <span class='ocrx_word' id='word_1_145' title='bbox 264 1544 326 1597; x_wconf 91' lang='lat' dir='ltr'><strong>me,</strong></span> <span class='ocrx_word' id='word_1_146' title='bbox 349 1535 493 1584; x_wconf 90' lang='lat' dir='ltr'><strong>uteorum</strong></span> <span class='ocrx_word' id='word_1_147' title='bbox 517 1529 682 1584; x_wconf 86' lang='lat' dir='ltr'><strong>mentionem</strong></span> <span class='ocrx_word' id='word_1_148' title='bbox 712 1527 823 1596; x_wconf 90' lang='lat' dir='ltr'><strong>laciam,</strong></span> <span class='ocrx_word' id='word_1_149' title='bbox 851 1527 939 1583; x_wconf 91' lang='lat' dir='ltr'><strong>donec</strong></span> <span class='ocrx_word' id='word_1_150' title='bbox 965 1526 1129 1601; x_wconf 88' lang='lat' dir='ltr'><strong>resipiscant</strong></span> <span class='ocrx_word' id='word_1_151' title='bbox 1150 1525 1184 1583; x_wconf 93' lang='lat' dir='ltr'><strong>ad</strong></span> <span class='ocrx_word' id='word_1_152' title='bbox 1205 1526 1310 1601; x_wconf 86' lang='lat' dir='ltr'><strong>passio·</strong></span> 
     </span>
     <span class='ocr_line' id='line_1_16' title="bbox 137 1611 685 1685; baseline -0.002 -20"><span class='ocrx_word' id='word_1_153' title='bbox 137 1627 211 1680; x_wconf 91' lang='lat' dir='ltr'><strong>nem,</strong></span> <span class='ocrx_word' id='word_1_154' title='bbox 234 1628 304 1685; x_wconf 85' lang='lat' dir='ltr'><strong>qnae</strong></span> <span class='ocrx_word' id='word_1_155' title='bbox 328 1619 371 1668; x_wconf 88' lang='lat' dir='ltr'><strong>est</strong></span> <span class='ocrx_word' id='word_1_156' title='bbox 393 1619 487 1668; x_wconf 89' lang='lat' dir='ltr'><strong>nostra</strong></span> <span class='ocrx_word' id='word_1_157' title='bbox 509 1611 685 1668; x_wconf 88' lang='lat' dir='ltr'><strong>resurreetio.</strong></span> 
     </span>
    </p>
   </div>
   <div class='ocr_carea' id='block_1_4' title="bbox 155 1760 1290 1919">
    <p class='ocr_par' dir='ltr' id='par_1_4' title="bbox 155 1760 1290 1919">
     <span class='ocr_line' id='line_1_17' title="bbox 155 1760 1290 1836; baseline 0.002 -20"><span class='ocrx_word' id='word_1_158' title='bbox 155 1760 197 1816; x_wconf 85' lang='lat' dir='ltr'><strong>Vl.</strong></span> <span class='ocrx_word' id='word_1_159' title='bbox 241 1762 298 1832; x_wconf 84' lang='lat' dir='ltr'><strong>Qui</strong></span> <span class='ocrx_word' id='word_1_160' title='bbox 318 1779 374 1819; x_wconf 81' lang='lat' dir='ltr'><strong>non</strong></span> <span class='ocrx_word' id='word_1_161' title='bbox 395 1764 482 1819; x_wconf 85' lang='lat' dir='ltr'><strong>eredit</strong></span> <span class='ocrx_word' id='word_1_162' title='bbox 501 1763 532 1818; x_wconf 85' lang='lat' dir='ltr'><strong>in</strong></span> <span class='ocrx_word' id='word_1_163' title='bbox 552 1764 718 1836; x_wconf 70' lang='lat' dir='ltr'><strong>sauguinem</strong></span> <span class='ocrx_word' id='word_1_164' title='bbox 740 1761 855 1825; x_wconf 78' lang='lat' dir='ltr'><strong>Christi,</strong></span> <span class='ocrx_word' id='word_1_165' title='bbox 884 1761 1070 1825; x_wconf 80' lang='lat' dir='ltr'><strong>iudicabitur,</strong></span> <span class='ocrx_word' id='word_1_166' title='bbox 1101 1760 1151 1818; x_wconf 80' lang='lat' dir='ltr'><strong>etei</strong></span> <span class='ocrx_word' id='word_1_167' title='bbox 1171 1760 1290 1834; x_wconf 72' lang='lat' dir='ltr'><strong>cupetur</strong></span> 
     </span>
     <span class='ocr_line' id='line_1_18' title="bbox 366 1862 1085 1919; baseline -0.003 -2"><span class='ocrx_word' id='word_1_168' title='bbox 366 1868 442 1919; x_wconf 81' lang='lat' dir='ltr'><strong>esset.</strong></span> <span class='ocrx_word' id='word_1_169' title='bbox 485 1863 640 1919; x_wconf 82' lang='lat' dir='ltr'><strong>Haereticic</strong></span> <span class='ocrx_word' id='word_1_170' title='bbox 659 1864 719 1918; x_wconf 81' lang='lat' dir='ltr'><strong>istis</strong></span> <span class='ocrx_word' id='word_1_171' title='bbox 741 1863 822 1917; x_wconf 85' lang='lat' dir='ltr'><strong>etiarn</strong></span> <span class='ocrx_word' id='word_1_172' title='bbox 843 1862 958 1917; x_wconf 79' lang='lat' dir='ltr'><strong>virtutes</strong></span> <span class='ocrx_word' id='word_1_173' title='bbox 980 1863 1085 1918; x_wconf 84' lang='lat' dir='ltr'><strong>desunt.</strong></span> 
     </span>
    </p>
   </div>
   <div class='ocr_carea' id='block_1_5' title="bbox 135 1977 1309 2468">
    <p class='ocr_par' dir='ltr' id='par_1_5' title="bbox 135 1977 1309 2468">
     <span class='ocr_line' id='line_1_19' title="bbox 219 1977 1309 2053; baseline 0.003 -21"><span class='ocrx_word' id='word_1_174' title='bbox 219 1977 302 2034; x_wconf 81' lang='lat' dir='ltr'><strong>h&#39;erno</strong></span> <span class='ocrx_word' id='word_1_175' title='bbox 325 1987 407 2035; x_wconf 90' lang='lat' dir='ltr'><strong>erret.</strong></span> <span class='ocrx_word' id='word_1_176' title='bbox 450 1977 525 2034; x_wconf 85' lang='lat' dir='ltr'><strong>Etsi</strong></span> <span class='ocrx_word' id='word_1_177' title='bbox 549 1977 693 2048; x_wconf 87' lang='lat' dir='ltr'><strong>coelestes,</strong></span> <span class='ocrx_word' id='word_1_178' title='bbox 716 1987 743 2034; x_wconf 90' lang='lat' dir='ltr'><strong>et</strong></span> <span class='ocrx_word' id='word_1_179' title='bbox 766 1978 850 2053; x_wconf 90' lang='lat' dir='ltr'><strong>gloria</strong></span> <span class='ocrx_word' id='word_1_180' title='bbox 872 1978 1039 2052; x_wconf 85' lang='lat' dir='ltr'><strong>angelorum,</strong></span> <span class='ocrx_word' id='word_1_181' title='bbox 1062 1985 1090 2034; x_wconf 91' lang='lat' dir='ltr'><strong>et</strong></span> <span class='ocrx_word' id='word_1_182' title='bbox 1110 1979 1250 2052; x_wconf 85' lang='lat' dir='ltr'><strong>principes</strong></span> <span class='ocrx_word' id='word_1_183' title='bbox 1272 1979 1309 2034; x_wconf 92' lang='lat' dir='ltr'><strong>vi·</strong></span> 
     </span>
     <span class='ocr_line' id='line_1_20' title="bbox 135 2060 1309 2136; baseline 0.004 -21"><span class='ocrx_word' id='word_1_184' title='bbox 135 2060 229 2116; x_wconf 86' lang='lat' dir='ltr'><strong>sibiles</strong></span> <span class='ocrx_word' id='word_1_185' title='bbox 250 2069 277 2118; x_wconf 91' lang='lat' dir='ltr'><strong>et</strong></span> <span class='ocrx_word' id='word_1_186' title='bbox 298 2061 445 2119; x_wconf 83' lang='lat' dir='ltr'><strong>invisibiles</strong></span> <span class='ocrx_word' id='word_1_187' title='bbox 474 2079 528 2117; x_wconf 91' lang='lat' dir='ltr'><strong>non</strong></span> <span class='ocrx_word' id='word_1_188' title='bbox 552 2062 665 2118; x_wconf 85' lang='lat' dir='ltr'><strong>credant</strong></span> <span class='ocrx_word' id='word_1_189' title='bbox 690 2063 717 2119; x_wconf 90' lang='lat' dir='ltr'><strong>in</strong></span> <span class='ocrx_word' id='word_1_190' title='bbox 746 2063 904 2135; x_wconf 88' lang='lat' dir='ltr'><strong>sanguinem</strong></span> <span class='ocrx_word' id='word_1_191' title='bbox 926 2062 1040 2130; x_wconf 76' lang='lat' dir='ltr'><strong>Christi,</strong></span> <span class='ocrx_word' id='word_1_192' title='bbox 1068 2069 1095 2117; x_wconf 97' lang='lat' dir='ltr'><strong>et</strong></span> <span class='ocrx_word' id='word_1_193' title='bbox 1124 2062 1176 2136; x_wconf 91' lang='lat' dir='ltr'><strong>ipsi</strong></span> <span class='ocrx_word' id='word_1_194' title='bbox 1210 2061 1309 2120; x_wconf 79' lang='lat' dir='ltr'><strong>iudica·</strong></span> 
     </span>
     <span class='ocr_line' id='line_1_21' title="bbox 136 2142 1309 2220; baseline 0.002 -21"><span class='ocrx_word' id='word_1_195' title='bbox 136 2143 245 2201; x_wconf 91' lang='lat' dir='ltr'><strong>huntur.</strong></span> <span class='ocrx_word' id='word_1_196' title='bbox 287 2146 355 2214; x_wconf 79' lang='lat' dir='ltr'><strong>,Qui</strong></span> <span class='ocrx_word' id='word_1_197' title='bbox 389 2162 487 2219; x_wconf 86' lang='lat' dir='ltr'><strong>capere</strong></span> <span class='ocrx_word' id='word_1_198' title='bbox 509 2153 612 2217; x_wconf 89' lang='lat' dir='ltr'><strong>potest,</strong></span> <span class='ocrx_word' id='word_1_199' title='bbox 642 2142 752 2220; x_wconf 87' lang='lat' dir='ltr'><strong>capiat‘</strong></span> <span class='ocrx_word' id='word_1_200' title='bbox 796 2145 885 2201; x_wconf 85' lang='lat' dir='ltr'><strong>boens</strong></span> <span class='ocrx_word' id='word_1_201' title='bbox 917 2145 1052 2202; x_wconf 87' lang='lat' dir='ltr'><strong>nemiuem</strong></span> <span class='ocrx_word' id='word_1_202' title='bbox 1080 2143 1192 2214; x_wconf 82' lang='lat' dir='ltr'><strong>efferat3</strong></span> <span class='ocrx_word' id='word_1_203' title='bbox 1224 2153 1309 2202; x_wconf 92' lang='lat' dir='ltr'><strong>totum</strong></span> 
     </span>
     <span class='ocr_line' id='line_1_22' title="bbox 136 2227 1308 2305; baseline 0.003 -23"><span class='ocrx_word' id='word_1_204' title='bbox 136 2228 207 2283; x_wconf 92' lang='lat' dir='ltr'><strong>enim</strong></span> <span class='ocrx_word' id='word_1_205' title='bbox 229 2236 272 2284; x_wconf 91' lang='lat' dir='ltr'><strong>est</strong></span> <span class='ocrx_word' id='word_1_206' title='bbox 292 2227 361 2284; x_wconf 85' lang='lat' dir='ltr'><strong>sides</strong></span> <span class='ocrx_word' id='word_1_207' title='bbox 383 2236 410 2285; x_wconf 89' lang='lat' dir='ltr'><strong>et</strong></span> <span class='ocrx_word' id='word_1_208' title='bbox 432 2230 561 2295; x_wconf 87' lang='lat' dir='ltr'><strong>charitas,</strong></span> <span class='ocrx_word' id='word_1_209' title='bbox 592 2228 690 2302; x_wconf 89' lang='lat' dir='ltr'><strong>quibus</strong></span> <span class='ocrx_word' id='word_1_210' title='bbox 714 2230 781 2305; x_wconf 88' lang='lat' dir='ltr'><strong>nihil</strong></span> <span class='ocrx_word' id='word_1_211' title='bbox 802 2229 992 2302; x_wconf 83' lang='lat' dir='ltr'><strong>praestantius.</strong></span> <span class='ocrx_word' id='word_1_212' title='bbox 1035 2227 1212 2285; x_wconf 86' lang='lat' dir='ltr'><strong>Considerate</strong></span> <span class='ocrx_word' id='word_1_213' title='bbox 1243 2244 1308 2286; x_wconf 88' lang='lat' dir='ltr'><strong>vero</strong></span> 
     </span>
     <span class='ocr_line' id='line_1_23' title="bbox 136 2310 1309 2385; baseline 0.003 -20"><span class='ocrx_word' id='word_1_214' title='bbox 136 2327 198 2380; x_wconf 87' lang='lat' dir='ltr'><strong>eos,</strong></span> <span class='ocrx_word' id='word_1_215' title='bbox 222 2313 267 2384; x_wconf 87' lang='lat' dir='ltr'><strong>qui</strong></span> <span class='ocrx_word' id='word_1_216' title='bbox 289 2312 322 2368; x_wconf 90' lang='lat' dir='ltr'><strong>de</strong></span> <span class='ocrx_word' id='word_1_217' title='bbox 345 2313 430 2385; x_wconf 84' lang='lat' dir='ltr'><strong>gratia</strong></span> <span class='ocrx_word' id='word_1_218' title='bbox 452 2313 512 2369; x_wconf 90' lang='lat' dir='ltr'><strong>lesu</strong></span> <span class='ocrx_word' id='word_1_219' title='bbox 535 2313 647 2379; x_wconf 90' lang='lat' dir='ltr'><strong>Christi,</strong></span> <span class='ocrx_word' id='word_1_220' title='bbox 680 2329 749 2385; x_wconf 88' lang='lat' dir='ltr'><strong>quae</strong></span> <span class='ocrx_word' id='word_1_221' title='bbox 771 2311 804 2366; x_wconf 89' lang='lat' dir='ltr'><strong>ad</strong></span> <span class='ocrx_word' id='word_1_222' title='bbox 826 2329 876 2367; x_wconf 89' lang='lat' dir='ltr'><strong>nos</strong></span> <span class='ocrx_word' id='word_1_223' title='bbox 898 2312 984 2379; x_wconf 90' lang='lat' dir='ltr'><strong>venit,</strong></span> <span class='ocrx_word' id='word_1_224' title='bbox 1017 2310 1130 2366; x_wconf 84' lang='lat' dir='ltr'><strong>alienam</strong></span> <span class='ocrx_word' id='word_1_225' title='bbox 1152 2311 1309 2384; x_wconf 85' lang='lat' dir='ltr'><strong>opinionem</strong></span> 
     </span>
     <span class='ocr_line' id='line_1_24' title="bbox 135 2393 1309 2468; baseline 0 -20"><span class='ocrx_word' id='word_1_226' title='bbox 135 2402 252 2462; x_wconf 87' lang='lat' dir='ltr'><strong>tuentur,</strong></span> <span class='ocrx_word' id='word_1_227' title='bbox 275 2396 413 2468; x_wconf 83' lang='lat' dir='ltr'><strong>quomodo</strong></span> <span class='ocrx_word' id='word_1_228' title='bbox 437 2396 565 2452; x_wconf 88' lang='lat' dir='ltr'><strong>contrarii</strong></span> <span class='ocrx_word' id='word_1_229' title='bbox 588 2396 643 2450; x_wconf 91' lang='lat' dir='ltr'><strong>sint</strong></span> <span class='ocrx_word' id='word_1_230' title='bbox 664 2393 767 2450; x_wconf 90' lang='lat' dir='ltr'><strong>divinae</strong></span> <span class='ocrx_word' id='word_1_231' title='bbox 791 2393 927 2450; x_wconf 85' lang='lat' dir='ltr'><strong>voluntati.</strong></span> <span class='ocrx_word' id='word_1_232' title='bbox 958 2393 1017 2449; x_wconf 91' lang='lat' dir='ltr'><strong>Non</strong></span> <span class='ocrx_word' id='word_1_233' title='bbox 1035 2393 1151 2449; x_wconf 89' lang='lat' dir='ltr'><strong>charitas</strong></span> <span class='ocrx_word' id='word_1_234' title='bbox 1171 2394 1211 2449; x_wconf 88' lang='lat' dir='ltr'><strong>eis</strong></span> <span class='ocrx_word' id='word_1_235' title='bbox 1228 2409 1309 2450; x_wconf 81' lang='lat' dir='ltr'><strong>curae</strong></span> 
     </span>
    </p>
   </div>
   <div class='ocr_carea' id='block_1_6' title="bbox 135 2475 1308 2619">
    <p class='ocr_par' dir='ltr' id='par_1_6' title="bbox 135 2475 1308 2619">
     <span class='ocr_line' id='line_1_25' title="bbox 136 2475 1308 2554; baseline -0.001 -22"><span class='ocrx_word' id='word_1_236' title='bbox 136 2484 186 2542; x_wconf 89' lang='lat' dir='ltr'><strong>est,</strong></span> <span class='ocrx_word' id='word_1_237' title='bbox 209 2494 264 2534; x_wconf 91' lang='lat' dir='ltr'><strong>nou</strong></span> <span class='ocrx_word' id='word_1_238' title='bbox 286 2478 374 2548; x_wconf 89' lang='lat' dir='ltr'><strong>vidua,</strong></span> <span class='ocrx_word' id='word_1_239' title='bbox 395 2496 450 2535; x_wconf 93' lang='lat' dir='ltr'><strong>nou</strong></span> <span class='ocrx_word' id='word_1_240' title='bbox 473 2478 581 2554; x_wconf 88' lang='lat' dir='ltr'><strong>pupilla,</strong></span> <span class='ocrx_word' id='word_1_241' title='bbox 605 2494 659 2534; x_wconf 91' lang='lat' dir='ltr'><strong>non</strong></span> <span class='ocrx_word' id='word_1_242' title='bbox 683 2492 841 2552; x_wconf 88' lang='lat' dir='ltr'><strong>oppressus,</strong></span> <span class='ocrx_word' id='word_1_243' title='bbox 864 2493 918 2532; x_wconf 94' lang='lat' dir='ltr'><strong>non</strong></span> <span class='ocrx_word' id='word_1_244' title='bbox 938 2477 1043 2533; x_wconf 87' lang='lat' dir='ltr'><strong>vinctus</strong></span> <span class='ocrx_word' id='word_1_245' title='bbox 1060 2475 1103 2531; x_wconf 90' lang='lat' dir='ltr'><strong>vel</strong></span> <span class='ocrx_word' id='word_1_246' title='bbox 1117 2475 1232 2544; x_wconf 87' lang='lat' dir='ltr'><strong>solutus,</strong></span> <span class='ocrx_word' id='word_1_247' title='bbox 1254 2490 1308 2531; x_wconf 89' lang='lat' dir='ltr'><strong>non</strong></span> 
     </span>
     <span class='ocr_line' id='line_1_26' title="bbox 135 2561 447 2619; baseline 0.003 -3"><span class='ocrx_word' id='word_1_248' title='bbox 135 2561 258 2618; x_wconf 88' lang='lat' dir='ltr'><strong>esuriens</strong></span> <span class='ocrx_word' id='word_1_249' title='bbox 277 2561 320 2619; x_wconf 91' lang='lat' dir='ltr'><strong>vel</strong></span> <span class='ocrx_word' id='word_1_250' title='bbox 343 2563 447 2619; x_wconf 89' lang='lat' dir='ltr'><strong>sitiens.</strong></span> 
     </span>
    </p>
   </div>
   <div class='ocr_carea' id='block_1_7' title="bbox 133 2671 1309 3336">
    <p class='ocr_par' dir='ltr' id='par_1_7' title="bbox 133 2671 1309 3336">
     <span class='ocr_line' id='line_1_27' title="bbox 217 2671 1308 2750; baseline 0 -18"><span class='ocrx_word' id='word_1_251' title='bbox 217 2671 286 2735; x_wconf 68' lang='lat' dir='ltr'><strong>‘Vl</strong></span> <span class='ocrx_word' id='word_1_252' title='bbox 328 2679 412 2736; x_wconf 89' lang='lat' dir='ltr'><strong>Nemo</strong></span> <span class='ocrx_word' id='word_1_253' title='bbox 436 2687 525 2744; x_wconf 87' lang='lat' dir='ltr'><strong>erret,</strong></span> <span class='ocrx_word' id='word_1_254' title='bbox 540 2684 575 2734; x_wconf 57' lang='lat' dir='ltr'><strong>*et</strong></span> <span class='ocrx_word' id='word_1_255' title='bbox 596 2676 744 2745; x_wconf 89' lang='lat' dir='ltr'><strong>eoelestia,</strong></span> <span class='ocrx_word' id='word_1_256' title='bbox 763 2684 790 2733; x_wconf 91' lang='lat' dir='ltr'><strong>et</strong></span> <span class='ocrx_word' id='word_1_257' title='bbox 813 2676 898 2750; x_wconf 89' lang='lat' dir='ltr'><strong>gloria</strong></span> <span class='ocrx_word' id='word_1_258' title='bbox 918 2674 1097 2749; x_wconf 79' lang='lat' dir='ltr'><strong>Angelorum,</strong></span> <span class='ocrx_word' id='word_1_259' title='bbox 1119 2682 1145 2731; x_wconf 91' lang='lat' dir='ltr'><strong>et</strong></span> <span class='ocrx_word' id='word_1_260' title='bbox 1167 2673 1308 2750; x_wconf 88' lang='lat' dir='ltr'><strong>principes</strong></span> 
     </span>
     <span class='ocr_line' id='line_1_28' title="bbox 135 2757 1307 2833; baseline 0.003 -20"><span class='ocrx_word' id='word_1_261' title='bbox 135 2760 254 2819; x_wconf 88' lang='lat' dir='ltr'><strong>visibiles</strong></span> <span class='ocrx_word' id='word_1_262' title='bbox 282 2771 310 2818; x_wconf 91' lang='lat' dir='ltr'><strong>et</strong></span> <span class='ocrx_word' id='word_1_263' title='bbox 336 2763 492 2819; x_wconf 81' lang='lat' dir='ltr'><strong>invisibiles.</strong></span> <span class='ocrx_word' id='word_1_264' title='bbox 536 2761 564 2816; x_wconf 86' lang='lat' dir='ltr'><strong>Si</strong></span> <span class='ocrx_word' id='word_1_265' title='bbox 593 2778 647 2816; x_wconf 93' lang='lat' dir='ltr'><strong>non</strong></span> <span class='ocrx_word' id='word_1_266' title='bbox 676 2760 814 2816; x_wconf 90' lang='lat' dir='ltr'><strong>credimus</strong></span> <span class='ocrx_word' id='word_1_267' title='bbox 844 2761 869 2815; x_wconf 93' lang='lat' dir='ltr'><strong>in</strong></span> <span class='ocrx_word' id='word_1_268' title='bbox 899 2758 1058 2833; x_wconf 87' lang='lat' dir='ltr'><strong>sanguinein</strong></span> <span class='ocrx_word' id='word_1_269' title='bbox 1086 2757 1198 2826; x_wconf 89' lang='lat' dir='ltr'><strong>Christi,</strong></span> <span class='ocrx_word' id='word_1_270' title='bbox 1228 2757 1307 2816; x_wconf 77' lang='lat' dir='ltr'><strong>etiam</strong></span> 
     </span>
     <span class='ocr_line' id='line_1_29' title="bbox 135 2840 1307 2918; baseline 0 -18"><span class='ocrx_word' id='word_1_271' title='bbox 135 2843 185 2900; x_wconf 87' lang='lat' dir='ltr'><strong>illis</strong></span> <span class='ocrx_word' id='word_1_272' title='bbox 206 2844 400 2903; x_wconf 89' lang='lat' dir='ltr'><strong>iudiciurnest.</strong></span> <span class='ocrx_word' id='word_1_273' title='bbox 445 2846 503 2914; x_wconf 77' lang='lat' dir='ltr'><strong>‚uui</strong></span> <span class='ocrx_word' id='word_1_274' title='bbox 526 2845 606 2917; x_wconf 88' lang='lat' dir='ltr'><strong>capit,</strong></span> <span class='ocrx_word' id='word_1_275' title='bbox 630 2840 741 2918; x_wconf 89' lang='lat' dir='ltr'><strong>capiat:‘</strong></span> <span class='ocrx_word' id='word_1_276' title='bbox 770 2843 847 2900; x_wconf 89' lang='lat' dir='ltr'><strong>locus</strong></span> <span class='ocrx_word' id='word_1_277' title='bbox 868 2841 1107 2899; x_wconf 88' lang='lat' dir='ltr'><strong>nemineminllet:</strong></span> <span class='ocrx_word' id='word_1_278' title='bbox 1138 2848 1307 2900; x_wconf 86' lang='lat' dir='ltr'><strong>rotumnam·</strong></span> 
     </span>
     <span class='ocr_line' id='line_1_30' title="bbox 135 2925 1308 3003; baseline -0.003 -20"><span class='ocrx_word' id='word_1_279' title='bbox 135 2944 188 3000; x_wconf 86' lang='lat' dir='ltr'><strong>que</strong></span> <span class='ocrx_word' id='word_1_280' title='bbox 216 2938 244 2985; x_wconf 93' lang='lat' dir='ltr'><strong>et</strong></span> <span class='ocrx_word' id='word_1_281' title='bbox 271 2931 447 3003; x_wconf 88' lang='lat' dir='ltr'><strong>praecipuum</strong></span> <span class='ocrx_word' id='word_1_282' title='bbox 481 2938 523 2985; x_wconf 87' lang='lat' dir='ltr'><strong>est</strong></span> <span class='ocrx_word' id='word_1_283' title='bbox 555 2927 637 2996; x_wconf 91' lang='lat' dir='ltr'><strong>lidcs,</strong></span> <span class='ocrx_word' id='word_1_284' title='bbox 660 2936 688 2984; x_wconf 94' lang='lat' dir='ltr'><strong>et</strong></span> <span class='ocrx_word' id='word_1_285' title='bbox 709 2928 820 2996; x_wconf 90' lang='lat' dir='ltr'><strong>caritas,</strong></span> <span class='ocrx_word' id='word_1_286' title='bbox 844 2926 944 3000; x_wconf 92' lang='lat' dir='ltr'><strong>quibus</strong></span> <span class='ocrx_word' id='word_1_287' title='bbox 965 2925 1033 2982; x_wconf 91' lang='lat' dir='ltr'><strong>nihil</strong></span> <span class='ocrx_word' id='word_1_288' title='bbox 1054 2926 1236 3001; x_wconf 90' lang='lat' dir='ltr'><strong>praestantius</strong></span> <span class='ocrx_word' id='word_1_289' title='bbox 1258 2935 1308 2983; x_wconf 81' lang='lat' dir='ltr'><strong>ert.</strong></span> 
     </span>
     <span class='ocr_line' id='line_1_31' title="bbox 135 3009 1307 3084; baseline -0.002 -18"><span class='ocrx_word' id='word_1_290' title='bbox 135 3011 310 3069; x_wconf 79' lang='lat' dir='ltr'><strong>Considerate</strong></span> <span class='ocrx_word' id='word_1_291' title='bbox 332 3020 420 3069; x_wconf 89' lang='lat' dir='ltr'><strong>autem</strong></span> <span class='ocrx_word' id='word_1_292' title='bbox 441 3030 506 3080; x_wconf 88' lang='lat' dir='ltr'><strong>eos,</strong></span> <span class='ocrx_word' id='word_1_293' title='bbox 528 3011 574 3084; x_wconf 81' lang='lat' dir='ltr'><strong>qui</strong></span> <span class='ocrx_word' id='word_1_294' title='bbox 597 3011 681 3068; x_wconf 89' lang='lat' dir='ltr'><strong>aliena</strong></span> <span class='ocrx_word' id='word_1_295' title='bbox 705 3011 824 3067; x_wconf 90' lang='lat' dir='ltr'><strong>sentiunt</strong></span> <span class='ocrx_word' id='word_1_296' title='bbox 846 3011 880 3066; x_wconf 92' lang='lat' dir='ltr'><strong>de</strong></span> <span class='ocrx_word' id='word_1_297' title='bbox 910 3010 995 3083; x_wconf 89' lang='lat' dir='ltr'><strong>gratia</strong></span> <span class='ocrx_word' id='word_1_298' title='bbox 1018 3009 1079 3066; x_wconf 90' lang='lat' dir='ltr'><strong>lesu</strong></span> <span class='ocrx_word' id='word_1_299' title='bbox 1101 3009 1216 3076; x_wconf 90' lang='lat' dir='ltr'><strong>Christi,</strong></span> <span class='ocrx_word' id='word_1_300' title='bbox 1238 3023 1307 3083; x_wconf 81' lang='lat' dir='ltr'><strong>quae</strong></span> 
     </span>
     <span class='ocr_line' id='line_1_32' title="bbox 134 3091 1308 3169; baseline -0.002 -21"><span class='ocrx_word' id='word_1_301' title='bbox 134 3093 160 3148; x_wconf 93' lang='lat' dir='ltr'><strong>in</strong></span> <span class='ocrx_word' id='word_1_302' title='bbox 182 3110 234 3151; x_wconf 89' lang='lat' dir='ltr'><strong>nos</strong></span> <span class='ocrx_word' id='word_1_303' title='bbox 256 3097 391 3169; x_wconf 90' lang='lat' dir='ltr'><strong>pervenit,</strong></span> <span class='ocrx_word' id='word_1_304' title='bbox 415 3096 553 3168; x_wconf 86' lang='lat' dir='ltr'><strong>quomodo</strong></span> <span class='ocrx_word' id='word_1_305' title='bbox 582 3094 758 3151; x_wconf 86' lang='lat' dir='ltr'><strong>adversentur</strong></span> <span class='ocrx_word' id='word_1_306' title='bbox 787 3093 936 3150; x_wconf 88' lang='lat' dir='ltr'><strong>sententiae</strong></span> <span class='ocrx_word' id='word_1_307' title='bbox 958 3093 1004 3149; x_wconf 80' lang='lat' dir='ltr'><strong>liei</strong></span> <span class='ocrx_word' id='word_1_308' title='bbox 1026 3094 1098 3149; x_wconf 89' lang='lat' dir='ltr'><strong>circa</strong></span> <span class='ocrx_word' id='word_1_309' title='bbox 1120 3091 1308 3150; x_wconf 74' lang='lat' dir='ltr'><strong>dilectionemt</strong></span> 
     </span>
     <span class='ocr_line' id='line_1_33' title="bbox 135 3173 1308 3253; baseline 0 -22"><span class='ocrx_word' id='word_1_310' title='bbox 135 3175 205 3232; x_wconf 91' lang='lat' dir='ltr'><strong>nulla</strong></span> <span class='ocrx_word' id='word_1_311' title='bbox 227 3178 295 3253; x_wconf 91' lang='lat' dir='ltr'><strong>ipsis</strong></span> <span class='ocrx_word' id='word_1_312' title='bbox 318 3196 384 3235; x_wconf 92' lang='lat' dir='ltr'><strong>cura</strong></span> <span class='ocrx_word' id='word_1_313' title='bbox 404 3189 446 3234; x_wconf 92' lang='lat' dir='ltr'><strong>est</strong></span> <span class='ocrx_word' id='word_1_314' title='bbox 468 3196 557 3252; x_wconf 86' lang='lat' dir='ltr'><strong>neque</strong></span> <span class='ocrx_word' id='word_1_315' title='bbox 580 3179 613 3234; x_wconf 94' lang='lat' dir='ltr'><strong>de</strong></span> <span class='ocrx_word' id='word_1_316' title='bbox 636 3178 723 3245; x_wconf 87' lang='lat' dir='ltr'><strong>vidua,</strong></span> <span class='ocrx_word' id='word_1_317' title='bbox 746 3195 836 3251; x_wconf 87' lang='lat' dir='ltr'><strong>neque</strong></span> <span class='ocrx_word' id='word_1_318' title='bbox 860 3177 893 3233; x_wconf 91' lang='lat' dir='ltr'><strong>de</strong></span> <span class='ocrx_word' id='word_1_319' title='bbox 915 3176 1028 3251; x_wconf 92' lang='lat' dir='ltr'><strong>pupillo,</strong></span> <span class='ocrx_word' id='word_1_320' title='bbox 1044 3193 1134 3250; x_wconf 87' lang='lat' dir='ltr'><strong>neque</strong></span> <span class='ocrx_word' id='word_1_321' title='bbox 1148 3176 1181 3232; x_wconf 91' lang='lat' dir='ltr'><strong>de</strong></span> <span class='ocrx_word' id='word_1_322' title='bbox 1196 3173 1308 3245; x_wconf 78' lang='lat' dir='ltr'><strong>albicio,</strong></span> 
     </span>
     <span class='ocr_line' id='line_1_34' title="bbox 133 3259 1309 3336; baseline 0 -22"><span class='ocrx_word' id='word_1_323' title='bbox 133 3276 222 3333; x_wconf 89' lang='lat' dir='ltr'><strong>neque</strong></span> <span class='ocrx_word' id='word_1_324' title='bbox 250 3261 284 3319; x_wconf 94' lang='lat' dir='ltr'><strong>de</strong></span> <span class='ocrx_word' id='word_1_325' title='bbox 314 3264 420 3332; x_wconf 86' lang='lat' dir='ltr'><strong>vincto;</strong></span> <span class='ocrx_word' id='word_1_326' title='bbox 449 3279 540 3336; x_wconf 83' lang='lat' dir='ltr'><strong>neque</strong></span> <span class='ocrx_word' id='word_1_327' title='bbox 571 3261 604 3318; x_wconf 92' lang='lat' dir='ltr'><strong>de</strong></span> <span class='ocrx_word' id='word_1_328' title='bbox 633 3260 762 3330; x_wconf 90' lang='lat' dir='ltr'><strong>liberato,</strong></span> <span class='ocrx_word' id='word_1_329' title='bbox 792 3277 881 3334; x_wconf 88' lang='lat' dir='ltr'><strong>neque</strong></span> <span class='ocrx_word' id='word_1_330' title='bbox 909 3259 942 3316; x_wconf 90' lang='lat' dir='ltr'><strong>de</strong></span> <span class='ocrx_word' id='word_1_331' title='bbox 964 3260 1102 3317; x_wconf 90' lang='lat' dir='ltr'><strong>esuriente</strong></span> <span class='ocrx_word' id='word_1_332' title='bbox 1124 3266 1172 3316; x_wconf 91' lang='lat' dir='ltr'><strong>aut</strong></span> <span class='ocrx_word' id='word_1_333' title='bbox 1192 3259 1309 3318; x_wconf 84' lang='lat' dir='ltr'><strong>sitiente.</strong></span> 
     </span>
    </p>
   </div>
   <div class='ocr_carea' id='block_1_8' title="bbox 135 3409 1309 3586">
    <p class='ocr_par' dir='ltr' id='par_1_8' title="bbox 135 3409 1309 3586">
     <span class='ocr_line' id='line_1_35' title="bbox 135 3409 1309 3476; baseline 0.003 -13"><span class='ocrx_word' id='word_1_334' title='bbox 135 3409 187 3465; x_wconf 83' lang='lat' dir='ltr'><strong>vlt.</strong></span> <span class='ocrx_word' id='word_1_335' title='bbox 229 3412 370 3470; x_wconf 83' lang='lat' dir='ltr'><strong>Haeretici</strong></span> <span class='ocrx_word' id='word_1_336' title='bbox 392 3416 436 3470; x_wconf 85' lang='lat' dir='ltr'><strong>isti</strong></span> <span class='ocrx_word' id='word_1_337' title='bbox 458 3415 594 3470; x_wconf 69' lang='lat' dir='ltr'><strong>adiuuent</strong></span> <span class='ocrx_word' id='word_1_338' title='bbox 622 3414 658 3469; x_wconf 84' lang='lat' dir='ltr'><strong>ob</strong></span> <span class='ocrx_word' id='word_1_339' title='bbox 680 3411 875 3476; x_wconf 81' lang='lat' dir='ltr'><strong>Eucharistio,</strong></span> <span class='ocrx_word' id='word_1_340' title='bbox 909 3429 1021 3470; x_wconf 84' lang='lat' dir='ltr'><strong>cernent</strong></span> <span class='ocrx_word' id='word_1_341' title='bbox 1041 3412 1141 3471; x_wconf 79' lang='lat' dir='ltr'><strong>Christi</strong></span> <span class='ocrx_word' id='word_1_342' title='bbox 1168 3427 1229 3468; x_wconf 87' lang='lat' dir='ltr'><strong>eom</strong></span> <span class='ocrx_word' id='word_1_343' title='bbox 1251 3426 1309 3469; x_wconf 80' lang='lat' dir='ltr'><strong>esee</strong></span> 
     </span>
     <span class='ocr_line' id='line_1_36' title="bbox 486 3513 962 3586; baseline -0.002 -17"><span class='ocrx_word' id='word_1_344' title='bbox 486 3519 625 3586; x_wconf 73' lang='lat' dir='ltr'><strong>negantes.</strong></span> <span class='ocrx_word' id='word_1_345' title='bbox 667 3513 839 3570; x_wconf 80' lang='lat' dir='ltr'><strong>discedamus</strong></span> <span class='ocrx_word' id='word_1_346' title='bbox 861 3513 896 3570; x_wconf 83' lang='lat' dir='ltr'><strong>ab</strong></span> <span class='ocrx_word' id='word_1_347' title='bbox 917 3513 962 3570; x_wconf 82' lang='lat' dir='ltr'><strong>iis.</strong></span> 
     </span>
    </p>
   </div>
   <div class='ocr_carea' id='block_1_9' title="bbox 134 3627 1309 3872">
    <p class='ocr_par' dir='ltr' id='par_1_9' title="bbox 134 3627 1309 3872">
     <span class='ocr_line' id='line_1_37' title="bbox 222 3627 1309 3701; baseline 0.002 -18"><span class='ocrx_word' id='word_1_348' title='bbox 222 3627 261 3684; x_wconf 82' lang='lat' dir='ltr'><strong>hh</strong></span> <span class='ocrx_word' id='word_1_349' title='bbox 289 3628 457 3686; x_wconf 82' lang='lat' dir='ltr'><strong>Eucharistia</strong></span> <span class='ocrx_word' id='word_1_350' title='bbox 488 3640 515 3686; x_wconf 88' lang='lat' dir='ltr'><strong>et</strong></span> <span class='ocrx_word' id='word_1_351' title='bbox 545 3629 667 3686; x_wconf 87' lang='lat' dir='ltr'><strong>oratione</strong></span> <span class='ocrx_word' id='word_1_352' title='bbox 689 3628 842 3696; x_wconf 78' lang='lat' dir='ltr'><strong>abstinent,</strong></span> <span class='ocrx_word' id='word_1_353' title='bbox 875 3644 909 3685; x_wconf 93' lang='lat' dir='ltr'><strong>eo</strong></span> <span class='ocrx_word' id='word_1_354' title='bbox 939 3628 1013 3701; x_wconf 91' lang='lat' dir='ltr'><strong>quod</strong></span> <span class='ocrx_word' id='word_1_355' title='bbox 1035 3645 1089 3685; x_wconf 88' lang='lat' dir='ltr'><strong>non</strong></span> <span class='ocrx_word' id='word_1_356' title='bbox 1117 3627 1309 3696; x_wconf 85' lang='lat' dir='ltr'><strong>confiteantur,</strong></span> 
     </span>
     <span class='ocr_line' id='line_1_38' title="bbox 134 3707 1306 3787; baseline 0.003 -23"><span class='ocrx_word' id='word_1_357' title='bbox 134 3707 329 3768; x_wconf 86' lang='lat' dir='ltr'><strong>Eucharistiam</strong></span> <span class='ocrx_word' id='word_1_358' title='bbox 352 3729 462 3770; x_wconf 86' lang='lat' dir='ltr'><strong>carnem</strong></span> <span class='ocrx_word' id='word_1_359' title='bbox 485 3729 547 3770; x_wconf 88' lang='lat' dir='ltr'><strong>esse</strong></span> <span class='ocrx_word' id='word_1_360' title='bbox 571 3712 712 3769; x_wconf 87' lang='lat' dir='ltr'><strong>salvatoris</strong></span> <span class='ocrx_word' id='word_1_361' title='bbox 736 3713 824 3768; x_wconf 92' lang='lat' dir='ltr'><strong>nostri</strong></span> <span class='ocrx_word' id='word_1_362' title='bbox 846 3711 908 3767; x_wconf 91' lang='lat' dir='ltr'><strong>lesu</strong></span> <span class='ocrx_word' id='word_1_363' title='bbox 920 3711 1029 3782; x_wconf 91' lang='lat' dir='ltr'><strong>Christi,</strong></span> <span class='ocrx_word' id='word_1_364' title='bbox 1054 3727 1122 3787; x_wconf 86' lang='lat' dir='ltr'><strong>quae</strong></span> <span class='ocrx_word' id='word_1_365' title='bbox 1146 3728 1197 3785; x_wconf 91' lang='lat' dir='ltr'><strong>pro</strong></span> <span class='ocrx_word' id='word_1_366' title='bbox 1212 3726 1306 3786; x_wconf 76' lang='lat' dir='ltr'><strong>pecca·</strong></span> 
     </span>
     <span class='ocr_line' id='line_1_39' title="bbox 134 3792 1307 3872; baseline 0.001 -25"><span class='ocrx_word' id='word_1_367' title='bbox 134 3794 167 3848; x_wconf 89' lang='lat' dir='ltr'><strong>tis</strong></span> <span class='ocrx_word' id='word_1_368' title='bbox 190 3795 292 3851; x_wconf 89' lang='lat' dir='ltr'><strong>nostris</strong></span> <span class='ocrx_word' id='word_1_369' title='bbox 315 3813 395 3870; x_wconf 86' lang='lat' dir='ltr'><strong>passa</strong></span> <span class='ocrx_word' id='word_1_370' title='bbox 415 3806 465 3867; x_wconf 86' lang='lat' dir='ltr'><strong>est,</strong></span> <span class='ocrx_word' id='word_1_371' title='bbox 488 3813 624 3872; x_wconf 87' lang='lat' dir='ltr'><strong>quamque</strong></span> <span class='ocrx_word' id='word_1_372' title='bbox 647 3797 727 3852; x_wconf 90' lang='lat' dir='ltr'><strong>Pater</strong></span> <span class='ocrx_word' id='word_1_373' title='bbox 749 3794 914 3869; x_wconf 75' lang='lat' dir='ltr'><strong>benignitate</strong></span> <span class='ocrx_word' id='word_1_374' title='bbox 937 3812 987 3854; x_wconf 88' lang='lat' dir='ltr'><strong>sua</strong></span> <span class='ocrx_word' id='word_1_375' title='bbox 1001 3796 1146 3853; x_wconf 80' lang='lat' dir='ltr'><strong>suscitavit</strong></span> <span class='ocrx_word' id='word_1_376' title='bbox 1177 3792 1307 3869; x_wconf 84' lang='lat' dir='ltr'><strong>Quiergo</strong></span> 
     </span>
    </p>
   </div>
   <div class='ocr_carea' id='block_1_10' title="bbox 133 3906 1308 4154">
    <p class='ocr_par' dir='ltr' id='par_1_10' title="bbox 133 3906 1308 4154">
     <span class='ocr_line' id='line_1_40' title="bbox 215 3906 1308 3986; baseline -0.002 -20"><span class='ocrx_word' id='word_1_377' title='bbox 215 3906 295 3967; x_wconf 71' lang='lat' dir='ltr'><strong>‘tlt</strong></span> <span class='ocrx_word' id='word_1_378' title='bbox 335 3911 503 3971; x_wconf 80' lang='lat' dir='ltr'><strong>Eucharistia</strong></span> <span class='ocrx_word' id='word_1_379' title='bbox 531 3922 559 3969; x_wconf 93' lang='lat' dir='ltr'><strong>et</strong></span> <span class='ocrx_word' id='word_1_380' title='bbox 588 3914 710 3970; x_wconf 89' lang='lat' dir='ltr'><strong>oratione</strong></span> <span class='ocrx_word' id='word_1_381' title='bbox 739 3912 890 3982; x_wconf 91' lang='lat' dir='ltr'><strong>abstinent,</strong></span> <span class='ocrx_word' id='word_1_382' title='bbox 913 3928 946 3968; x_wconf 93' lang='lat' dir='ltr'><strong>eo</strong></span> <span class='ocrx_word' id='word_1_383' title='bbox 969 3912 1042 3986; x_wconf 89' lang='lat' dir='ltr'><strong>quod</strong></span> <span class='ocrx_word' id='word_1_384' title='bbox 1065 3928 1119 3968; x_wconf 90' lang='lat' dir='ltr'><strong>non</strong></span> <span class='ocrx_word' id='word_1_385' title='bbox 1142 3907 1308 3967; x_wconf 88' lang='lat' dir='ltr'><strong>confitentur</strong></span> 
     </span>
     <span class='ocr_line' id='line_1_41' title="bbox 133 3991 1306 4068; baseline 0 -20"><span class='ocrx_word' id='word_1_386' title='bbox 133 3991 327 4052; x_wconf 79' lang='lat' dir='ltr'><strong>Eucharistiam</strong></span> <span class='ocrx_word' id='word_1_387' title='bbox 350 4014 460 4054; x_wconf 91' lang='lat' dir='ltr'><strong>carnem</strong></span> <span class='ocrx_word' id='word_1_388' title='bbox 483 4013 545 4053; x_wconf 88' lang='lat' dir='ltr'><strong>esse</strong></span> <span class='ocrx_word' id='word_1_389' title='bbox 561 3994 708 4054; x_wconf 90' lang='lat' dir='ltr'><strong>Salvatoris</strong></span> <span class='ocrx_word' id='word_1_390' title='bbox 741 3996 828 4053; x_wconf 90' lang='lat' dir='ltr'><strong>nostri</strong></span> <span class='ocrx_word' id='word_1_391' title='bbox 850 3995 912 4053; x_wconf 90' lang='lat' dir='ltr'><strong>lesu</strong></span> <span class='ocrx_word' id='word_1_392' title='bbox 929 3996 1044 4064; x_wconf 86' lang='lat' dir='ltr'><strong>Christi,</strong></span> <span class='ocrx_word' id='word_1_393' title='bbox 1075 4011 1144 4068; x_wconf 87' lang='lat' dir='ltr'><strong>quae</strong></span> <span class='ocrx_word' id='word_1_394' title='bbox 1166 4008 1216 4067; x_wconf 91' lang='lat' dir='ltr'><strong>pro</strong></span> <span class='ocrx_word' id='word_1_395' title='bbox 1244 4006 1306 4066; x_wconf 88' lang='lat' dir='ltr'><strong>pec·</strong></span> 
     </span>
     <span class='ocr_line' id='line_1_42' title="bbox 133 4074 1306 4154; baseline -0.003 -21"><span class='ocrx_word' id='word_1_396' title='bbox 133 4078 199 4134; x_wconf 85' lang='lat' dir='ltr'><strong>ratis</strong></span> <span class='ocrx_word' id='word_1_397' title='bbox 240 4079 343 4135; x_wconf 85' lang='lat' dir='ltr'><strong>nostris</strong></span> <span class='ocrx_word' id='word_1_398' title='bbox 380 4096 460 4154; x_wconf 89' lang='lat' dir='ltr'><strong>passa</strong></span> <span class='ocrx_word' id='word_1_399' title='bbox 504 4088 560 4146; x_wconf 90' lang='lat' dir='ltr'><strong>est,</strong></span> <span class='ocrx_word' id='word_1_400' title='bbox 605 4097 685 4154; x_wconf 91' lang='lat' dir='ltr'><strong>quam</strong></span> <span class='ocrx_word' id='word_1_401' title='bbox 721 4096 769 4136; x_wconf 87' lang='lat' dir='ltr'><strong>sua</strong></span> <span class='ocrx_word' id='word_1_402' title='bbox 811 4079 977 4154; x_wconf 82' lang='lat' dir='ltr'><strong>benignitate</strong></span> <span class='ocrx_word' id='word_1_403' title='bbox 1013 4078 1093 4135; x_wconf 86' lang='lat' dir='ltr'><strong>Pater</strong></span> <span class='ocrx_word' id='word_1_404' title='bbox 1127 4074 1306 4134; x_wconf 84' lang='lat' dir='ltr'><strong>resuscitarit.</strong></span> 
     </span>
    </p>
   </div>
   <div class='ocr_carea' id='block_1_11' title="bbox 131 4215 1309 4426">
    <p class='ocr_par' dir='ltr' id='par_1_11' title="bbox 131 4215 1309 4426">
     <span class='ocr_line' id='line_1_43' title="bbox 131 4215 1308 4284; baseline -0.003 -14"><span class='ocrx_word' id='word_1_405' title='bbox 131 4233 155 4282; x_wconf 89' lang='lat' dir='ltr'><strong>p.</strong></span> <span class='ocrx_word' id='word_1_406' title='bbox 172 4220 229 4270; x_wconf 83' lang='grc'>231.</span> <span class='ocrx_word' id='word_1_407' title='bbox 258 4221 296 4270; x_wconf 82' lang='lat' dir='ltr'><strong>ed.</strong></span> <span class='ocrx_word' id='word_1_408' title='bbox 322 4220 444 4284; x_wconf 89' lang='lat' dir='ltr'><strong>Schulze).</strong></span> <span class='ocrx_word' id='word_1_409' title='bbox 483 4222 594 4272; x_wconf 82' lang='lat' dir='ltr'><strong>Nostram</strong></span> <span class='ocrx_word' id='word_1_410' title='bbox 625 4230 702 4273; x_wconf 81' lang='lat' dir='ltr'><strong>temen</strong></span> <span class='ocrx_word' id='word_1_411' title='bbox 788 4219 815 4284; x_wconf 84' lang='lat'><strong>2)</strong></span> <span class='ocrx_word' id='word_1_412' title='bbox 832 4221 891 4272; x_wconf 80' lang='grc' dir='ltr'><strong>τῶν</strong></span> <span class='ocrx_word' id='word_1_413' title='bbox 901 4221 948 4270; x_wconf 87' lang='lat' dir='ltr'><strong>lac.</strong></span> <span class='ocrx_word' id='word_1_414' title='bbox 965 4218 1058 4281; x_wconf 88' lang='lat' dir='ltr'><strong>recepit</strong></span> <span class='ocrx_word' id='word_1_415' title='bbox 1075 4233 1102 4269; x_wconf 86' lang='lat' dir='ltr'><strong>ex</strong></span> <span class='ocrx_word' id='word_1_416' title='bbox 1113 4219 1140 4278; x_wconf 89' lang='lat' dir='ltr'><strong>L,</strong></span> <span class='ocrx_word' id='word_1_417' title='bbox 1158 4215 1308 4279; x_wconf 69' lang='lat' dir='ltr'><strong>approbate</strong></span> 
     </span>
     <span class='ocr_line' id='line_1_44' title="bbox 133 4283 1307 4355; baseline 0.002 -20"><span class='ocrx_word' id='word_1_418' title='bbox 133 4287 260 4337; x_wconf 87' lang='lat' dir='ltr'><strong>lectionem</strong></span> <span class='ocrx_word' id='word_1_419' title='bbox 283 4289 353 4339; x_wconf 85' lang='lat' dir='ltr'><strong>etiam</strong></span> <span class='ocrx_word' id='word_1_420' title='bbox 375 4288 484 4352; x_wconf 78' lang='lat' dir='ltr'><strong>ignoscit</strong></span> <span class='ocrx_word' id='word_1_421' title='bbox 501 4290 642 4339; x_wconf 81' lang='lat' dir='ltr'><strong>hrmacheni</strong></span> <span class='ocrx_word' id='word_1_422' title='bbox 662 4306 703 4340; x_wconf 91' lang='lat' dir='ltr'><strong>ve·</strong></span> <span class='ocrx_word' id='word_1_423' title='bbox 737 4303 801 4340; x_wconf 89' lang='lat' dir='ltr'><strong>nune</strong></span> <span class='ocrx_word' id='word_1_424' title='bbox 820 4287 850 4350; x_wconf 87' lang='lat' dir='ltr'><strong>C,</strong></span> <span class='ocrx_word' id='word_1_425' title='bbox 867 4289 891 4338; x_wconf 89' lang='lat' dir='ltr'><strong>in</strong></span> <span class='ocrx_word' id='word_1_426' title='bbox 910 4288 977 4337; x_wconf 91' lang='lat' dir='ltr'><strong>cuius</strong></span> <span class='ocrx_word' id='word_1_427' title='bbox 995 4300 1069 4348; x_wconf 83' lang='lat' dir='ltr'><strong>marg.</strong></span> <span class='ocrx_word' id='word_1_428' title='bbox 1092 4301 1155 4335; x_wconf 86' lang='lat' dir='ltr'><strong>marr.</strong></span> <span class='ocrx_word' id='word_1_429' title='bbox 1175 4298 1225 4334; x_wconf 85' lang='lat' dir='ltr'><strong>sec.</strong></span> <span class='ocrx_word' id='word_1_430' title='bbox 1242 4283 1307 4355; x_wconf 67' lang='grc' dir='ltr'><strong>περ)</strong></span> 
     </span>
     <span class='ocr_line' id='line_1_45' title="bbox 132 4351 1309 4426; baseline -0.003 -23"><span class='ocrx_word' id='word_1_431' title='bbox 132 4355 267 4404; x_wconf 83' lang='lat' dir='ltr'><strong>tusvereio.</strong></span> <span class='ocrx_word' id='word_1_432' title='bbox 289 4354 392 4408; x_wconf 82' lang='lat' dir='ltr'><strong>Vossius.</strong></span> <span class='ocrx_word' id='word_1_433' title='bbox 417 4357 493 4406; x_wconf 91' lang='lat' dir='ltr'><strong>Codd.</strong></span> <span class='ocrx_word' id='word_1_434' title='bbox 509 4356 526 4405; x_wconf 90' lang='lat' dir='ltr'><strong>C</strong></span> <span class='ocrx_word' id='word_1_435' title='bbox 540 4357 557 4406; x_wconf 94' lang='lat' dir='ltr'>L</span> <span class='ocrx_word' id='word_1_436' title='bbox 571 4357 702 4409; x_wconf 89' lang='lat' dir='ltr'><strong>memhmm</strong></span> <span class='ocrx_word' id='word_1_437' title='bbox 738 4359 786 4420; x_wconf 79' lang='grc' dir='ltr'><strong>τῆς</strong></span> <span class='ocrx_word' id='word_1_438' title='bbox 807 4353 993 4426; x_wconf 77' lang='grc' dir='ltr'><strong>εὐχαριστίας.</strong></span> <span class='ocrx_word' id='word_1_439' title='bbox 1029 4352 1080 4403; x_wconf 82' lang='lat' dir='ltr'><strong>vid.</strong></span> <span class='ocrx_word' id='word_1_440' title='bbox 1105 4367 1179 4417; x_wconf 75' lang='lat' dir='ltr'><strong>supra</strong></span> <span class='ocrx_word' id='word_1_441' title='bbox 1204 4367 1225 4402; x_wconf 88' lang='lat' dir='ltr'><strong>c.</strong></span> <span class='ocrx_word' id='word_1_442' title='bbox 1242 4351 1266 4404; x_wconf 76' lang='lat'><strong>2.</strong></span> <span class='ocrx_word' id='word_1_443' title='bbox 1284 4357 1309 4401; x_wconf 85' lang='lat' dir='ltr'><strong>et</strong></span> 
     </span>
    </p>
   </div>
   <div class='ocr_carea' id='block_1_12' title="bbox 130 4421 1376 4608">
    <p class='ocr_par' dir='ltr' id='par_1_12' title="bbox 130 4421 1376 4608">
     <span class='ocr_line' id='line_1_46' title="bbox 130 4421 1376 4608; baseline -0.002 -137"><span class='ocrx_word' id='word_1_444' title='bbox 130 4422 243 4474; x_wconf 83' lang='lat' dir='ltr'><strong>exhibent</strong></span> <span class='ocrx_word' id='word_1_445' title='bbox 261 4422 386 4488; x_wconf 80' lang='lat' dir='ltr'><strong>integrum,</strong></span> <span class='ocrx_word' id='word_1_446' title='bbox 403 4425 473 4477; x_wconf 87' lang='lat' dir='ltr'><strong>sicuti</strong></span> <span class='ocrx_word' id='word_1_447' title='bbox 493 4432 539 4476; x_wconf 76' lang='lat' dir='ltr'><strong>vet</strong></span> <span class='ocrx_word' id='word_1_448' title='bbox 550 4424 593 4475; x_wconf 88' lang='lat' dir='ltr'><strong>lnt.</strong></span> <span class='ocrx_word' id='word_1_449' title='bbox 605 4427 701 4478; x_wconf 80' lang='lat' dir='ltr'><strong>etdrm.</strong></span> <span class='ocrx_word' id='word_1_450' title='bbox 737 4424 781 4489; x_wconf 80' lang='lat' dir='ltr'><strong>Ep.</strong></span> <span class='ocrx_word' id='word_1_451' title='bbox 800 4422 832 4474; x_wconf 83' lang='lat' dir='ltr'><strong>ad</strong></span> <span class='ocrx_word' id='word_1_452' title='bbox 851 4423 924 4473; x_wconf 83' lang='lat' dir='ltr'><strong>Trall.</strong></span> <span class='ocrx_word' id='word_1_453' title='bbox 943 4438 963 4471; x_wconf 88' lang='lat' dir='ltr'><strong>c.</strong></span> <span class='ocrx_word' id='word_1_454' title='bbox 982 4421 1005 4470; x_wconf 83' lang='lat'><strong>9.</strong></span> <span class='ocrx_word' id='word_1_455' title='bbox 1186 4470 1376 4608; x_wconf 60' lang='grc' dir='ltr'><strong>Δ</strong></span> 
     </span>
    </p>
   </div>
   <div class='ocr_carea' id='block_1_13' title="bbox 0 0 1448 4882">
    <p class='ocr_par' dir='ltr' id='par_1_13' title="bbox 0 0 1448 4882">
     <span class='ocr_line' id='line_1_47' title="bbox 0 0 1448 4882; baseline 0 0"><span class='ocrx_word' id='word_1_456' title='bbox 0 0 1448 4882; x_wconf 95' lang='lat' dir='ltr'><strong> </strong></span> 
     </span>
    </p>
   </div>
  </div>
 </body>
</html>
