2886 4882
420 247 620 307 lldlll'YlllUll
642 249 668 307 S.
691 250 825 309 lGNd'lll.
855 250 875 311 l.
895 251 927 310 ll.

228 508 401 560 llllll'llllllll
419 509 527 560 SANCTl
543 509 786 562 fflttontnttttts
805 511 916 562 lGNl'lll
933 510 1117 565 aetornum.

267 649 286 705 l.
327 652 434 725 Ignatii
455 669 525 709 coro
541 654 695 726 pastoralis
715 662 740 710 et
760 655 890 724 martyrii
915 654 1092 710 mamaeam.

167 766 235 822 Cum
263 783 319 822 non
345 768 381 823 ita
410 767 515 842 pridem
552 768 695 842 imperium
724 768 905 825 llomauoru'm
935 749 1088 841 eieepisset
1117 769 1280 842 Traianus„

86 848 214 921 lgnatius,
234 849 359 923 Apostoli
382 850 488 906 loannis
512 851 670 926 discipulus,
692 853 733 908 vir
754 859 813 909 erat
840 852 867 907 in
887 851 1012 908 omnibus
1033 851 1209 925 apostolicus,
1230 863 1256 910 et

85 931 229 989 ecclesiam
258 932 491 989 Antiochenorum
519 950 622 990 summa
651 951 716 991 cura
745 934 873 1008 regebat,
895 950 957 991 eum
986 941 1092 991 veteres
1120 934 1256 1009 procellas

84 1014 228 1071 mulonem
249 1014 301 1071 sub
323 1016 474 1071 domitiano
496 1018 720 1090 persecutionum
754 1033 835 1092 aegre
865 1017 1066 1091 praeteriisset3
1088 1018 1188 1092 quippe
1210 1018 1257 1091 qui

86 1099 169 1154 instar
190 1097 257 1154 boni
279 1096 468 1172 gubernatoris
491 1099 675 1174 gubernaculo
697 1117 808 1175 precum
839 1116 871 1156 ac
900 1100 1010 1168 ieiunii,
1040 1108 1068 1156 et
1099 1099 1257 1157 assiduitate

85 1180 218 1248 docendi,
240 1189 269 1238 et
288 1188 421 1254 perpetua
445 1183 619 1239 contentione
639 1184 770 1258 spiritus,
793 1184 946 1257 tempestati
969 1183 1121 1240 contrariae
1143 1184 1259 1252 restitit3

84 1264 200 1332 veritus,
219 1279 254 1320 ne
283 1279 363 1336 quern
390 1264 555 1321 timidiorum
582 1273 628 1322 aut
662 1266 858 1341 simpliciorum
887 1266 1030 1323 amitteret.
1077 1265 1257 1334 Quamobrem

84 1345 217 1418 gaudebat
245 1346 356 1420 quidem
384 1345 516 1404 ecclesiae
546 1348 754 1423 tranquillitate,
785 1351 943 1423 quiescente
971 1347 1005 1404 ad
1036 1348 1117 1405 breve
1148 1356 1257 1423 tempus

85 1429 292 1501 persecutione3
315 1427 424 1485 dolebat
443 1439 531 1487 antem
553 1432 659 1499 animo,
682 1432 757 1507 quod
778 1431 899 1488 nondum
920 1448 1010 1487 veram
1032 1446 1098 1504 erga
1120 1431 1257 1488 Christum

86 1510 251 1578 charitatem,
264 1527 353 1585 neque
369 1511 521 1584 perlectum
542 1513 668 1588 discipuli
682 1515 805 1571 ordinem
820 1522 895 1571 esset
913 1522 1064 1570 assecutus.
1107 1513 1258 1589 Reputabat

85 1595 281 1663 enimenim,
304 1594 487 1664 consessione,
510 1613 579 1670 quae
603 1615 654 1672 per
675 1599 833 1672 martyrium
853 1595 896 1663 lit,
919 1596 987 1660 lore,
1009 1604 1040 1652 ut
1061 1597 1120 1670 ipse
1142 1596 1258 1654 similior

85 1674 162 1734 lieret
184 1676 302 1734 Christo.
346 1675 422 1734 Unde
444 1680 536 1753 paucis
559 1681 637 1736 annis
660 1681 749 1738 adbuc
771 1681 798 1736 in
827 1678 943 1735 ecelesia
965 1686 1108 1748 moratus,
1135 1687 1163 1736 et
1191 1678 1256 1736 dici·

84 1775 132 1816 nae
153 1762 242 1817 instar
261 1759 389 1817 lucernae
409 1761 574 1819 intellectum
596 1764 728 1837 cuiusque
749 1762 973 1837 interpretatione
988 1753 1163 1837 [divinarum]
1189 1763 1256 1820 scri·

84 1850 224 1917 pturamm
247 1842 394 1913 illustrans,
415 1853 540 1902 votorum
561 1863 673 1903 suorum
697 1862 809 1920 compos
831 1845 919 1902 lactus
943 1852 994 1901 est

364 2011 394 2067 ll.
436 2012 563 2086 lpnntiaa
585 2030 604 2069 o
628 2012 752 2069 Troiano
774 2015 983 2074 condemnatur.

162 2158 298 2217 Postbaec
318 2160 390 2216 enirn
409 2159 548 2227 Traianus,
569 2178 643 2219 nono
666 2163 772 2237 imperii
794 2162 835 2219 sui
852 2178 932 2231 anno,
953 2162 1066 2218 victoria
1088 2161 1122 2218 de
1144 2161 1255 2238 Scythis

84 2248 110 2296 et
129 2239 209 2298 llacis
231 2241 346 2317 aliisque
368 2243 457 2299 multis
471 2244 596 2316 gentibus
609 2254 744 2319 reportata
760 2245 855 2313 clatus,
877 2244 910 2299 ad
925 2245 1121 2300 subiectionem
1136 2247 1255 2303 omnium

87 2322 137 2380 sibi
159 2323 249 2381 adbuc
271 2325 345 2399 pium
370 2324 584 2382 Christianorum
607 2336 715 2384 coetum
739 2325 948 2394 deessemus,
971 2328 1255 2400 persecutionemque,

84 2406 134 2463 nisi
156 2407 318 2463 daemonum
340 2408 440 2464 cultum
471 2425 532 2464 cnm
554 2409 680 2466 omnibus
709 2407 836 2482 gentibus
858 2407 1105 2480 amplecterentur,
1126 2409 1254 2475 minatus,

84 2504 177 2546 omnes
203 2488 332 2564 religiose
360 2491 479 2548 viventes
508 2502 554 2548 aut
583 2489 737 2547 sacrificare
760 2498 805 2545 aut
832 2489 901 2544 mori
931 2488 1055 2562 cogebat.
1099 2489 1166 2545 'lum
1188 2504 1253 2544 vero

83 2587 132 2643 pro
158 2571 327 2630 Antiocheae
361 2573 477 2630 ecclesia
506 2575 704 2648 pertimescens
737 2587 888 2645 generosus
918 2570 1019 2626 Christi
1047 2569 1124 2626 miles
1156 2578 1253 2644 sponte

84 2653 182 2713 dactus
203 2655 301 2713 estad
324 2655 484 2726 Traianum,
510 2659 555 2731 qui
579 2673 612 2714 eo
635 2664 757 2729 tempore
778 2653 937 2710 Antiochiae
959 2653 1067 2726 quidem
1088 2653 1254 2722 morabatur,

86 2737 133 2795 sed
154 2746 250 2796 contra
270 2740 422 2797 Armeniam
443 2749 471 2798 et
490 2739 606 2797 Parthos
628 2741 668 2798 ire
695 2737 847 2796 festinabat.
890 2736 924 2793 Ut
951 2753 1017 2793 vero
1047 2738 1075 2794 in
1104 2743 1254 2812 conspectu

88 2996 206 3063 ματικῷ.
224 2996 349 3046 Posterior
356 2995 656 3059 emendatiopraelerenda
743 2995 771 3059 2)
790 2995 893 3045 Primum
911 3002 993 3045 contra
1013 2995 1092 3045 Dacos
1110 2995 1199 3046 bellum
1215 3010 1255 3058 ge·

88 3071 137 3125 cst3
155 3077 212 3112 nam
227 3071 328 3128 nterqne
346 3072 413 3113 retus
433 3063 552 3126 lnterpres
568 3064 654 3112 latinus
689 3072 751 3113 stum
772 3070 808 3111 est
827 3070 912 3126 quarto
931 3062 1026 3111 Traiani
1049 3063 1188 3124 consulatu,
1213 3079 1256 3112 eo·

87 3129 170 3178 babet:
189 3133 318 3194 spirituali.
344 3129 439 3179 Clerico
459 3130 538 3192 placet
556 3133 595 3196 aqi
613 3128 656 3181 ίν·
690 3146 736 3194 quc
766 3130 910 3179 conlectum.
945 3128 993 3177 Sed
1025 3130 1063 3179 lric
1090 3129 1120 3179 de
1148 3129 1256 3179 secundo

86 3192 157 3261 τόνῳ
185 3192 344 3266 πνεύματι,
375 3198 440 3258 ficano
472 3203 492 3244 et
522 3199 657 3259 coaetanti;
690 3198 775 3257 agitur,
793 3211 841 3259 qno
861 3194 982 3245 debellato
999 3195 1132 3247 Decebalus
1152 3211 1193 3246 rea
1210 3195 1257 3246 sibi

87 3263 188 3313 Smitbio
208 3259 290 3330 πόνῳ
304 3262 494 3329 πνιοματικῷ.
514 3263 560 3312 Ιοι.
581 3265 655 3326 Syrus
689 3265 741 3327 ipse
766 3271 868 3312 mortem
891 3263 1019 3323 conscivit,
1053 3271 1077 3313 ct
1098 3263 1208 3314 coloniae
1232 3264 1257 3314 in

87 3329 173 3391 legisse
192 3330 288 3380 videtur
305 3332 437 3395 νηστείας
458 3331 506 3393 τῆς
524 3331 657 3396 συνεχοῦς
690 3330 787 3379 Daciam
819 3331 940 3379 Romanae
972 3331 1060 3379 missae
1091 3339 1154 3381 sunt.
1194 3330 1256 3380 Hine

86 3396 131 3445 aaut
149 3398 183 3467 τῇ
205 3394 378 3462 διδασκαλίᾳ
396 3398 453 3447 τῶν
476 3391 574 3448 πόνων
600 3397 657 3447 τῶν
690 3397 806 3446 Traianus
831 3396 997 3447 denominatus
1027 3406 1063 3447 est
1089 3399 1191 3458 Dacius,
1222 3397 1257 3447 uti

87 3467 297 3533 πνευματικῶν,
314 3472 355 3514 aut
372 3463 488 3525 neglectis
507 3464 602 3526 punctis
617 3463 657 3511 lli·
691 3464 778 3525 legitur
796 3464 820 3512 in
838 3463 948 3512 columna
967 3465 1018 3513 eius
1032 3465 1178 3528 triumphali,
1196 3480 1258 3528 quac

87 3529 126 3579 bai
146 3533 196 3582 τοῦ
214 3527 305 3584 πόνου
327 3532 377 3581 τοῦ
403 3532 595 3598 πνευματικοῦ
620 3530 655 3578 vel
691 3531 779 3580 Romae
796 3538 919 3594 superstes
938 3540 982 3581 est.

87 3592 256 3668 πνεύματος.
290 3597 414 3650 irruemus
436 3598 469 3665 τῇ
486 3593 657 3662 διδασκαλίᾳ
741 3598 768 3661 3)
787 3599 817 3647 H.
837 3598 875 3647 ed.
892 3598 929 3648 lll.
946 3599 1039 3663 recepit
1061 3595 1178 3660 ἕλοιντο,
1197 3614 1253 3649 sua-

88 3663 132 3713 zcl
155 3667 197 3732 τῷ
227 3659 307 3733 πόνῳ
332 3666 372 3732 aqi
405 3667 587 3735 πνευματικῷ
620 3666 655 3715 vel
693 3664 763 3714 dente
781 3664 864 3715 lloltio
883 3664 899 3714 l.
918 3682 937 3714 c.
956 3667 1258 3731 p.235.propternomen

87 3732 136 3782 τοῦ
153 3727 322 3803 πνεύματος.
691 3729 885 3796 πληθυντικὸν
897 3732 1086 3782 Christianorum
1096 3742 1186 3784 coetus.
1213 3734 1258 3795 Sp·-

136 3813 231 3879 ηςῃ,
249 3814 331 3866 σοαῃῃ,
350 3817 374 3876 5,
392 3817 433 3867 35¹
689 3812 745 3849 ms:
770 3807 795 3848 et
818 3802 943 3848 doentonea
968 3802 1078 3850 colerent.
1104 3801 1152 3850 Clr.
1174 3800 1257 3848 Peter-

89 3896 166 4030 ,oc
183 3897 297 4031 [titt
313 3900 466 4031 :tmu
484 3901 659 4033 tritum
689 3882 769 4012 tto
785 3866 1123 4002 ltllllllioln

87 4034 206 4102 γραφῶν
223 4034 311 4097 legisse
329 4035 423 4084 videtur
439 4033 574 4084 Armenius.
692 4009 769 4129 '⁰⁸¹3
784 3999 1256 4131 min?[rssffiieve‘ssolme'osslulstimir]

137 4132 195 4199 Cap.
221 4135 249 4184 ll.
293 4135 319 4199 l)
340 4134 450 4184 tisserius
486 4142 509 4183 ct
543 4133 658 4183 Smithius
693 4134 833 4195 Traianum,
856 4143 883 4184 nt
904 4149 957 4184 eum
984 4135 1092 4198 placaret
1109 4128 1258 4194 expositione

91 4196 143 4250 leet
161 4208 270 4266 quartam
294 4217 333 4268 ap.
358 4210 404 4251 ret.
421 4203 464 4250 lnt.
491 4201 658 4250 Cottoniannm
694 4201 817 4252 doctrinae
837 4202 992 4261 christianae,
1014 4206 1055 4249 ant
1070 4197 1091 4246 si
1110 4197 1187 4245 minus
1204 4210 1257 4244 eum

89 4274 180 4318 mutant
189 4269 214 4319 in
222 4285 314 4321 aonam
334 4268 437 4319 Grabins
449 4269 473 4317 in
493 4275 556 4317 textu
573 4283 659 4330 graeco
693 4269 790 4332 placare
815 4276 912 4332 posset,
946 4274 1020 4316 totam
1044 4265 1104 4312 iram
1130 4263 1181 4312 cius
1206 4263 1259 4326 ipse

91 4328 134 4383 ιδ’
150 4354 182 4381 ·-
199 4333 308 4404 δεκάτῳ
330 4331 437 4403 tardam
460 4332 517 4387 ἔτει
544 4334 660 4399 scriptum
695 4337 826 4399 exciperet,
844 4335 1018 4398 ecclesiamque
1034 4327 1207 4383 Antiochenam
1224 4330 1260 4378 sic

91 4398 166 4453 luisse
183 4404 327 4469 auspicatur.
693 4410 759 4452 metu
777 4401 898 4452 liberaret.
927 4398 985 4450 dier.

157 4486 351 4539 Pannonicae.
452 4484 455 4488 ’
1019 4479 1051 4531 ld
1072 4436 1286 4614 ι
