2886 4882
210 245 270 305 602
645 244 780 301 666666
802 245 939 302 PASTOR.

211 400 378 479 ανθροιπον.
418 398 503 465 Ἰδών
532 402 564 464 δέ
592 426 626 482 με
648 402 855 506 τεταραγμένον
883 401 952 467 6666
972 402 1022 465 καί
1034 397 1256 503 συγκεχυμένον
1278 395 1390 479 ἤρξατό

210 509 260 567 μοι
282 485 487 588 ἐπιεικέστερον
506 492 609 548 λαλεῖν
654 487 712 546 Καὶ
734 486 818 586 λέγει
819 483 965 567 ”A6666,⁴
986 480 1104 548 άσύνετε
1122 483 1172 546 καλ
1187 480 1388 562 δίψυχος,οῦ

210 578 287 643 νοεῖς
307 566 361 649 666
384 567 472 672 δύξαν
492 593 544 631 του
531 574 644 642 θεοῦ,
665 575 728 642 πῶς
749 565 864 674 μεγάλη
878 570 937 632 ἐστὶ
957 570 1007 631 καί
1029 564 1144 671 ἰσχυρά
1150 567 1200 630 καὶ
1213 565 1385 671 θαυμαρτή,

210 650 256 717 666
277 650 415 716 ἐκτισε
388 678 439 716 τον
460 650 572 732 κόσμον
592 652 676 715 ἕνεκα
698 678 748 717 του
735 650 924 733 άνθροίπου
938 653 987 714 καί
1002 659 1100 715 πᾶσαν
1114 648 1167 731 τὴν
1182 651 1278 712 κτίσιν
1292 647 1385 713 αὐτοῦ

210 733 251 799 666
253 736 330 812 ἐταξε
350 743 390 821 τῷ
402 733 572 841 άνθρῶτιςρ,
594 736 643 798 καί
663 733 716 838 τὴν
737 736 869 811 ἐξουσίαν
890 743 987 799 πᾶσαν
1007 736 1115 799 ἔδωκεν
1136 732 1215 814 αύτῷ
1230 739 1286 795 τοῦ
1298 758 1384 795 κατα·

210 818 355 922 κυριεύειν
375 827 434 882 τῶν
453 816 512 883 άπὸ
533 817 584 882 666
605 815 732 920 ρῦρανδν
750 818 882 897 πάντωνς
912 821 953 881 Εἰ
973 810 1036 921 666,
1058 820 1159 899 φησίν,
1182 819 1200 880 6
1221 813 1385 895 άνθρωπος

211 900 312 1005 κύριός
336 903 395 966 ἐστι
425 910 483 966 τῶν
497 901 675 1001 κτισμάτων
708 910 759 966 τοῦ
781 910 857 966 θεοῦ
878 904 928 966 καλ
948 900 1065 966 πάντων
1087 897 1309 1003 καταπορνεύει,
1348 898 1383 962 οῦ

210 984 331 1050 δύναται
367 988 415 1050 καῖ
452 984 563 1050 τούτων
591 993 649 1049 τῶν
683 987 806 1049 ἐντολῶν
835 993 1074 1067 κατακυριεύσας
1116 983 1265 1058 Δύναται,
1298 985 1382 1063 φησί,

209 1068 327 1134 πάντων
355 1070 405 1133 καί
433 1076 536 1132 πασῶν
564 1077 622 1133 τῶν
649 1069 772 1132 ἐντολῶν
806 1068 916 1134 τούτων
937 1075 1161 1151 κατακυριεῦσαι
1182 1067 1199 1134 6
1220 1064 1384 1149 άνθρωοιος

209 1150 330 1260 έχων
301 1177 353 1215 τον
374 1152 477 1258 κύριον
496 1154 527 1215 ἐν
547 1161 581 1239 τῖγ
603 1151 709 1238 καρδία
730 1151 829 1217 αὐτοῦ
868 1155 907 1216 Οι
926 1154 958 1216 δέ
979 1154 1026 1216 ἐπί
1046 1160 1108 1227 τοῖς
1124 1155 1250 1258 χείλεσιν
1271 1151 1384 1253 ἔχοντες

208 1235 260 1300 666
281 1234 400 1338 κύριον,
428 1234 482 1316 τὴν
503 1236 534 1298 δέ
556 1216 679 1319 καρδίαν
700 1233 796 1299 αὐτῶν
822 1238 1051 1344 πεπωρωμένην,
1085 1236 1134 1299 καὶ
1158 1231 1274 1333 μακράν
1301 1230 1384 1308 ὄντες

209 1317 267 1382 6666
288 1324 340 1381 τοῦ
355 1326 454 1424 θεοῦ,
484 1319 604 1394 ἐκείνοις
632 1322 665 1382 αί
689 1320 800 1382 ἐντολαὶ
830 1313 915 1383 αὗται
945 1323 1066 1401 σκληραί
1086 1321 1141 1382 είσι
1161 1321 1210 1382 καί
1230 1315 1381 1417 δύσβατοι.

212 1405 309 1467 Θέσθε
331 1395 385 1467 οῦν
395 1400 498 1507 ὑμεῖς,
521 1405 551 1466 οί
568 1404 646 1468 κενοί
668 1404 717 1466 καλ
738 1401 897 1508 έλαφρολ”
880 1428 961 1477 οντες
983 1404 1014 1466 ἐν
1035 1411 1071 1490 τῇ
1083 1404 1186 1508 πίστει,
1209 1398 1262 1464 666
1280 1397 1382 1481 κύριον

209 1487 292 1569 ῦμῶν
315 1484 402 1562 είς
372 1513 425 1566 την
437 1490 569 1590 καρδιαν
582 1489 642 1551 καί
652 1484 844 1591 γνῶσεσθε
834 1485 877 1551 666
899 1484 987 1550 οὐδέν
1007 1477 1140 1551 ἐστιν
1104 1482 1320 1589 ευκοπρῖτερον
1323 1491 1382 1548 τῶν

207 1571 332 1635 ἐντολῶν
353 1567 461 1634 τούτων
483 1569 549 1634 ούτε
570 1569 744 1676 γλυκύτερον
766 1569 831 1634 οὔτε
850 1568 1040 1674 ἡμερώτερον
1069 1565 1320 1673 Ἐπιστράφητε’
1300 1575 1383 1649 υμεῖς

209 1679 238 1719 οι
230 1654 332 1734 ‘[6v]⁶
353 1663 414 1728 ταῖς
436 1655 564 1728 ἐντολαῖς
590 1653 780 1760 πορεύομενοι
800 1661 852 1718 τοῦ
875 1651 1028 1735 διαβόλου,
1059 1661 1122 1727 ταῖς
1142 1650 1312 1727 δυσκόλοιςο
1333 1653 1382 1715 6666

212 1746 329 1843 πικραῖς
349 1736 435 1800 καῖ’
420 1741 559 1843 αγρικοῖς’
588 1735 760 1844 άσελγίαις,
775 1739 824 1801 καί
845 1765 885 1819 μη
906 1735 1108 1842 φοχδηθγῖτε
1081 1763 1131 1802 τον
1151 1735 1320 1843 διάβολον,
1339 1733 1383 1799 666

214 1818 302 1885 ἐν’
268 1825 347 1883 αυτῶ
370 1817 547 1901 δύναμις’
514 1847 569 1883 ουκ
591 1822 667 1884 ἔστιν
688 1819 760 1884 καθ’
785 1818 881 1901 ὑμῶν·
905 1819 1014 1906 ἐγῶ
1000 1847 1036 1898 αρ
1057 1822 1187 1924 ίέσομαι
1203 1817 1275 1900 μεθ’
1299 1815 1383 1919 ύμῶν

214 1904 232 1967 6
247 1884 371 2002 άγγελος
399 1909 456 2005 τῆς
471 1905 623 2003 μετανοίας
652 1900 683 1983 [6
685 1903 927 2009 κ]ατακυριεύων
953 1910 1054 1968 66666
1085 1901 1278 2009 Ὁδιάβολος
1295 1899 1383 2007 μόνον

214 1983 310 2091 φόβον
331 1988 454 2065 ἐχει,ο
446 1982 508 2048 δέ
535 1983 643 2092 φόβος
657 1984 749 2049 αὐτοῦ
770 1987 855 2052 τόνον
876 1987 932 2052 οῦκ
954 1990 1023 2070 ἔχει
1063 1984 1115 2070 66⁸
1143 1989 1302 2068 φοβηθῆτε
1331 1977 1382 2050 666

209 2065 298 2132 66666
319 2069 368 2131 καί
390 2065 560 2146 φεύξεται’
545 2068 599 2150 αφ’
624 2067 714 2151 ῦμῶν

295 2176 323 2234 V.
344 2169 453 2271 Λέγω
481 2167 560 2254 αὐτῶ
584 2170 679 2275 Κύριε
705 2167 861 2248 [άκ]ουσο’ν
891 2197 949 2253 μου
979 2169 1085 2275 ὀλίγων
1106 2165 1252 2274 ργμάτων.
1298 2169 1383 2271 Λέχε,

210 2249 351 2356 φησίν,
335 2276 351 2316 ο
372 2250 490 2333 βούλει.1
531 2233 639 2360 ‘0666
660 2252 827 2335 άνθρωπος,
848 2257 934 2336 φημί,
955 2254 1051 2360 κύριε,
1072 2249 1229 2358 πρόθυμός
1249 2250 1362 2315 ἐστι
1333 2278 1383 2325 τας

211 2333 337 2409 ἐντολάς·
347 2343 398 2398 τοῦ
420 2345 495 2400 θεοῦ
517 2338 685 2418 φυλάσσειν,
706 2340 754 2401 καί
782 2336 880 2412 οῦδείς
902 2337 1016 2403 ἐστιντί
1050 2335 1144 2444 μῖγ
1112 2334 1283 2438 αἰτούμενος
1304 2333 1382 2416 παρά

210 2426 263 2482 τοῦ
284 2424 415 2526 κ[υρίου
422 2421 485 2498 66]6
505 2423 558 2526 μὴ’
581 2425 743 2526 δυναμωθῖγ
766 2422 797 2486 ἐν
824 2431 885 2496 ταῖς
906 2424 1033 2498 ἐντολαῖς
1054 2428 1144 2485 αυτοῦ
1173 2420 1222 2483 καί
1221 2414 1382 2525 ύττοταγῇ

211 2500 332 2576 αῦταῖς
352 2500 415 2566 ἄλλ’
441 2501 616 2586 δδιάβολος
636 2485 759 2608 σκληράς
783 2507 840 2569 ἐστι
862 2507 912 2569 καὶ
933 2502 1173 2570 καταδυναστεῦει
1194 2499 1302 2565 αύτῶν.
1339 2503 1382 2566 06

211 2583 349 2665 6666666,
384 2590 474 2667 φησί,
503 2588 762 2654 καταδυναστεῦειν
791 2591 848 2652 τῶν
878 2586 991 2655 δούλων
1011 2592 1065 2654 τοῦ
1085 2592 1160 2652 θεοῦ
1180 2592 1238 2649 τῶν
1260 2585 1291 2662 ἐξ
1314 2584 1381 2667 ὅλης

211 2672 333 2752 καρδίας
342 2638 528 2747 ἐλπιζόιῖτων
559 2672 605 2736 ἐπ’
643 2670 741 2737 αὐτόν.
787 2671 962 2736 Δύνατοι
945 2701 961 2737 ο
994 2671 1154 2777 διάβολος
1159 2667 1380 2733 άντιπαλαῖσαι·

210 2760 421 2818 καταπαλαῖσαι
444 2753 527 2816 δέ’
495 2780 530 2818 ου
552 2754 681 2819 δύναται.
719 2754 798 2821 Ἐάν
819 2750 873 2820 οὖν
901 2753 1092 2838 άντισταθῆτε
1120 2753 1199 2818 αύτῶ
1246 2754 1382 2834 νικηθείς

209 2835 381 2916 φεύξεται’
366 2835 423 2916 αφ’
448 2834 531 2918 ύμῶν
552 2841 793 2944 κατῃσχυμμένος.
826 2838 914 2903 ‘'0666
939 2841 987 2917 δέ,
1014 2843 1135 2943 φησίγ,
1155 2804 1297 2901 α’άτύκενοί
1317 2840 1380 2942 εἶσι,

209 2920 421 3000 φοβοῦνται
392 2947 444 2984 τον
466 2905 648 3003 διάβολον
624 2949 664 2998 ως
685 2923 809 3005 δύναμιν
830 2925 936 3029 έχοντα.
962 2919 1096 2988 ‘'0666‘
1078 2948 1094 2987 6
1117 2918 1276 3004 άνθρωπος
1299 2920 1380 3028 κερά

210 3028 269 3110 μια
284 3001 445 3068 ίκανῶτατα
464 3008 565 3093 γεμίσγ
587 3007 670 3071 οίνου
691 3014 791 3086 καλοῦ,
815 3007 862 3071 καῖ
885 3008 916 3071 έν
928 3016 988 3084 τοῖς
1000 3008 1149 3109 κεραμίοις
1164 3006 1285 3078 ἐκείνοις
1297 3001 1380 3086 ὀλίγα

210 3085 339 3151 άπύκενα
360 3081 397 3174 6,
432 3089 541 3168 ίρχεται
561 3089 659 3154 ἐπί
629 3116 663 3153 τα
685 3091 807 3195 κεράμια
828 3091 877 3154 καὶ
899 3089 935 3154 66
956 3099 1094 3154 κατανοεῖ
1110 3086 1146 3152 τά
1168 3086 1281 3192 πλήρη
1320 3088 1379 3154 οίδε

210 3170 264 3254 γὰρ
286 3169 331 3233 666
350 3151 514 3276 τῖλήρογ“
481 3175 548 3235 είσί
570 3198 703 3237 κατανοει
725 3172 811 3238 δέκα
833 3170 969 3258 άπόκενα,
992 3172 1176 3280 φοβούμενος
1191 3169 1308 3275 μήποτε
1318 3173 1380 3251 636-

210 3272 279 3315 666·
310 3277 381 3332 ταχυ
408 3278 464 3358 γαρ
484 3253 519 3317 τά
539 3253 669 3320 άπόκενα
699 3256 821 3340 κεράμια
849 3228 974 3334 δξίζουσι
994 3259 1044 3320 καλ
1066 3253 1223 3320 άπόλλυται
1246 3282 1265 3335 ογ
1257 3250 1380 3357 ἡδονὴ

208 3341 262 3398 τοῦ
283 3336 374 3401 οίνου.
421 3335 505 3400 0666
536 3340 584 3401 666
612 3336 630 3402 6
655 3341 795 3444 διάβολος
820 3343 972 3450 ἐρχεται
956 3342 1002 3404 ἐπί
1029 3341 1138 3413 πάντας
1165 3335 1233 3412 τοὺς
1255 3336 1382 3414 δούλους

210 3426 262 3484 τοῦ
283 3424 358 3482 θεοῦ
380 3419 608 3528 ἐκπειράζων’
573 3422 687 3499 αυτούς.
722 3425 811 3488 Ὅσοι
832 3450 887 3489 ουν
895 3423 1031 3530 πλήρεις
1063 3424 1136 3486 εἰσίν
1157 3422 1188 3485 ἐν
1215 3427 1251 3508 τῇ
1276 3428 1381 3526 πίστει,

209 3499 425 3604 δνθεστήκασιν
452 3503 531 3591 αὐτῷ
555 3508 693 3612 ἰσχυρῶς,
726 3505 860 3613 κάκεῖνος
870 3507 1033 3611 ἀποχωρεῖ
1052 3505 1103 3570 ἀπ’
1129 3503 1225 3568 αὐτῶν
1246 3502 1286 3586 μὴ
1309 3477 1381 3587 ἐχωά

208 3583 300 3649 τύπον
329 3593 389 3649 ποῦ
421 3569 567 3654 εἰσέλθοι*
599 3587 735 3699 Ἔρχεται
763 3583 818 3654 οὖν
845 3591 908 3656 τότε
939 3589 1012 3671 πρὸς
1032 3586 1100 3663 τοῦς
1120 3586 1300 3666 άποκένους,
1334 3591 1382 3652 καί

210 3665 336 3750 έχων’
302 3693 394 3732 τοπον
415 3670 657 3753 είσπορεύεται’
630 3699 670 3748 εις
692 3671 807 3752 αὐτούς,
829 3678 875 3738 καί
900 3672 915 3737 6
910 3672 971 3736 δέ
985 3670 1117 3754 βούλεται
1133 3667 1219 3734 ἐν’
1183 3679 1283 3745 αυτοῖς
1302 3671 1382 3757 ἐργά·

209 3757 293 3831 ζεται,
315 3752 365 3814 καλ
385 3753 570 3834 γίνονται’
535 3763 615 3842 αυτῷ
635 3754 804 3822 ύπόδουλοι.

260 3923 287 3985 4)
304 3937 387 3985 apogr
400 3914 508 3989 άιγρων,
526 3941 632 3989 οευροι
650 3927 774 3990 ωρυεῖιο,
809 3934 855 3974 6666
875 3920 956 3992 βούλιγ
976 3925 1042 3983 (cum
1073 3925 1110 3973 ed.
1140 3922 1188 3985 pr)
1217 3921 1260 3969 sed
1291 3915 1381 3985 6666

210 3990 266 4040 item
284 3990 345 4038 infra
364 3984 496 4067 δίψυχος,
518 4005 622 4054 εευρυε
641 4009 670 4048 υς
688 4000 777 4041 notato
811 3991 1155 4066 solwreconsentaneumest
1180 3988 1238 4036 ltem
1248 3988 1311 4036 1666
1327 3989 1383 4037 Sim.

261 4060 288 4115 5)
307 4054 362 4116 [ἐν]
384 4056 474 4105 deest
469 4073 492 4105 16
511 4072 593 4119 apogr
814 4059 837 4118 8,
856 4059 879 4107 6.
902 4041 939 4108 θε
962 4057 1075 4106 scribitur
1092 4072 1137 4119 pro
1156 4054 1242 4104 θέλει.

264 4124 290 4182 6)
309 4138 392 4184 apogr
413 4120 580 4178 δυσκολίαις.
865 4124 891 4185 2)
909 4122 1079 4200 μὴεῑίαταλι.
1097 4124 1112 4172 Ι.
1132 4121 1267 4170 δεΙοοιΙυυι.

261 4190 288 4249 7)
308 4203 392 4250 apogr.
403 4188 549 4268 ἀγρικίαις.
865 4193 891 4249 3)
909 4142 985 4240 codex
1013 4186 1128 4258 πλήρεις
1145 4203 1189 4251 per
1213 4188 1381 4250 compendium

260 4253 739 4370 1606106016666606666.601
761 4257 780 4304 l
814 4259 929 4320 scriplum
948 4259 1025 4308 Ιιιλιοῑ.

276 4318 343 4386 )μὴ
362 4322 488 4371 delendum
501 4323 601 4371 videtur.
612 4318 781 4396 γένδυναμῖ
866 4327 892 4384 46
912 4326 1049 4374 εἰσέλθοι·
1077 4323 1107 4371 ita
1126 4322 1215 4380 codex,
1240 4336 1382 4386 quamquam

260 4349 780 4463 666.V.l)16666166666666quodnon
816 4391 1274 4455 videri66166666666666666661616
1292 4404 1353 4439 σειν.

74 4419 357 4596 A
