<?xml version="1.0" encoding="UTF-8"?>
<!DOCTYPE html PUBLIC "-//W3C//DTD XHTML 1.0 Transitional//EN"
    "http://www.w3.org/TR/xhtml1/DTD/xhtml1-transitional.dtd">
<html xmlns="http://www.w3.org/1999/xhtml" xml:lang="en" lang="en">
 <head>
  <title>
</title>
<meta http-equiv="Content-Type" content="text/html;charset=utf-8" />
  <meta name='ocr-system' content='tesseract 3.04.00' />
  <meta name='ocr-capabilities' content='ocr_page ocr_carea ocr_par ocr_line ocrx_word'/>
</head>
<body>
  <div class='ocr_page' id='page_1' title='image "./patrumapostolic00polygoog/patrumapostolic00polygoog_0434.png"; bbox 0 0 2886 4882; ppageno 0'>
   <div class='ocr_carea' id='block_1_1' title="bbox 224 238 1108 312">
    <p class='ocr_par' dir='ltr' id='par_1_1' title="bbox 224 238 1108 312">
     <span class='ocr_line' id='line_1_1' title="bbox 224 238 1108 312; baseline -0.017 -3"><span class='ocrx_word' id='word_1_1' title='bbox 224 249 287 309; x_wconf 78' lang='lat'><em>372</em></span> <span class='ocrx_word' id='word_1_2' title='bbox 507 243 704 304; x_wconf 79' lang='grc' dir='ltr'><em>λλλλλΤΥΙλΙλλλΙ</em></span> <span class='ocrx_word' id='word_1_3' title='bbox 725 239 831 312; x_wconf 81' lang='grc' dir='ltr'><em>(λΝΕλλ.)</em></span> <span class='ocrx_word' id='word_1_4' title='bbox 853 240 880 296; x_wconf 91' lang='lat' dir='ltr'>S</span> <span class='ocrx_word' id='word_1_5' title='bbox 904 238 1035 296; x_wconf 72' lang='grc' dir='ltr'><em>λθΝλΤλΙ.</em></span> <span class='ocrx_word' id='word_1_6' title='bbox 1066 238 1108 294; x_wconf 90' lang='grc'><strong>111.</strong></span> 
     </span>
    </p>
   </div>
   <div class='ocr_carea' id='block_1_2' title="bbox 224 391 1401 4222">
    <p class='ocr_par' dir='ltr' id='par_1_2' title="bbox 224 391 1401 4222">
     <span class='ocr_line' id='line_1_2' title="bbox 228 391 1396 503; baseline -0.016 -34"><span class='ocrx_word' id='word_1_7' title='bbox 228 409 328 488; x_wconf 88' lang='grc' dir='ltr'><em>αιμασι</em></span> <span class='ocrx_word' id='word_1_8' title='bbox 350 409 515 476; x_wconf 88' lang='grc' dir='ltr'><em>κοινοῦντες</em></span> <span class='ocrx_word' id='word_1_9' title='bbox 535 399 661 503; x_wconf 77' lang='grc' dir='ltr'><em>τὴνγῆν,</em></span> <span class='ocrx_word' id='word_1_10' title='bbox 683 395 774 461; x_wconf 63' lang='grc' dir='ltr'><em>καῖ’</em></span> <span class='ocrx_word' id='word_1_11' title='bbox 746 424 796 461; x_wconf 92' lang='grc' dir='ltr'><em>τον</em></span> <span class='ocrx_word' id='word_1_12' title='bbox 800 394 943 503; x_wconf 87' lang='grc' dir='ltr'><em>καθαρόν</em></span> <span class='ocrx_word' id='word_1_13' title='bbox 965 394 1035 472; x_wconf 87' lang='grc' dir='ltr'><em>άέρα</em></span> <span class='ocrx_word' id='word_1_14' title='bbox 1057 391 1255 472; x_wconf 87' lang='grc' dir='ltr'><em>ὰκαθαρσίαις</em></span> <span class='ocrx_word' id='word_1_15' title='bbox 1271 397 1396 453; x_wconf 86' lang='grc' dir='ltr'><em>θολοῦν-</em></span> 
     </span>
     <span class='ocr_line' id='line_1_3' title="bbox 225 474 1398 593; baseline -0.015 -40"><span class='ocrx_word' id='word_1_16' title='bbox 225 517 286 567; x_wconf 88' lang='grc' dir='ltr'><em>τες,</em></span> <span class='ocrx_word' id='word_1_17' title='bbox 309 485 467 593; x_wconf 74' lang='grc' dir='ltr'><em>ἐρωτήσατε</em></span> <span class='ocrx_word' id='word_1_18' title='bbox 488 481 621 559; x_wconf 78' lang='grc' dir='ltr'><strong><em>Σκύθας,</em></strong></span> <span class='ocrx_word' id='word_1_19' title='bbox 644 479 724 546; x_wconf 72' lang='grc' dir='ltr'><em>εἶ’</em></span> <span class='ocrx_word' id='word_1_20' title='bbox 689 509 728 563; x_wconf 89' lang='grc' dir='ltr'><em>μη</em></span> <span class='ocrx_word' id='word_1_21' title='bbox 738 489 783 568; x_wconf 80' lang='grc' dir='ltr'><em>τῇ</em></span> <span class='ocrx_word' id='word_1_22' title='bbox 799 479 945 584; x_wconf 83' lang='grc' dir='ltr'><em>Ἀρτέμιδι</em></span> <span class='ocrx_word' id='word_1_23' title='bbox 959 476 1137 562; x_wconf 70' lang='grc' dir='ltr'><em>ἀνθρώπους</em></span> <span class='ocrx_word' id='word_1_24' title='bbox 1150 477 1259 538; x_wconf 81' lang='grc' dir='ltr'><em>έθυον</em></span> <span class='ocrx_word' id='word_1_25' title='bbox 1281 474 1398 548; x_wconf 88' lang='grc' dir='ltr'><em>πάντως</em></span> 
     </span>
     <span class='ocr_line' id='line_1_4' title="bbox 227 560 1397 679; baseline -0.014 -44"><span class='ocrx_word' id='word_1_26' title='bbox 227 572 295 679; x_wconf 90' lang='grc' dir='ltr'><em>γὰρ</em></span> <span class='ocrx_word' id='word_1_27' title='bbox 302 570 383 652; x_wconf 83' lang='grc' dir='ltr'><em>ύμεῖς</em></span> <span class='ocrx_word' id='word_1_28' title='bbox 404 569 539 651; x_wconf 87' lang='grc' dir='ltr'><em>ὰρνεῖσθε</em></span> <span class='ocrx_word' id='word_1_29' title='bbox 558 562 806 648; x_wconf 80' lang='grc' dir='ltr'><strong><em>αἰσχυνόμενοι</em></strong></span> <span class='ocrx_word' id='word_1_30' title='bbox 776 590 829 645; x_wconf 87' lang='grc' dir='ltr'><em>την</em></span> <span class='ocrx_word' id='word_1_31' title='bbox 850 591 889 650; x_wconf 80' lang='grc' dir='ltr'><em>τῳ</em></span> <span class='ocrx_word' id='word_1_32' title='bbox 876 563 1009 642; x_wconf 84' lang='grc' dir='ltr'><em>Κρόνω</em></span> <span class='ocrx_word' id='word_1_33' title='bbox 1023 560 1221 640; x_wconf 85' lang='grc' dir='ltr'><em>σφαττομένην</em></span> <span class='ocrx_word' id='word_1_34' title='bbox 1239 560 1397 663; x_wconf 81' lang='grc' dir='ltr'><em>παρθένον.</em></span> 
     </span>
     <span class='ocr_line' id='line_1_5' title="bbox 226 629 1399 748; baseline -0.015 -29"><span class='ocrx_word' id='word_1_35' title='bbox 226 657 275 719; x_wconf 82' lang='grc' dir='ltr'><em>καί</em></span> <span class='ocrx_word' id='word_1_36' title='bbox 286 654 397 734; x_wconf 86' lang='grc' dir='ltr'><em>Ελλιμ</em></span> <span class='ocrx_word' id='word_1_37' title='bbox 399 677 427 726; x_wconf 88' lang='grc' dir='ltr'><em>ες</em></span> <span class='ocrx_word' id='word_1_38' title='bbox 447 653 640 734; x_wconf 79' lang='grc' dir='ltr'><em>έγκαυχῶνται</em></span> <span class='ocrx_word' id='word_1_39' title='bbox 664 651 710 712; x_wconf 88' lang='grc' dir='ltr'><em>έπί</em></span> <span class='ocrx_word' id='word_1_40' title='bbox 730 656 794 722; x_wconf 88' lang='grc' dir='ltr'><em>ταῖς</em></span> <span class='ocrx_word' id='word_1_41' title='bbox 814 630 959 748; x_wconf 79' lang='grc' dir='ltr'><em>τοιαύταις</em></span> <span class='ocrx_word' id='word_1_42' title='bbox 980 629 1145 728; x_wconf 83' lang='grc' dir='ltr'><em>άνθροίπων</em></span> <span class='ocrx_word' id='word_1_43' title='bbox 1166 644 1298 718; x_wconf 79' lang='grc' dir='ltr'><em>θυσίαις,</em></span> <span class='ocrx_word' id='word_1_44' title='bbox 1290 639 1399 748; x_wconf 91' lang='grc' dir='ltr'><em>πα,ρὰ</em></span> 
     </span>
     <span class='ocr_line' id='line_1_6' title="bbox 225 722 1398 841; baseline -0.013 -40"><span class='ocrx_word' id='word_1_45' title='bbox 225 735 382 841; x_wconf 84' lang='grc' dir='ltr'><em>βαρβάρων</em></span> <span class='ocrx_word' id='word_1_46' title='bbox 403 733 434 798; x_wconf 88' lang='grc' dir='ltr'><em>τό</em></span> <span class='ocrx_word' id='word_1_47' title='bbox 456 741 586 798; x_wconf 90' lang='grc' dir='ltr'><em>τοιοῦτον</em></span> <span class='ocrx_word' id='word_1_48' title='bbox 607 729 821 838; x_wconf 78' lang='grc' dir='ltr'><em>παραλαβόντες</em></span> <span class='ocrx_word' id='word_1_49' title='bbox 843 727 943 794; x_wconf 89' lang='grc' dir='ltr'><em>κακόν.</em></span> <span class='ocrx_word' id='word_1_50' title='bbox 991 729 1133 813; x_wconf 86' lang='grc' dir='ltr'><em>Τραϊανὸς</em></span> <span class='ocrx_word' id='word_1_51' title='bbox 1155 722 1249 789; x_wconf 79' lang='grc' dir='ltr'><em>εἶπεν·</em></span> <span class='ocrx_word' id='word_1_52' title='bbox 1247 722 1310 830; x_wconf 81' lang='grc' dir='ltr'><em>νὴ</em></span> <span class='ocrx_word' id='word_1_53' title='bbox 1331 750 1398 800; x_wconf 91' lang='grc' dir='ltr'><em>τους</em></span> 
     </span>
     <span class='ocr_line' id='line_1_7' title="bbox 226 806 1398 926; baseline -0.012 -41"><span class='ocrx_word' id='word_1_54' title='bbox 226 819 325 902; x_wconf 88' lang='grc' dir='ltr'><em>θεοῦς,</em></span> <span class='ocrx_word' id='word_1_55' title='bbox 348 815 540 926; x_wconf 77' lang='grc' dir='ltr'><em>έκπλήττσμμί</em></span> <span class='ocrx_word' id='word_1_56' title='bbox 560 839 608 893; x_wconf 91' lang='grc' dir='ltr'><em>σε,</em></span> <span class='ocrx_word' id='word_1_57' title='bbox 626 815 763 901; x_wconf 89' lang='grc' dir='ltr'><em>Ἰγνάτιε,</em></span> <span class='ocrx_word' id='word_1_58' title='bbox 785 821 837 922; x_wconf 72' lang='grc' dir='ltr'><em>τῆς</em></span> <span class='ocrx_word' id='word_1_59' title='bbox 864 817 1064 893; x_wconf 82' lang='grc' dir='ltr'><em>πολυμαθίας,</em></span> <span class='ocrx_word' id='word_1_60' title='bbox 1095 814 1122 874; x_wconf 83' lang='grc' dir='ltr'><em>εί</em></span> <span class='ocrx_word' id='word_1_61' title='bbox 1148 806 1259 890; x_wconf 80' lang='grc' dir='ltr'><em>καὶμὴ</em></span> <span class='ocrx_word' id='word_1_62' title='bbox 1289 809 1398 872; x_wconf 74' lang='grc' dir='ltr'><em>ἐπαινῶ</em></span> 
     </span>
     <span class='ocr_line' id='line_1_8' title="bbox 225 890 1398 1006; baseline -0.011 -39"><span class='ocrx_word' id='word_1_63' title='bbox 225 910 278 1006; x_wconf 75' lang='grc' dir='ltr'><em>τῖγς</em></span> <span class='ocrx_word' id='word_1_64' title='bbox 298 905 466 984; x_wconf 90' lang='grc' dir='ltr'><em>θρησκείας.</em></span> <span class='ocrx_word' id='word_1_65' title='bbox 504 898 644 1004; x_wconf 78' lang='grc' dir='ltr'><em>Ἰγνάτιος</em></span> <span class='ocrx_word' id='word_1_66' title='bbox 665 896 755 963; x_wconf 80' lang='grc' dir='ltr'><em>εἶπεν·</em></span> <span class='ocrx_word' id='word_1_67' title='bbox 777 924 826 1001; x_wconf 80' lang='grc' dir='ltr'><em>κριι</em></span> <span class='ocrx_word' id='word_1_68' title='bbox 816 900 871 960; x_wconf 71' lang='grc' dir='ltr'><em>’τί</em></span> <span class='ocrx_word' id='word_1_69' title='bbox 899 898 1052 1000; x_wconf 78' lang='grc' dir='ltr'><em>κατέγνως</em></span> <span class='ocrx_word' id='word_1_70' title='bbox 1061 903 1113 976; x_wconf 79' lang='grc' dir='ltr'><em>τῆς</em></span> <span class='ocrx_word' id='word_1_71' title='bbox 1133 890 1335 1001; x_wconf 73' lang='grc' dir='ltr'><em>θρησκείας</em></span> <span class='ocrx_word' id='word_1_72' title='bbox 1315 898 1398 973; x_wconf 78' lang='grc' dir='ltr'><em>ημῶν</em></span> 
     </span>
     <span class='ocr_line' id='line_1_9' title="bbox 225 975 1397 1090; baseline -0.01 -40"><span class='ocrx_word' id='word_1_73' title='bbox 225 1013 278 1089; x_wconf 88' lang='grc' dir='ltr'><em>της</em></span> <span class='ocrx_word' id='word_1_74' title='bbox 299 988 397 1063; x_wconf 83' lang='grc' dir='ltr'><em>θείας,</em></span> <span class='ocrx_word' id='word_1_75' title='bbox 409 981 588 1090; x_wconf 86' lang='grc' dir='ltr'><em>Τραϊανός</em></span> <span class='ocrx_word' id='word_1_76' title='bbox 588 981 729 1046; x_wconf 77' lang='grc' dir='ltr'><em>είπεν·”</em></span> <span class='ocrx_word' id='word_1_77' title='bbox 712 1007 757 1044; x_wconf 91' lang='grc' dir='ltr'><em>οτι</em></span> <span class='ocrx_word' id='word_1_78' title='bbox 783 979 834 1044; x_wconf 87' lang='grc' dir='ltr'><em>τόν</em></span> <span class='ocrx_word' id='word_1_79' title='bbox 861 980 1003 1085; x_wconf 77' lang='grc' dir='ltr'><em>δεσπότην</em></span> <span class='ocrx_word' id='word_1_80' title='bbox 1032 978 1116 1081; x_wconf 78' lang='grc' dir='ltr'><em>ἥλιον</em></span> <span class='ocrx_word' id='word_1_81' title='bbox 1137 975 1173 1040; x_wconf 87' lang='grc' dir='ltr'><em>οῦ</em></span> <span class='ocrx_word' id='word_1_82' title='bbox 1201 984 1397 1082; x_wconf 81' lang='grc' dir='ltr'><em>προσκυνεῖτε,</em></span> 
     </span>
     <span class='ocr_line' id='line_1_10' title="bbox 227 1058 1398 1176; baseline -0.009 -44"><span class='ocrx_word' id='word_1_83' title='bbox 227 1067 293 1132; x_wconf 86' lang='grc' dir='ltr'><em>ούτε</em></span> <span class='ocrx_word' id='word_1_84' title='bbox 311 1067 362 1133; x_wconf 89' lang='grc' dir='ltr'><em>τόν</em></span> <span class='ocrx_word' id='word_1_85' title='bbox 379 1065 526 1176; x_wconf 84' lang='grc' dir='ltr'><em>οὐρανόν,</em></span> <span class='ocrx_word' id='word_1_86' title='bbox 556 1065 592 1128; x_wconf 89' lang='lat'><em>06</em></span> <span class='ocrx_word' id='word_1_87' title='bbox 619 1064 687 1147; x_wconf 81' lang='grc' dir='ltr'><em>τὴν</em></span> <span class='ocrx_word' id='word_1_88' title='bbox 700 1062 779 1148; x_wconf 86' lang='grc' dir='ltr'><em>ίερὰν</em></span> <span class='ocrx_word' id='word_1_89' title='bbox 808 1061 930 1145; x_wconf 78' lang='grc' dir='ltr'><em>σελήνην</em></span> <span class='ocrx_word' id='word_1_90' title='bbox 959 1063 1028 1166; x_wconf 77' lang='grc' dir='ltr'><em>τὴν</em></span> <span class='ocrx_word' id='word_1_91' title='bbox 1041 1060 1219 1167; x_wconf 79' lang='grc' dir='ltr'><em>πάγτροφον.</em></span> <span class='ocrx_word' id='word_1_92' title='bbox 1259 1058 1398 1162; x_wconf 72' lang='grc' dir='ltr'><em>Ἰγνάτιος</em></span> 
     </span>
     <span class='ocr_line' id='line_1_11' title="bbox 228 1142 1398 1254; baseline -0.009 -40"><span class='ocrx_word' id='word_1_93' title='bbox 228 1149 319 1215; x_wconf 81' lang='grc' dir='ltr'><em>εἶπεν</em></span> <span class='ocrx_word' id='word_1_94' title='bbox 340 1153 390 1254; x_wconf 81' lang='grc' dir='ltr'><em>κριί</em></span> <span class='ocrx_word' id='word_1_95' title='bbox 410 1154 453 1224; x_wconf 87' lang='grc' dir='ltr'><em>τίς</em></span> <span class='ocrx_word' id='word_1_96' title='bbox 474 1148 510 1213; x_wconf 84' lang='grc' dir='ltr'><em>ὰν</em></span> <span class='ocrx_word' id='word_1_97' title='bbox 532 1150 635 1226; x_wconf 79' lang='grc' dir='ltr'><em>ἕλοιτο,</em></span> <span class='ocrx_word' id='word_1_98' title='bbox 648 1152 785 1251; x_wconf 86' lang='grc' dir='ltr'><em>βασιλεῦ,</em></span> <span class='ocrx_word' id='word_1_99' title='bbox 804 1155 979 1252; x_wconf 81' lang='grc' dir='ltr'><em>προσκυνεῖν</em></span> <span class='ocrx_word' id='word_1_100' title='bbox 1000 1143 1051 1209; x_wconf 86' lang='grc' dir='ltr'><em>τόν</em></span> <span class='ocrx_word' id='word_1_101' title='bbox 1071 1145 1155 1226; x_wconf 80' lang='grc' dir='ltr'><em>ἥλιον</em></span> <span class='ocrx_word' id='word_1_102' title='bbox 1169 1142 1220 1208; x_wconf 86' lang='grc' dir='ltr'><em>τόν</em></span> <span class='ocrx_word' id='word_1_103' title='bbox 1234 1141 1398 1241; x_wconf 79' lang='grc' dir='ltr'><em>ἒνσχήματι</em></span> 
     </span>
     <span class='ocr_line' id='line_1_12' title="bbox 227 1199 1398 1337; baseline -0.008 -40"><span class='ocrx_word' id='word_1_104' title='bbox 227 1233 315 1337; x_wconf 67' lang='lat'>6166,</span> <span class='ocrx_word' id='word_1_105' title='bbox 336 1231 388 1297; x_wconf 87' lang='grc' dir='ltr'><em>τόν</em></span> <span class='ocrx_word' id='word_1_106' title='bbox 410 1234 441 1296; x_wconf 77' lang='grc' dir='ltr'><em>ἐν</em></span> <span class='ocrx_word' id='word_1_107' title='bbox 473 1259 492 1294; x_wconf 90' lang='grc' dir='ltr'><em>α</em></span> <span class='ocrx_word' id='word_1_108' title='bbox 494 1230 628 1337; x_wconf 82' lang='grc' dir='ltr'><em>λσθησει</em></span> <span class='ocrx_word' id='word_1_109' title='bbox 627 1199 838 1296; x_wconf 60' lang='lat' dir='ltr'><em>&#39;mumma</em></span> <span class='ocrx_word' id='word_1_110' title='bbox 867 1233 916 1293; x_wconf 84' lang='grc' dir='ltr'><em>καὶ</em></span> <span class='ocrx_word' id='word_1_111' title='bbox 948 1227 1148 1334; x_wconf 79' lang='grc' dir='ltr'><em>ὰπρβάλλσντμ</em></span> <span class='ocrx_word' id='word_1_112' title='bbox 1177 1228 1225 1292; x_wconf 80' lang='grc' dir='ltr'><em>καί</em></span> <span class='ocrx_word' id='word_1_113' title='bbox 1247 1223 1338 1289; x_wconf 83' lang='grc' dir='ltr'><em>πάλιν</em></span> <span class='ocrx_word' id='word_1_114' title='bbox 1367 1228 1398 1289; x_wconf 86' lang='grc' dir='ltr'><em>έκ</em></span> 
     </span>
     <span class='ocr_line' id='line_1_13' title="bbox 226 1310 1399 1431; baseline -0.008 -50"><span class='ocrx_word' id='word_1_115' title='bbox 226 1316 320 1421; x_wconf 76' lang='grc' dir='ltr'><em>πμρός</em></span> <span class='ocrx_word' id='word_1_116' title='bbox 339 1313 578 1431; x_wconf 75' lang='grc' dir='ltr'><em>ἀναλαμβάνοντα</em></span> <span class='ocrx_word' id='word_1_117' title='bbox 598 1313 652 1420; x_wconf 80' lang='grc' dir='ltr'><em>τὴν</em></span> <span class='ocrx_word' id='word_1_118' title='bbox 674 1312 892 1416; x_wconf 87' lang='grc' dir='ltr'><em>ὰποβληθεῖσαν</em></span> <span class='ocrx_word' id='word_1_119' title='bbox 901 1313 1084 1419; x_wconf 81' lang='grc' dir='ltr'><em>θερμότητρι,</em></span> <span class='ocrx_word' id='word_1_120' title='bbox 1106 1310 1158 1376; x_wconf 86' lang='grc' dir='ltr'><em>τόν</em></span> <span class='ocrx_word' id='word_1_121' title='bbox 1180 1313 1239 1390; x_wconf 77' lang='grc' dir='ltr'><em>[ἐν]</em></span> <span class='ocrx_word' id='word_1_122' title='bbox 1196 1311 1348 1374; x_wconf 79' lang='grc' dir='ltr'><em>ίέκλεί</em></span> <span class='ocrx_word' id='word_1_123' title='bbox 1348 1327 1399 1389; x_wconf 82' lang='grc' dir='ltr'><em>ψει</em></span> 
     </span>
     <span class='ocr_line' id='line_1_14' title="bbox 226 1391 1400 1503; baseline -0.007 -40"><span class='ocrx_word' id='word_1_124' title='bbox 226 1397 309 1464; x_wconf 81' lang='grc' dir='ltr'><em>οῖίπω</em></span> <span class='ocrx_word' id='word_1_125' title='bbox 330 1398 477 1480; x_wconf 75' lang='grc' dir='ltr'><em>μενόντα,1</em></span> <span class='ocrx_word' id='word_1_126' title='bbox 477 1396 554 1463; x_wconf 75' lang='grc' dir='ltr'><em>’τὸν</em></span> <span class='ocrx_word' id='word_1_127' title='bbox 577 1426 617 1480; x_wconf 90' lang='grc' dir='ltr'><em>μη</em></span> <span class='ocrx_word' id='word_1_128' title='bbox 606 1396 797 1503; x_wconf 90' lang='grc' dir='ltr'><em>δυναμενσν</em></span> <span class='ocrx_word' id='word_1_129' title='bbox 806 1423 874 1461; x_wconf 88' lang='grc' dir='ltr'><em>ποτε</em></span> <span class='ocrx_word' id='word_1_130' title='bbox 893 1395 1017 1478; x_wconf 80' lang='grc' dir='ltr'><em>ἀμεῖψαι</em></span> <span class='ocrx_word' id='word_1_131' title='bbox 1035 1394 1089 1477; x_wconf 79' lang='grc' dir='ltr'><em>τὴν</em></span> <span class='ocrx_word' id='word_1_132' title='bbox 1100 1397 1205 1501; x_wconf 77' lang='grc' dir='ltr'><em>ίαυτρῦ</em></span> <span class='ocrx_word' id='word_1_133' title='bbox 1223 1391 1305 1499; x_wconf 72' lang='grc' dir='ltr'><em>τάξιν</em></span> <span class='ocrx_word' id='word_1_134' title='bbox 1320 1391 1400 1498; x_wconf 90' lang='grc' dir='ltr'><em>παρὰ</em></span> 
     </span>
     <span class='ocr_line' id='line_1_15' title="bbox 226 1476 1400 1587; baseline -0.006 -41"><span class='ocrx_word' id='word_1_135' title='bbox 226 1482 280 1566; x_wconf 81' lang='grc' dir='ltr'><em>τὴν</em></span> <span class='ocrx_word' id='word_1_136' title='bbox 299 1483 417 1587; x_wconf 76' lang='grc' dir='ltr'><em>γνώμην</em></span> <span class='ocrx_word' id='word_1_137' title='bbox 437 1490 490 1546; x_wconf 89' lang='grc' dir='ltr'><em>τοῦ</em></span> <span class='ocrx_word' id='word_1_138' title='bbox 509 1483 692 1558; x_wconf 74' lang='grc' dir='ltr'><em>ἐπιτάξαντος</em></span> <span class='ocrx_word' id='word_1_139' title='bbox 718 1478 796 1568; x_wconf 77' lang='grc' dir='ltr'><em>αὐτῷ</em></span> <span class='ocrx_word' id='word_1_140' title='bbox 817 1480 868 1545; x_wconf 86' lang='grc' dir='ltr'><em>τόν</em></span> <span class='ocrx_word' id='word_1_141' title='bbox 867 1479 999 1585; x_wconf 92' lang='grc' dir='ltr'><em>δρόμον</em></span> <span class='ocrx_word' id='word_1_142' title='bbox 1020 1488 1123 1557; x_wconf 72' lang='grc' dir='ltr'><em>τελεῖνς</em></span> <span class='ocrx_word' id='word_1_143' title='bbox 1145 1476 1295 1582; x_wconf 79' lang='grc' dir='ltr'><em>οὐρανός</em></span> <span class='ocrx_word' id='word_1_144' title='bbox 1290 1476 1323 1540; x_wconf 79' lang='grc' dir='ltr'><em>δέ</em></span> <span class='ocrx_word' id='word_1_145' title='bbox 1337 1484 1400 1553; x_wconf 77' lang='grc' dir='ltr'><em>ποῦς</em></span> 
     </span>
     <span class='ocr_line' id='line_1_16' title="bbox 226 1546 1399 1675; baseline -0.008 -44"><span class='ocrx_word' id='word_1_146' title='bbox 226 1565 456 1675; x_wconf 72' lang='grc' dir='ltr'><em>προσκυνητός,</em></span> <span class='ocrx_word' id='word_1_147' title='bbox 458 1592 473 1629; x_wconf 94' lang='grc' dir='ltr'><em>ο</em></span> <span class='ocrx_word' id='word_1_148' title='bbox 467 1563 595 1646; x_wconf 68' lang='grc' dir='ltr'><em>’νέφεσι</em></span> <span class='ocrx_word' id='word_1_149' title='bbox 616 1546 838 1647; x_wconf 86' lang='grc' dir='ltr'><em>καλυπτόμενος,</em></span> <span class='ocrx_word' id='word_1_150' title='bbox 859 1562 894 1629; x_wconf 84' lang='grc' dir='ltr'><em>δν</em></span> <span class='ocrx_word' id='word_1_151' title='bbox 915 1563 982 1629; x_wconf 78' lang='grc' dir='ltr'><em>ω’σεί</em></span> <span class='ocrx_word' id='word_1_152' title='bbox 1002 1564 1151 1644; x_wconf 80' lang='grc' dir='ltr'><em>δέρρινέξ</em></span> <span class='ocrx_word' id='word_1_153' title='bbox 1122 1558 1295 1639; x_wconf 68' lang='grc' dir='ltr'><em>έξὲτεινεν’</em></span> <span class='ocrx_word' id='word_1_154' title='bbox 1277 1585 1293 1623; x_wconf 95' lang='grc' dir='ltr'><em>ο</em></span> <span class='ocrx_word' id='word_1_155' title='bbox 1317 1564 1399 1662; x_wconf 81' lang='grc' dir='ltr'><em>δημι</em></span> 
     </span>
     <span class='ocr_line' id='line_1_17' title="bbox 227 1643 1401 1756; baseline -0.007 -42"><span class='ocrx_word' id='word_1_156' title='bbox 227 1648 333 1756; x_wconf 73' lang='lat'>066769</span> <span class='ocrx_word' id='word_1_157' title='bbox 353 1653 403 1714; x_wconf 81' lang='grc' dir='ltr'><em>καί</em></span> <span class='ocrx_word' id='word_1_158' title='bbox 433 1646 472 1724; x_wconf 87' lang='lat'><em>69</em></span> <span class='ocrx_word' id='word_1_159' title='bbox 493 1649 627 1732; x_wconf 84' lang='grc' dir='ltr'><em>καμάραν</em></span> <span class='ocrx_word' id='word_1_160' title='bbox 656 1651 773 1749; x_wconf 84' lang='grc' dir='ltr'><em>έπηξεν</em></span> <span class='ocrx_word' id='word_1_161' title='bbox 787 1650 838 1711; x_wconf 87' lang='grc' dir='ltr'><em>καὶ</em></span> <span class='ocrx_word' id='word_1_162' title='bbox 869 1645 909 1722; x_wconf 88' lang='lat'><em>69</em></span> <span class='ocrx_word' id='word_1_163' title='bbox 936 1647 1028 1729; x_wconf 88' lang='grc' dir='ltr'><em>κύβον</em></span> <span class='ocrx_word' id='word_1_164' title='bbox 1057 1643 1242 1752; x_wconf 72' lang='grc' dir='ltr'><em>ῖγδρρισεγ;”</em></span> <span class='ocrx_word' id='word_1_165' title='bbox 1221 1672 1241 1725; x_wconf 92' lang='grc' dir='ltr'><em>η</em></span> <span class='ocrx_word' id='word_1_166' title='bbox 1273 1643 1401 1749; x_wconf 78' lang='grc' dir='ltr'><em>σελήνην</em></span> 
     </span>
     <span class='ocr_line' id='line_1_18' title="bbox 227 1727 1400 1837; baseline -0.006 -41"><span class='ocrx_word' id='word_1_167' title='bbox 227 1732 375 1809; x_wconf 87' lang='grc' dir='ltr'><em>αῦξοῦσαν</em></span> <span class='ocrx_word' id='word_1_168' title='bbox 401 1734 451 1795; x_wconf 81' lang='grc' dir='ltr'><em>καί</em></span> <span class='ocrx_word' id='word_1_169' title='bbox 469 1734 643 1837; x_wconf 79' lang='grc' dir='ltr'><em>μειουμένην</em></span> <span class='ocrx_word' id='word_1_170' title='bbox 664 1734 712 1796; x_wconf 82' lang='grc' dir='ltr'><em>καί</em></span> <span class='ocrx_word' id='word_1_171' title='bbox 733 1729 861 1795; x_wconf 87' lang='grc' dir='ltr'><em>πάθεσιν</em></span> <span class='ocrx_word' id='word_1_172' title='bbox 881 1729 1089 1837; x_wconf 78' lang='grc' dir='ltr'><em>ύποκειμένην;</em></span> <span class='ocrx_word' id='word_1_173' title='bbox 1112 1727 1174 1792; x_wconf 78' lang='grc' dir='ltr'><em>ἄλλ’</em></span> <span class='ocrx_word' id='word_1_174' title='bbox 1201 1727 1247 1791; x_wconf 82' lang='grc' dir='ltr'><em>ότι</em></span> <span class='ocrx_word' id='word_1_175' title='bbox 1266 1727 1400 1834; x_wconf 84' lang='grc' dir='ltr'><em>λαμπρόν</em></span> 
     </span>
     <span class='ocr_line' id='line_1_19' title="bbox 228 1809 1398 1921; baseline -0.005 -42"><span class='ocrx_word' id='word_1_176' title='bbox 228 1813 261 1879; x_wconf 88' lang='grc' dir='ltr'><em>τό</em></span> <span class='ocrx_word' id='word_1_177' title='bbox 285 1823 349 1918; x_wconf 75' lang='lat'><em>669</em></span> <span class='ocrx_word' id='word_1_178' title='bbox 368 1817 490 1915; x_wconf 78' lang='grc' dir='ltr'><em>ἔχουσιν,</em></span> <span class='ocrx_word' id='word_1_179' title='bbox 511 1814 560 1878; x_wconf 90' lang='grc' dir='ltr'><em>διὰ</em></span> <span class='ocrx_word' id='word_1_180' title='bbox 581 1823 665 1879; x_wconf 89' lang='grc' dir='ltr'><em>τοῦτο</em></span> <span class='ocrx_word' id='word_1_181' title='bbox 685 1823 912 1919; x_wconf 83' lang='grc' dir='ltr'><em>προσκυνεῖσθαι</em></span> <span class='ocrx_word' id='word_1_182' title='bbox 935 1812 1117 1921; x_wconf 81' lang='grc' dir='ltr'><em>ὀφείλουσιν,</em></span> <span class='ocrx_word' id='word_1_183' title='bbox 1140 1811 1176 1876; x_wconf 88' lang='grc' dir='ltr'><em>οῦ</em></span> <span class='ocrx_word' id='word_1_184' title='bbox 1197 1811 1311 1886; x_wconf 88' lang='grc' dir='ltr'><em>πάντως</em></span> <span class='ocrx_word' id='word_1_185' title='bbox 1334 1809 1398 1892; x_wconf 78' lang='grc' dir='ltr'><em>ὰλη·</em></span> 
     </span>
     <span class='ocr_line' id='line_1_20' title="bbox 228 1893 1400 2002; baseline -0.003 -42"><span class='ocrx_word' id='word_1_186' title='bbox 228 1895 327 2001; x_wconf 75' lang='grc' dir='ltr'><em>θῖγς</em></span> <span class='ocrx_word' id='word_1_187' title='bbox 310 1923 325 1960; x_wconf 94' lang='grc' dir='ltr'><em>ο</em></span> <span class='ocrx_word' id='word_1_188' title='bbox 348 1895 441 1981; x_wconf 88' lang='grc' dir='ltr'><em>λόγος.</em></span> <span class='ocrx_word' id='word_1_189' title='bbox 478 1899 520 1972; x_wconf 84' lang='grc' dir='ltr'><em>είς</em></span> <span class='ocrx_word' id='word_1_190' title='bbox 549 1905 658 1976; x_wconf 86' lang='grc' dir='ltr'><em>φαῦσιν</em></span> <span class='ocrx_word' id='word_1_191' title='bbox 678 1897 732 1980; x_wconf 89' lang='grc' dir='ltr'><em>γὰρ</em></span> <span class='ocrx_word' id='word_1_192' title='bbox 754 1895 939 2002; x_wconf 79' lang='grc' dir='ltr'><em>ἀνθρώποις,</em></span> <span class='ocrx_word' id='word_1_193' title='bbox 962 1897 1026 1962; x_wconf 77' lang='grc' dir='ltr'><em>ἀλλ’</em></span> <span class='ocrx_word' id='word_1_194' title='bbox 1057 1893 1112 1961; x_wconf 88' lang='grc' dir='ltr'><em>οῦκ</em></span> <span class='ocrx_word' id='word_1_195' title='bbox 1141 1898 1182 1970; x_wconf 86' lang='grc' dir='ltr'><em>είς</em></span> <span class='ocrx_word' id='word_1_196' title='bbox 1202 1893 1400 1978; x_wconf 80' lang='grc' dir='ltr'><em>προσκύνησιν</em></span> 
     </span>
     <span class='ocr_line' id='line_1_21' title="bbox 227 1977 1400 2088; baseline -0.001 -46"><span class='ocrx_word' id='word_1_197' title='bbox 227 1977 401 2083; x_wconf 74' lang='grc' dir='ltr'><em>ἐδόθησαν</em></span> <span class='ocrx_word' id='word_1_198' title='bbox 415 1981 566 2043; x_wconf 87' lang='grc' dir='ltr'><em>πεπαίνειν</em></span> <span class='ocrx_word' id='word_1_199' title='bbox 580 1981 629 2042; x_wconf 81' lang='grc' dir='ltr'><em>καὶ</em></span> <span class='ocrx_word' id='word_1_200' title='bbox 643 1982 826 2083; x_wconf 86' lang='grc' dir='ltr'><em>θερμαίνειν</em></span> <span class='ocrx_word' id='word_1_201' title='bbox 823 1978 891 2054; x_wconf 88' lang='grc' dir='ltr'><em>τούς</em></span> <span class='ocrx_word' id='word_1_202' title='bbox 898 1979 1045 2084; x_wconf 85' lang='grc' dir='ltr'><em>καρπούς</em></span> <span class='ocrx_word' id='word_1_203' title='bbox 1060 1977 1309 2088; x_wconf 82' lang='grc' dir='ltr'><em>προσετάγθησαν,</em></span> <span class='ocrx_word' id='word_1_204' title='bbox 1312 1986 1400 2083; x_wconf 79' lang='grc' dir='ltr'><em>λαμ</em></span> 
     </span>
     <span class='ocr_line' id='line_1_22' title="bbox 225 2058 1399 2169; baseline 0.002 -45"><span class='ocrx_word' id='word_1_205' title='bbox 225 2059 349 2145; x_wconf 86' lang='grc' dir='ltr'><em>πρύνειν</em></span> <span class='ocrx_word' id='word_1_206' title='bbox 370 2060 424 2142; x_wconf 72' lang='grc' dir='ltr'><em>τὴν</em></span> <span class='ocrx_word' id='word_1_207' title='bbox 443 2058 554 2165; x_wconf 75' lang='grc' dir='ltr'><em>ἡμέραν</em></span> <span class='ocrx_word' id='word_1_208' title='bbox 574 2064 624 2127; x_wconf 85' lang='grc' dir='ltr'><em>καί</em></span> <span class='ocrx_word' id='word_1_209' title='bbox 644 2061 826 2142; x_wconf 79' lang='grc' dir='ltr'><em>φωτίζειν</em></span> <span class='ocrx_word' id='word_1_210' title='bbox 796 2089 850 2144; x_wconf 91' lang='grc' dir='ltr'><em>την</em></span> <span class='ocrx_word' id='word_1_211' title='bbox 870 2062 974 2127; x_wconf 86' lang='grc' dir='ltr'><em>νύκτα·</em></span> <span class='ocrx_word' id='word_1_212' title='bbox 1002 2066 1051 2129; x_wconf 81' lang='grc' dir='ltr'><em>καὶ</em></span> <span class='ocrx_word' id='word_1_213' title='bbox 1073 2066 1103 2128; x_wconf 83' lang='grc' dir='ltr'><em>οῖ</em></span> <span class='ocrx_word' id='word_1_214' title='bbox 1131 2061 1252 2169; x_wconf 67' lang='grc' dir='ltr'><em>ὰσμέρες</em></span> <span class='ocrx_word' id='word_1_215' title='bbox 1272 2068 1326 2125; x_wconf 91' lang='grc' dir='ltr'><em>τοῦ</em></span> <span class='ocrx_word' id='word_1_216' title='bbox 1347 2059 1399 2166; x_wconf 80' lang='lat'><em>06-</em></span> 
     </span>
     <span class='ocr_line' id='line_1_23' title="bbox 227 2143 1400 2253; baseline 0.001 -46"><span class='ocrx_word' id='word_1_217' title='bbox 227 2152 319 2248; x_wconf 81' lang='grc' dir='ltr'><em>ραγοῦ</em></span> <span class='ocrx_word' id='word_1_218' title='bbox 340 2148 381 2219; x_wconf 85' lang='grc' dir='ltr'><em>είς</em></span> <span class='ocrx_word' id='word_1_219' title='bbox 392 2153 495 2225; x_wconf 85' lang='grc' dir='ltr'><em>σημεῖα</em></span> <span class='ocrx_word' id='word_1_220' title='bbox 509 2146 674 2228; x_wconf 73' lang='grc' dir='ltr'><em>ἐτάχθησαν</em></span> <span class='ocrx_word' id='word_1_221' title='bbox 695 2172 744 2210; x_wconf 88' lang='grc' dir='ltr'><em>και</em></span> <span class='ocrx_word' id='word_1_222' title='bbox 734 2148 799 2220; x_wconf 77' lang='grc' dir='ltr'><em>ἐἰς</em></span> <span class='ocrx_word' id='word_1_223' title='bbox 820 2144 940 2253; x_wconf 87' lang='grc' dir='ltr'><em>καιρούς</em></span> <span class='ocrx_word' id='word_1_224' title='bbox 960 2149 1010 2210; x_wconf 89' lang='grc' dir='ltr'><em>καί</em></span> <span class='ocrx_word' id='word_1_225' title='bbox 1031 2149 1072 2221; x_wconf 83' lang='grc' dir='ltr'><em>εἰς</em></span> <span class='ocrx_word' id='word_1_226' title='bbox 1085 2144 1192 2230; x_wconf 88' lang='grc' dir='ltr'><em>τροπὰς</em></span> <span class='ocrx_word' id='word_1_227' title='bbox 1206 2147 1255 2209; x_wconf 86' lang='grc' dir='ltr'><em>καί</em></span> <span class='ocrx_word' id='word_1_228' title='bbox 1269 2152 1328 2252; x_wconf 80' lang='grc' dir='ltr'><em>τρῖν</em></span> <span class='ocrx_word' id='word_1_229' title='bbox 1347 2143 1400 2251; x_wconf 69' lang='lat'><em>166</em></span> 
     </span>
     <span class='ocr_line' id='line_1_24' title="bbox 227 2226 1399 2337; baseline -0.001 -45"><span class='ocrx_word' id='word_1_230' title='bbox 227 2226 380 2332; x_wconf 80' lang='grc' dir='ltr'><em>θάλασσμν</em></span> <span class='ocrx_word' id='word_1_231' title='bbox 400 2226 545 2293; x_wconf 81' lang='grc' dir='ltr'><em>πλεόντων</em></span> <span class='ocrx_word' id='word_1_232' title='bbox 556 2234 768 2337; x_wconf 85' lang='grc' dir='ltr'><em>παραμυθίαν</em></span> <span class='ocrx_word' id='word_1_233' title='bbox 786 2227 851 2293; x_wconf 77' lang='grc' dir='ltr'><em>ἄλλ’</em></span> <span class='ocrx_word' id='word_1_234' title='bbox 877 2230 968 2336; x_wconf 70' lang='grc' dir='ltr'><em>ιρῦθέν</em></span> <span class='ocrx_word' id='word_1_235' title='bbox 987 2229 1097 2295; x_wconf 89' lang='grc' dir='ltr'><em>τούτων</em></span> <span class='ocrx_word' id='word_1_236' title='bbox 1118 2228 1333 2335; x_wconf 82' lang='grc' dir='ltr'><em>προσκυνητὸν,</em></span> <span class='ocrx_word' id='word_1_237' title='bbox 1346 2254 1399 2310; x_wconf 81' lang='grc' dir='ltr'><em>συγ</em></span> 
     </span>
     <span class='ocr_line' id='line_1_25' title="bbox 226 2309 1397 2421; baseline -0.001 -46"><span class='ocrx_word' id='word_1_238' title='bbox 226 2309 351 2418; x_wconf 77' lang='lat'><em>6666,⁸⁸</em></span> <span class='ocrx_word' id='word_1_239' title='bbox 335 2337 371 2376; x_wconf 84' lang='lat' dir='ltr'><em>ov</em></span> <span class='ocrx_word' id='word_1_240' title='bbox 393 2315 565 2378; x_wconf 87' lang='grc' dir='ltr'><em>Ποσειδῶνα</em></span> <span class='ocrx_word' id='word_1_241' title='bbox 586 2321 714 2421; x_wconf 81' lang='grc' dir='ltr'><em>κμλεῖτε,</em></span> <span class='ocrx_word' id='word_1_242' title='bbox 735 2312 770 2378; x_wconf 90' lang='grc' dir='ltr'><em>οῦ</em></span> <span class='ocrx_word' id='word_1_243' title='bbox 788 2321 856 2397; x_wconf 90' lang='grc' dir='ltr'><em>πῦρ,</em></span> <span class='ocrx_word' id='word_1_244' title='bbox 879 2312 914 2378; x_wconf 84' lang='grc' dir='ltr'><em>δν</em></span> <span class='ocrx_word' id='word_1_245' title='bbox 924 2314 1092 2394; x_wconf 84' lang='grc' dir='ltr'><em>Ἥφαιστον</em></span> <span class='ocrx_word' id='word_1_246' title='bbox 1112 2314 1219 2420; x_wconf 87' lang='grc' dir='ltr'><em>λέγετε,</em></span> <span class='ocrx_word' id='word_1_247' title='bbox 1241 2310 1296 2376; x_wconf 85' lang='grc' dir='ltr'><em>σῦκ</em></span> <span class='ocrx_word' id='word_1_248' title='bbox 1318 2309 1397 2416; x_wconf 81' lang='grc' dir='ltr'><em>άὲρα,</em></span> 
     </span>
     <span class='ocr_line' id='line_1_26' title="bbox 227 2392 1400 2504; baseline 0 -47"><span class='ocrx_word' id='word_1_249' title='bbox 227 2392 262 2457; x_wconf 84' lang='grc' dir='ltr'><em>δν</em></span> <span class='ocrx_word' id='word_1_250' title='bbox 273 2394 372 2496; x_wconf 85' lang='grc' dir='ltr'><em>Ἥραν</em></span> <span class='ocrx_word' id='word_1_251' title='bbox 393 2393 551 2503; x_wconf 81' lang='grc' dir='ltr'><em>όνρμάζετε,</em></span> <span class='ocrx_word' id='word_1_252' title='bbox 574 2396 610 2461; x_wconf 88' lang='grc' dir='ltr'><em>οῦ</em></span> <span class='ocrx_word' id='word_1_253' title='bbox 631 2405 695 2503; x_wconf 85' lang='grc' dir='ltr'><em>γῆν,</em></span> <span class='ocrx_word' id='word_1_254' title='bbox 715 2396 754 2479; x_wconf 72' lang='grc' dir='ltr'><em>ἢν</em></span> <span class='ocrx_word' id='word_1_255' title='bbox 776 2405 934 2504; x_wconf 75' lang='grc' dir='ltr'><em>Δημητραν</em></span> <span class='ocrx_word' id='word_1_256' title='bbox 954 2406 1071 2475; x_wconf 89' lang='grc' dir='ltr'><em>καλεῖτε,</em></span> <span class='ocrx_word' id='word_1_257' title='bbox 1091 2395 1127 2463; x_wconf 88' lang='grc' dir='ltr'><em>οῦ</em></span> <span class='ocrx_word' id='word_1_258' title='bbox 1145 2395 1289 2500; x_wconf 88' lang='grc' dir='ltr'><em>καρπούς·</em></span> <span class='ocrx_word' id='word_1_259' title='bbox 1308 2403 1400 2458; x_wconf 89' lang='grc' dir='ltr'><em>ταῦτα</em></span> 
     </span>
     <span class='ocr_line' id='line_1_27' title="bbox 226 2473 1399 2587; baseline 0.001 -47"><span class='ocrx_word' id='word_1_260' title='bbox 226 2476 281 2585; x_wconf 89' lang='grc' dir='ltr'><em>γὰρ</em></span> <span class='ocrx_word' id='word_1_261' title='bbox 302 2475 395 2541; x_wconf 88' lang='grc' dir='ltr'><em>πάντα</em></span> <span class='ocrx_word' id='word_1_262' title='bbox 409 2476 465 2542; x_wconf 84' lang='grc' dir='ltr'><em>κὰν</em></span> <span class='ocrx_word' id='word_1_263' title='bbox 484 2473 505 2586; x_wconf 89' lang='lat'><em>6</em></span> <span class='ocrx_word' id='word_1_264' title='bbox 525 2480 600 2564; x_wconf 87' lang='grc' dir='ltr'><em>πρός</em></span> <span class='ocrx_word' id='word_1_265' title='bbox 619 2481 755 2587; x_wconf 76' lang='grc' dir='ltr'><em>σύστμσιν</em></span> <span class='ocrx_word' id='word_1_266' title='bbox 774 2477 922 2564; x_wconf 69' lang='grc' dir='ltr'><em>ἡμετέραν,</em></span> <span class='ocrx_word' id='word_1_267' title='bbox 944 2478 1008 2545; x_wconf 80' lang='grc' dir='ltr'><em>ἀλλ’</em></span> <span class='ocrx_word' id='word_1_268' title='bbox 1033 2481 1112 2562; x_wconf 82' lang='grc' dir='ltr'><em>ὅμως</em></span> <span class='ocrx_word' id='word_1_269' title='bbox 1133 2478 1253 2585; x_wconf 90' lang='grc' dir='ltr'><em>φθαρτά</em></span> <span class='ocrx_word' id='word_1_270' title='bbox 1273 2480 1329 2542; x_wconf 78' lang='grc' dir='ltr'><em>τίσι</em></span> <span class='ocrx_word' id='word_1_271' title='bbox 1349 2480 1399 2541; x_wconf 83' lang='grc' dir='ltr'><em>καί</em></span> 
     </span>
     <span class='ocr_line' id='line_1_28' title="bbox 228 2545 1398 2669; baseline 0.002 -47"><span class='ocrx_word' id='word_1_272' title='bbox 228 2559 337 2664; x_wconf 80' lang='grc' dir='ltr'><em>ὰψυγμ.</em></span> <span class='ocrx_word' id='word_1_273' title='bbox 383 2545 526 2667; x_wconf 72' lang='grc' dir='ltr'><em>Τραϊανός</em></span> <span class='ocrx_word' id='word_1_274' title='bbox 547 2561 639 2629; x_wconf 80' lang='grc' dir='ltr'><em>εἶπεν</em></span> <span class='ocrx_word' id='word_1_275' title='bbox 661 2563 697 2628; x_wconf 88' lang='lat'><em>06</em></span> <span class='ocrx_word' id='word_1_276' title='bbox 718 2571 812 2638; x_wconf 83' lang='grc' dir='ltr'><em>καλῶς</em></span> <span class='ocrx_word' id='word_1_277' title='bbox 833 2566 944 2669; x_wconf 82' lang='grc' dir='ltr'><em>έλεγον</em></span> <span class='ocrx_word' id='word_1_278' title='bbox 949 2563 1018 2628; x_wconf 79' lang='grc' dir='ltr'><em>ἐν’</em></span> <span class='ocrx_word' id='word_1_279' title='bbox 1002 2574 1109 2664; x_wconf 79' lang='grc' dir='ltr'><em>αρχμῖς,</em></span> <span class='ocrx_word' id='word_1_280' title='bbox 1133 2564 1177 2628; x_wconf 82' lang='grc' dir='ltr'><em>ὅτι</em></span> <span class='ocrx_word' id='word_1_281' title='bbox 1200 2585 1237 2626; x_wconf 92' lang='grc' dir='ltr'><em>συ</em></span> <span class='ocrx_word' id='word_1_282' title='bbox 1225 2558 1345 2627; x_wconf 70' lang='grc' dir='ltr'><em>ἐἶ’</em></span> <span class='ocrx_word' id='word_1_283' title='bbox 1296 2588 1312 2667; x_wconf 86' lang='lat'><em>6</em></span> <span class='ocrx_word' id='word_1_284' title='bbox 1329 2588 1398 2625; x_wconf 88' lang='grc' dir='ltr'><em>ανα-</em></span> 
     </span>
     <span class='ocr_line' id='line_1_29' title="bbox 226 2643 1398 2751; baseline 0 -44"><span class='ocrx_word' id='word_1_285' title='bbox 226 2645 372 2718; x_wconf 84' lang='grc' dir='ltr'><em>στατιόσας</em></span> <span class='ocrx_word' id='word_1_286' title='bbox 383 2643 592 2751; x_wconf 76' lang='grc' dir='ltr'><em>τὴνὰνατσλίγν,</em></span> <span class='ocrx_word' id='word_1_287' title='bbox 603 2645 667 2751; x_wconf 80' lang='grc' dir='ltr'><em>μὴσ</em></span> <span class='ocrx_word' id='word_1_288' title='bbox 668 2649 788 2750; x_wconf 89' lang='grc' dir='ltr'><em>βεσθαι</em></span> <span class='ocrx_word' id='word_1_289' title='bbox 796 2672 863 2721; x_wconf 89' lang='grc' dir='ltr'><em>τους</em></span> <span class='ocrx_word' id='word_1_290' title='bbox 871 2646 977 2725; x_wconf 87' lang='grc' dir='ltr'><em>θεους</em></span> <span class='ocrx_word' id='word_1_291' title='bbox 975 2645 1125 2751; x_wconf 88' lang='grc' dir='ltr'><em>Ιγνατιος</em></span> <span class='ocrx_word' id='word_1_292' title='bbox 1132 2644 1220 2710; x_wconf 76' lang='grc' dir='ltr'><em>εἶπεν</em></span> <span class='ocrx_word' id='word_1_293' title='bbox 1234 2642 1398 2752; x_wconf 74' lang='grc' dir='ltr'><em>κηὶὰγανα-</em></span> 
     </span>
     <span class='ocr_line' id='line_1_30' title="bbox 228 2719 1396 2834; baseline 0.002 -44"><span class='ocrx_word' id='word_1_294' title='bbox 228 2735 314 2802; x_wconf 89' lang='grc' dir='ltr'><em>κτεῖς,</em></span> <span class='ocrx_word' id='word_1_295' title='bbox 332 2753 355 2830; x_wconf 81' lang='lat'><em>6</em></span> <span class='ocrx_word' id='word_1_296' title='bbox 342 2719 542 2808; x_wconf 79' lang='grc' dir='ltr'><em>βασιλεῦ,”</em></span> <span class='ocrx_word' id='word_1_297' title='bbox 526 2754 571 2792; x_wconf 89' lang='grc' dir='ltr'><em>οτι</em></span> <span class='ocrx_word' id='word_1_298' title='bbox 591 2728 626 2792; x_wconf 90' lang='grc' dir='ltr'><em>τὰ</em></span> <span class='ocrx_word' id='word_1_299' title='bbox 649 2729 687 2834; x_wconf 71' lang='grc' dir='ltr'><em>μη</em></span> <span class='ocrx_word' id='word_1_300' title='bbox 710 2728 780 2793; x_wconf 86' lang='grc' dir='ltr'><em>όντα</em></span> <span class='ocrx_word' id='word_1_301' title='bbox 800 2728 989 2831; x_wconf 68' lang='grc' dir='ltr'><em>προσκυνητόρ</em></span> <span class='ocrx_word' id='word_1_302' title='bbox 1014 2738 1213 2834; x_wconf 84' lang='grc' dir='ltr'><em>παραινοῦμεν</em></span> <span class='ocrx_word' id='word_1_303' title='bbox 1233 2756 1273 2811; x_wconf 88' lang='grc' dir='ltr'><em>μη</em></span> <span class='ocrx_word' id='word_1_304' title='bbox 1262 2728 1396 2811; x_wconf 89' lang='grc' dir='ltr'><em>σέβειν,</em></span> 
     </span>
     <span class='ocr_line' id='line_1_31' title="bbox 228 2808 1399 2918; baseline 0.002 -46"><span class='ocrx_word' id='word_1_305' title='bbox 228 2808 299 2873; x_wconf 87' lang='grc' dir='ltr'><em>ὰλλὰ</em></span> <span class='ocrx_word' id='word_1_306' title='bbox 320 2808 370 2873; x_wconf 89' lang='grc' dir='ltr'><em>τόν</em></span> <span class='ocrx_word' id='word_1_307' title='bbox 394 2809 465 2873; x_wconf 88' lang='grc' dir='ltr'><em>θεὸν</em></span> <span class='ocrx_word' id='word_1_308' title='bbox 495 2809 545 2873; x_wconf 86' lang='grc' dir='ltr'><em>τόν</em></span> <span class='ocrx_word' id='word_1_309' title='bbox 566 2810 729 2916; x_wconf 79' lang='grc' dir='ltr'><em>ἀληθινόν,</em></span> <span class='ocrx_word' id='word_1_310' title='bbox 749 2813 801 2877; x_wconf 89' lang='grc' dir='ltr'><em>τδν</em></span> <span class='ocrx_word' id='word_1_311' title='bbox 832 2820 939 2918; x_wconf 77' lang='grc' dir='ltr'><em>ζμῖντα,</em></span> <span class='ocrx_word' id='word_1_312' title='bbox 960 2809 1013 2877; x_wconf 84' lang='grc' dir='ltr'><em>τόν</em></span> <span class='ocrx_word' id='word_1_313' title='bbox 1044 2811 1168 2895; x_wconf 76' lang='grc' dir='ltr'><em>ποιητὴν</em></span> <span class='ocrx_word' id='word_1_314' title='bbox 1199 2812 1328 2917; x_wconf 82' lang='grc' dir='ltr'><em>ούρανοῦ</em></span> <span class='ocrx_word' id='word_1_315' title='bbox 1349 2813 1399 2916; x_wconf 79' lang='grc' dir='ltr'><em>κμί</em></span> 
     </span>
     <span class='ocr_line' id='line_1_32' title="bbox 228 2890 1397 3005; baseline 0.002 -49"><span class='ocrx_word' id='word_1_316' title='bbox 228 2919 289 2996; x_wconf 88' lang='grc' dir='ltr'><em>γης,</em></span> <span class='ocrx_word' id='word_1_317' title='bbox 312 2890 362 2957; x_wconf 87' lang='grc' dir='ltr'><em>τόν</em></span> <span class='ocrx_word' id='word_1_318' title='bbox 384 2900 525 2998; x_wconf 80' lang='grc' dir='ltr'><em>μρνσγενῆ</em></span> <span class='ocrx_word' id='word_1_319' title='bbox 548 2891 614 2957; x_wconf 87' lang='grc' dir='ltr'><em>υίδν</em></span> <span class='ocrx_word' id='word_1_320' title='bbox 636 2893 736 2971; x_wconf 83' lang='grc' dir='ltr'><em>αὐτοῦ,</em></span> <span class='ocrx_word' id='word_1_321' title='bbox 758 2898 807 2958; x_wconf 83' lang='grc' dir='ltr'><em>καί</em></span> <span class='ocrx_word' id='word_1_322' title='bbox 828 2893 858 2958; x_wconf 89' lang='grc' dir='ltr'><em>τό</em></span> <span class='ocrx_word' id='word_1_323' title='bbox 869 2896 960 2999; x_wconf 80' lang='grc' dir='ltr'><em>άγιον</em></span> <span class='ocrx_word' id='word_1_324' title='bbox 981 2895 1072 2960; x_wconf 81' lang='grc' dir='ltr'><em>αὐτοῦ</em></span> <span class='ocrx_word' id='word_1_325' title='bbox 1093 2903 1225 2975; x_wconf 82' lang='grc' dir='ltr'><em>πνεῦμα;</em></span> <span class='ocrx_word' id='word_1_326' title='bbox 1248 2894 1322 3005; x_wconf 66' lang='grc' dir='ltr'><em>αῦτη</em></span> <span class='ocrx_word' id='word_1_327' title='bbox 1343 2893 1397 2979; x_wconf 88' lang='grc' dir='ltr'><em>γὰρ</em></span> 
     </span>
     <span class='ocr_line' id='line_1_33' title="bbox 228 2974 1398 3086; baseline 0.003 -47"><span class='ocrx_word' id='word_1_328' title='bbox 228 2974 304 3058; x_wconf 92' lang='grc' dir='ltr'><em>μόνη</em></span> <span class='ocrx_word' id='word_1_329' title='bbox 325 2975 439 3081; x_wconf 78' lang='lat'>666669</span> <span class='ocrx_word' id='word_1_330' title='bbox 460 2980 603 3084; x_wconf 89' lang='grc' dir='ltr'><em>θρησκεία</em></span> <span class='ocrx_word' id='word_1_331' title='bbox 623 2985 789 3081; x_wconf 88' lang='grc' dir='ltr'><em>κρατοῦσα</em></span> <span class='ocrx_word' id='word_1_332' title='bbox 789 3005 839 3042; x_wconf 90' lang='grc' dir='ltr'><em>και</em></span> <span class='ocrx_word' id='word_1_333' title='bbox 860 2977 1075 3086; x_wconf 81' lang='grc' dir='ltr'><em>όμσλογρυμένη</em></span> <span class='ocrx_word' id='word_1_334' title='bbox 1088 2989 1183 3054; x_wconf 87' lang='grc' dir='ltr'><em>θεωῖς</em></span> <span class='ocrx_word' id='word_1_335' title='bbox 1203 2981 1292 3042; x_wconf 82' lang='grc' dir='ltr'><em>τεκαὶ</em></span> <span class='ocrx_word' id='word_1_336' title='bbox 1313 3005 1398 3044; x_wconf 75' lang='grc' dir='ltr'><em>πνευ·</em></span> 
     </span>
     <span class='ocr_line' id='line_1_34' title="bbox 228 3058 1394 3171; baseline 0.003 -48"><span class='ocrx_word' id='word_1_337' title='bbox 228 3068 373 3163; x_wconf 87' lang='grc' dir='ltr'><em>ματικοῖς</em></span> <span class='ocrx_word' id='word_1_338' title='bbox 381 3058 521 3143; x_wconf 81' lang='grc' dir='ltr'><em>δόγμασιν</em></span> <span class='ocrx_word' id='word_1_339' title='bbox 550 3059 697 3166; x_wconf 82' lang='grc' dir='ltr'><em>ύβρυνομέ</em></span> <span class='ocrx_word' id='word_1_340' title='bbox 698 3084 747 3162; x_wconf 82' lang='grc' dir='ltr'><em>νη·</em></span> <span class='ocrx_word' id='word_1_341' title='bbox 769 3088 788 3142; x_wconf 91' lang='grc' dir='ltr'><em>η</em></span> <span class='ocrx_word' id='word_1_342' title='bbox 780 3058 842 3124; x_wconf 83' lang='lat'><em>66</em></span> <span class='ocrx_word' id='word_1_343' title='bbox 863 3062 936 3168; x_wconf 77' lang='grc' dir='ltr'><em>κριθ’</em></span> <span class='ocrx_word' id='word_1_344' title='bbox 959 3063 1036 3141; x_wconf 85' lang='grc' dir='ltr'><em>ύμῦς</em></span> <span class='ocrx_word' id='word_1_345' title='bbox 1057 3065 1227 3127; x_wconf 89' lang='grc' dir='ltr'><em>διδασκαλία</em></span> <span class='ocrx_word' id='word_1_346' title='bbox 1247 3070 1299 3126; x_wconf 93' lang='grc' dir='ltr'><em>τοῦ</em></span> <span class='ocrx_word' id='word_1_347' title='bbox 1315 3064 1394 3171; x_wconf 76' lang='grc' dir='ltr'><em>ἑλλη-</em></span> 
     </span>
     <span class='ocr_line' id='line_1_35' title="bbox 227 3141 1398 3251; baseline 0.004 -47"><span class='ocrx_word' id='word_1_348' title='bbox 227 3150 333 3223; x_wconf 86' lang='grc' dir='ltr'><em>νισμοῦ</em></span> <span class='ocrx_word' id='word_1_349' title='bbox 355 3141 463 3218; x_wconf 83' lang='grc' dir='ltr'><em>άθεσς,</em></span> <span class='ocrx_word' id='word_1_350' title='bbox 483 3142 678 3206; x_wconf 86' lang='grc' dir='ltr'><em>πολυθεία’</em></span> <span class='ocrx_word' id='word_1_351' title='bbox 650 3142 856 3251; x_wconf 88' lang='grc' dir='ltr'><em>ευανάτρεπτος</em></span> <span class='ocrx_word' id='word_1_352' title='bbox 878 3143 1005 3221; x_wconf 88' lang='grc' dir='ltr'><em>ὰστάτως</em></span> <span class='ocrx_word' id='word_1_353' title='bbox 1025 3147 1254 3230; x_wconf 83' lang='grc' dir='ltr'><em>περιφερομένη,</em></span> <span class='ocrx_word' id='word_1_354' title='bbox 1276 3145 1323 3209; x_wconf 76' lang='grc' dir='ltr'><em>ἐπ’</em></span> <span class='ocrx_word' id='word_1_355' title='bbox 1349 3145 1398 3209; x_wconf 78' lang='grc' dir='ltr'><em>οῦ·</em></span> 
     </span>
     <span class='ocr_line' id='line_1_36' title="bbox 227 3223 1399 3329; baseline 0.006 -44"><span class='ocrx_word' id='word_1_356' title='bbox 227 3228 311 3327; x_wconf 75' lang='grc' dir='ltr'><em>δεμιᾴ</em></span> <span class='ocrx_word' id='word_1_357' title='bbox 325 3223 518 3329; x_wconf 79' lang='grc' dir='ltr'><em>βεβαιοίσειὲ</em></span> <span class='ocrx_word' id='word_1_358' title='bbox 519 3234 652 3306; x_wconf 87' lang='grc' dir='ltr'><em>στηκυια·</em></span> <span class='ocrx_word' id='word_1_359' title='bbox 674 3223 769 3311; x_wconf 81' lang='grc' dir='ltr'><em>ἦγὰρ</em></span> <span class='ocrx_word' id='word_1_360' title='bbox 786 3225 1006 3328; x_wconf 77' lang='grc' dir='ltr'><em>ὰνεξέλεγκτσς“</em></span> <span class='ocrx_word' id='word_1_361' title='bbox 1027 3233 1144 3294; x_wconf 90' lang='grc' dir='ltr'><em>παιδεία</em></span> <span class='ocrx_word' id='word_1_362' title='bbox 1156 3237 1249 3292; x_wconf 86' lang='grc' dir='ltr'><em>πλαι</em></span> <span class='ocrx_word' id='word_1_363' title='bbox 1224 3250 1313 3292; x_wconf 84' lang='grc' dir='ltr'><em>αται</em></span> <span class='ocrx_word' id='word_1_364' title='bbox 1336 3237 1399 3304; x_wconf 83' lang='grc' dir='ltr'><em>πῶς</em></span> 
     </span>
     <span class='ocr_line' id='line_1_37' title="bbox 226 3303 1396 3416; baseline 0.008 -50"><span class='ocrx_word' id='word_1_365' title='bbox 226 3303 280 3408; x_wconf 87' lang='grc' dir='ltr'><em>γὰρ</em></span> <span class='ocrx_word' id='word_1_366' title='bbox 301 3304 355 3368; x_wconf 87' lang='grc' dir='ltr'><em>οῦκ</em></span> <span class='ocrx_word' id='word_1_367' title='bbox 376 3309 433 3369; x_wconf 86' lang='grc' dir='ltr'><em>έστι</em></span> <span class='ocrx_word' id='word_1_368' title='bbox 454 3310 598 3372; x_wconf 89' lang='grc' dir='ltr'><em>παντοίων</em></span> <span class='ocrx_word' id='word_1_369' title='bbox 617 3307 712 3411; x_wconf 91' lang='grc' dir='ltr'><em>λόγων</em></span> <span class='ocrx_word' id='word_1_370' title='bbox 734 3309 853 3414; x_wconf 83' lang='grc' dir='ltr'><em>φεύδων</em></span> <span class='ocrx_word' id='word_1_371' title='bbox 872 3315 1085 3416; x_wconf 81' lang='grc' dir='ltr'><em>πεπλαγημένη,</em></span> <span class='ocrx_word' id='word_1_372' title='bbox 1104 3312 1224 3377; x_wconf 75' lang='grc' dir='ltr'><em>ποτέ“</em></span> <span class='ocrx_word' id='word_1_373' title='bbox 1192 3337 1244 3392; x_wconf 90' lang='grc' dir='ltr'><em>μεν</em></span> <span class='ocrx_word' id='word_1_374' title='bbox 1264 3313 1396 3416; x_wconf 77' lang='grc' dir='ltr'><em>λέγουσα,</em></span> 
     </span>
     <span class='ocr_line' id='line_1_38' title="bbox 227 3385 1397 3495; baseline 0.007 -46"><span class='ocrx_word' id='word_1_375' title='bbox 227 3385 341 3450; x_wconf 86' lang='grc' dir='ltr'><em>δοίδεκα</em></span> <span class='ocrx_word' id='word_1_376' title='bbox 363 3386 436 3452; x_wconf 78' lang='grc' dir='ltr'><em>εἶναι</em></span> <span class='ocrx_word' id='word_1_377' title='bbox 456 3388 524 3495; x_wconf 70' lang='grc' dir='ltr'><em>τούς</em></span> <span class='ocrx_word' id='word_1_378' title='bbox 545 3388 677 3455; x_wconf 87' lang='grc' dir='ltr'><em>καθόλου</em></span> <span class='ocrx_word' id='word_1_379' title='bbox 698 3400 751 3456; x_wconf 91' lang='grc' dir='ltr'><em>τοῦ</em></span> <span class='ocrx_word' id='word_1_380' title='bbox 773 3391 885 3475; x_wconf 92' lang='grc' dir='ltr'><em>κόσμου</em></span> <span class='ocrx_word' id='word_1_381' title='bbox 905 3394 1005 3471; x_wconf 85' lang='grc' dir='ltr'><em>θεούς,</em></span> <span class='ocrx_word' id='word_1_382' title='bbox 1028 3396 1114 3458; x_wconf 89' lang='grc' dir='ltr'><em>πάλιν</em></span> <span class='ocrx_word' id='word_1_383' title='bbox 1127 3396 1158 3459; x_wconf 85' lang='lat'><em>66</em></span> <span class='ocrx_word' id='word_1_384' title='bbox 1172 3392 1397 3469; x_wconf 86' lang='grc' dir='ltr'><em>πλείσναςύπει-</em></span> 
     </span>
     <span class='ocr_line' id='line_1_39' title="bbox 226 3470 1398 3582; baseline 0.007 -51"><span class='ocrx_word' id='word_1_385' title='bbox 226 3477 355 3574; x_wconf 82' lang='grc' dir='ltr'><em>ληφυῖα;</em></span> <span class='ocrx_word' id='word_1_386' title='bbox 378 3471 521 3555; x_wconf 83' lang='grc' dir='ltr'><em>Τραϊανὸς</em></span> <span class='ocrx_word' id='word_1_387' title='bbox 541 3470 632 3539; x_wconf 86' lang='grc' dir='ltr'><em>είπεν</em></span> <span class='ocrx_word' id='word_1_388' title='bbox 657 3473 712 3538; x_wconf 86' lang='grc' dir='ltr'><em>οῦκ</em></span> <span class='ocrx_word' id='word_1_389' title='bbox 733 3478 773 3539; x_wconf 81' lang='grc' dir='ltr'><em>έτι</em></span> <span class='ocrx_word' id='word_1_390' title='bbox 794 3497 848 3540; x_wconf 90' lang='grc' dir='ltr'><em>σου</em></span> <span class='ocrx_word' id='word_1_391' title='bbox 869 3476 1000 3581; x_wconf 73' lang='grc' dir='ltr'><em>φίρω“</em></span> <span class='ocrx_word' id='word_1_392' title='bbox 970 3504 1023 3558; x_wconf 89' lang='grc' dir='ltr'><em>την</em></span> <span class='ocrx_word' id='word_1_393' title='bbox 1034 3477 1201 3554; x_wconf 83' lang='grc' dir='ltr'><em>αλαζονιαν</em></span> <span class='ocrx_word' id='word_1_394' title='bbox 1224 3475 1376 3551; x_wconf 73' lang='grc' dir='ltr'><em>δεινῦς“</em></span> <span class='ocrx_word' id='word_1_395' title='bbox 1342 3504 1398 3582; x_wconf 91' lang='grc' dir='ltr'><em>γαρ</em></span> 
     </span>
     <span class='ocr_line' id='line_1_40' title="bbox 226 3549 1399 3662; baseline 0.01 -49"><span class='ocrx_word' id='word_1_396' title='bbox 226 3549 310 3658; x_wconf 66' lang='grc' dir='ltr'><em>ημῶν</em></span> <span class='ocrx_word' id='word_1_397' title='bbox 297 3564 560 3662; x_wconf 80' lang='grc' dir='ltr'><em>κατακερτρμεῖς,</em></span> <span class='ocrx_word' id='word_1_398' title='bbox 552 3561 727 3643; x_wconf 76' lang='grc' dir='ltr'><em>,στωμυλίςι</em></span> <span class='ocrx_word' id='word_1_399' title='bbox 747 3558 854 3662; x_wconf 89' lang='grc' dir='ltr'><em>λόγων</em></span> <span class='ocrx_word' id='word_1_400' title='bbox 862 3569 947 3623; x_wconf 86' lang='grc' dir='ltr'><em>νικᾶν</em></span> <span class='ocrx_word' id='word_1_401' title='bbox 967 3559 1045 3641; x_wconf 74' lang='grc' dir='ltr'><em>ἡμᾶς</em></span> <span class='ocrx_word' id='word_1_402' title='bbox 1066 3564 1171 3629; x_wconf 86' lang='grc' dir='ltr'><em>θέλων</em></span> <span class='ocrx_word' id='word_1_403' title='bbox 1208 3568 1305 3624; x_wconf 86' lang='grc' dir='ltr'><em>θῦσον</em></span> <span class='ocrx_word' id='word_1_404' title='bbox 1327 3553 1399 3624; x_wconf 86' lang='grc' dir='ltr'><em>σῦν</em></span> 
     </span>
     <span class='ocr_line' id='line_1_41' title="bbox 226 3623 1400 3745; baseline 0.01 -50"><span class='ocrx_word' id='word_1_405' title='bbox 226 3632 310 3737; x_wconf 85' lang='grc' dir='ltr'><em>ὰρκεῖ</em></span> <span class='ocrx_word' id='word_1_406' title='bbox 325 3662 397 3740; x_wconf 87' lang='grc' dir='ltr'><em>γαρ</em></span> <span class='ocrx_word' id='word_1_407' title='bbox 400 3659 453 3716; x_wconf 89' lang='grc' dir='ltr'><em>σοι,</em></span> <span class='ocrx_word' id='word_1_408' title='bbox 476 3662 530 3703; x_wconf 89' lang='grc' dir='ltr'><em>οσα</em></span> <span class='ocrx_word' id='word_1_409' title='bbox 552 3623 854 3724; x_wconf 71' lang='grc' dir='ltr'><em>κατερβητόρευσας’</em></span> <span class='ocrx_word' id='word_1_410' title='bbox 833 3650 926 3745; x_wconf 78' lang='grc' dir='ltr'><em>ημῶν</em></span> <span class='ocrx_word' id='word_1_411' title='bbox 955 3646 982 3705; x_wconf 86' lang='grc' dir='ltr'><em>εἰ</em></span> <span class='ocrx_word' id='word_1_412' title='bbox 1001 3643 1033 3705; x_wconf 87' lang='grc' dir='ltr'><em>δέ</em></span> <span class='ocrx_word' id='word_1_413' title='bbox 1054 3642 1093 3725; x_wconf 78' lang='grc' dir='ltr'><em>μή</em></span> <span class='ocrx_word' id='word_1_414' title='bbox 1107 3670 1148 3728; x_wconf 90' lang='grc' dir='ltr'><em>γε,</em></span> <span class='ocrx_word' id='word_1_415' title='bbox 1170 3643 1258 3707; x_wconf 87' lang='grc' dir='ltr'><em>πάλιν</em></span> <span class='ocrx_word' id='word_1_416' title='bbox 1274 3666 1304 3706; x_wconf 88' lang='grc' dir='ltr'><em>σε</em></span> <span class='ocrx_word' id='word_1_417' title='bbox 1326 3647 1400 3707; x_wconf 83' lang='grc' dir='ltr'><em>αἰκι-</em></span> 
     </span>
     <span class='ocr_line' id='line_1_42' title="bbox 226 3715 1401 3827; baseline 0.009 -48"><span class='ocrx_word' id='word_1_418' title='bbox 226 3715 348 3823; x_wconf 70' lang='grc' dir='ltr'><em>ράμενος</em></span> <span class='ocrx_word' id='word_1_419' title='bbox 378 3717 498 3827; x_wconf 82' lang='grc' dir='ltr'><em>ῦστερογ</em></span> <span class='ocrx_word' id='word_1_420' title='bbox 531 3728 650 3827; x_wconf 88' lang='grc' dir='ltr'><em>θηρίοις</em></span> <span class='ocrx_word' id='word_1_421' title='bbox 682 3745 713 3787; x_wconf 93' lang='grc' dir='ltr'><em>σε</em></span> <span class='ocrx_word' id='word_1_422' title='bbox 744 3722 915 3804; x_wconf 78' lang='grc' dir='ltr'><em>παραδείσω</em></span> <span class='ocrx_word' id='word_1_423' title='bbox 955 3723 1094 3827; x_wconf 86' lang='grc' dir='ltr'><em>Ἰγνάτιος</em></span> <span class='ocrx_word' id='word_1_424' title='bbox 1125 3725 1265 3791; x_wconf 81' lang='grc' dir='ltr'><em>είπεν’”</em></span> <span class='ocrx_word' id='word_1_425' title='bbox 1248 3752 1302 3801; x_wconf 90' lang='grc' dir='ltr'><em>εως</em></span> <span class='ocrx_word' id='word_1_426' title='bbox 1329 3725 1401 3790; x_wconf 88' lang='grc' dir='ltr'><em>πότε</em></span> 
     </span>
     <span class='ocr_line' id='line_1_43' title="bbox 225 3797 1398 3915; baseline 0.008 -53"><span class='ocrx_word' id='word_1_427' title='bbox 225 3797 363 3877; x_wconf 84' lang='grc' dir='ltr'><em>άπειλεῖς,</em></span> <span class='ocrx_word' id='word_1_428' title='bbox 384 3797 486 3865; x_wconf 78' lang='grc' dir='ltr'><em>κάλ’</em></span> <span class='ocrx_word' id='word_1_429' title='bbox 455 3829 490 3867; x_wconf 93' lang='grc' dir='ltr'><em>ου</em></span> <span class='ocrx_word' id='word_1_430' title='bbox 510 3815 602 3880; x_wconf 85' lang='grc' dir='ltr'><em>ποιεῖς</em></span> <span class='ocrx_word' id='word_1_431' title='bbox 623 3805 642 3869; x_wconf 86' lang='lat'><em>6</em></span> <span class='ocrx_word' id='word_1_432' title='bbox 634 3806 834 3911; x_wconf 72' lang='grc' dir='ltr'><em>’έπμγγίλλης</em></span> <span class='ocrx_word' id='word_1_433' title='bbox 862 3805 970 3909; x_wconf 69' lang='lat'><em>66⁸</em></span> <span class='ocrx_word' id='word_1_434' title='bbox 930 3835 995 3914; x_wconf 87' lang='grc' dir='ltr'><em>γαρ</em></span> <span class='ocrx_word' id='word_1_435' title='bbox 1016 3808 1194 3915; x_wconf 87' lang='grc' dir='ltr'><em>Χριστιανός</em></span> <span class='ocrx_word' id='word_1_436' title='bbox 1212 3813 1269 3914; x_wconf 82' lang='grc' dir='ltr'><em>εἰμι</em></span> <span class='ocrx_word' id='word_1_437' title='bbox 1289 3811 1339 3871; x_wconf 83' lang='grc' dir='ltr'><em>καί</em></span> <span class='ocrx_word' id='word_1_438' title='bbox 1361 3808 1398 3872; x_wconf 87' lang='grc' dir='ltr'><em>οῦ</em></span> 
     </span>
     <span class='ocr_line' id='line_1_44' title="bbox 225 3879 1401 3998; baseline 0.008 -52"><span class='ocrx_word' id='word_1_439' title='bbox 225 3879 294 3947; x_wconf 83' lang='grc' dir='ltr'><em>θύω</em></span> <span class='ocrx_word' id='word_1_440' title='bbox 316 3893 454 3990; x_wconf 72' lang='grc' dir='ltr'><em>πονηρηῖς</em></span> <span class='ocrx_word' id='word_1_441' title='bbox 474 3889 618 3966; x_wconf 84' lang='grc' dir='ltr'><em>δαίμοσιν,</em></span> <span class='ocrx_word' id='word_1_442' title='bbox 640 3886 712 3951; x_wconf 86' lang='grc' dir='ltr'><em>ὰλλὰ</em></span> <span class='ocrx_word' id='word_1_443' title='bbox 719 3896 886 3990; x_wconf 82' lang='grc' dir='ltr'><em>προσκυνῶ</em></span> <span class='ocrx_word' id='word_1_444' title='bbox 908 3887 960 3953; x_wconf 86' lang='grc' dir='ltr'><em>τὸν</em></span> <span class='ocrx_word' id='word_1_445' title='bbox 980 3889 1124 3973; x_wconf 78' lang='grc' dir='ltr'><em>ἀληθινὸν</em></span> <span class='ocrx_word' id='word_1_446' title='bbox 1143 3890 1256 3957; x_wconf 90' lang='grc' dir='ltr'><em>θεον</em></span> <span class='ocrx_word' id='word_1_447' title='bbox 1228 3918 1278 3957; x_wconf 87' lang='grc' dir='ltr'><em>τον</em></span> <span class='ocrx_word' id='word_1_448' title='bbox 1279 3894 1401 3998; x_wconf 90' lang='grc' dir='ltr'><em>πατέρα</em></span> 
     </span>
     <span class='ocr_line' id='line_1_45' title="bbox 224 3964 1400 4074; baseline 0.009 -46"><span class='ocrx_word' id='word_1_449' title='bbox 224 3973 277 4029; x_wconf 89' lang='grc' dir='ltr'><em>τοῦ</em></span> <span class='ocrx_word' id='word_1_450' title='bbox 297 3968 401 4065; x_wconf 87' lang='grc' dir='ltr'><em>κυρίου</em></span> <span class='ocrx_word' id='word_1_451' title='bbox 418 3964 514 4070; x_wconf 87' lang='grc' dir='ltr'><em>Ἰησοῦ</em></span> <span class='ocrx_word' id='word_1_452' title='bbox 524 3968 725 4074; x_wconf 79' lang='grc' dir='ltr'><em>Χριστοῦ,“</em></span> <span class='ocrx_word' id='word_1_453' title='bbox 696 3997 748 4034; x_wconf 90' lang='grc' dir='ltr'><em>τον</em></span> <span class='ocrx_word' id='word_1_454' title='bbox 767 3969 932 4071; x_wconf 88' lang='grc' dir='ltr'><em>φωτίσαντά</em></span> <span class='ocrx_word' id='word_1_455' title='bbox 953 3998 987 4052; x_wconf 92' lang='grc' dir='ltr'><em>με</em></span> <span class='ocrx_word' id='word_1_456' title='bbox 1008 3980 1072 4052; x_wconf 79' lang='grc' dir='ltr'><em>φῶς</em></span> <span class='ocrx_word' id='word_1_457' title='bbox 1094 3974 1236 4057; x_wconf 75' lang='grc' dir='ltr'><em>γνώσεως,</em></span> <span class='ocrx_word' id='word_1_458' title='bbox 1257 3973 1400 4039; x_wconf 87' lang='grc' dir='ltr'><em>τόνὰνοί-</em></span> 
     </span>
     <span class='ocr_line' id='line_1_46' title="bbox 226 4047 1398 4195; baseline 0.01 -84"><span class='ocrx_word' id='word_1_459' title='bbox 226 4047 313 4123; x_wconf 86' lang='grc' dir='ltr'><em>ξαντά</em></span> <span class='ocrx_word' id='word_1_460' title='bbox 340 4075 397 4154; x_wconf 81' lang='grc' dir='ltr'><em>μρυ</em></span> <span class='ocrx_word' id='word_1_461' title='bbox 424 4048 492 4125; x_wconf 90' lang='grc' dir='ltr'><em>τοῦς</em></span> <span class='ocrx_word' id='word_1_462' title='bbox 519 4047 696 4195; x_wconf 65' lang='grc' dir='ltr'><em>όφθηλμούς</em></span> <span class='ocrx_word' id='word_1_463' title='bbox 724 4057 765 4128; x_wconf 81' lang='grc' dir='ltr'><em>εἰς</em></span> <span class='ocrx_word' id='word_1_464' title='bbox 793 4051 969 4158; x_wconf 73' lang='grc' dir='ltr'><em>κατανόημιν</em></span> <span class='ocrx_word' id='word_1_465' title='bbox 998 4064 1056 4122; x_wconf 81' lang='grc' dir='ltr'><em>τῶν</em></span> <span class='ocrx_word' id='word_1_466' title='bbox 1082 4062 1257 4163; x_wconf 79' lang='grc' dir='ltr'><em>θαυμασίων</em></span> <span class='ocrx_word' id='word_1_467' title='bbox 1288 4056 1398 4122; x_wconf 80' lang='grc' dir='ltr'><em>αὐτοῦ·</em></span> 
     </span>
     <span class='ocr_line' id='line_1_47' title="bbox 225 4127 1401 4222; baseline 0.01 -29"><span class='ocrx_word' id='word_1_468' title='bbox 225 4127 316 4195; x_wconf 88' lang='grc' dir='ltr'><em>αῦτόν</em></span> <span class='ocrx_word' id='word_1_469' title='bbox 337 4131 391 4217; x_wconf 91' lang='grc' dir='ltr'><em>γὰρ</em></span> <span class='ocrx_word' id='word_1_470' title='bbox 412 4140 484 4214; x_wconf 86' lang='grc' dir='ltr'><em>τιμῶ</em></span> <span class='ocrx_word' id='word_1_471' title='bbox 504 4134 555 4196; x_wconf 85' lang='grc' dir='ltr'><em>καί</em></span> <span class='ocrx_word' id='word_1_472' title='bbox 575 4133 665 4214; x_wconf 88' lang='grc' dir='ltr'><em>σέ·βω</em></span> <span class='ocrx_word' id='word_1_473' title='bbox 694 4132 784 4210; x_wconf 86' lang='grc' dir='ltr'><em>αῦτδς</em></span> <span class='ocrx_word' id='word_1_474' title='bbox 803 4135 857 4220; x_wconf 88' lang='grc' dir='ltr'><em>γὰρ</em></span> <span class='ocrx_word' id='word_1_475' title='bbox 878 4136 950 4212; x_wconf 88' lang='grc' dir='ltr'><em>θεός</em></span> <span class='ocrx_word' id='word_1_476' title='bbox 971 4139 1029 4202; x_wconf 78' lang='grc' dir='ltr'><em>ἐστι</em></span> <span class='ocrx_word' id='word_1_477' title='bbox 1055 4142 1105 4204; x_wconf 82' lang='grc' dir='ltr'><em>καὶ</em></span> <span class='ocrx_word' id='word_1_478' title='bbox 1124 4140 1225 4222; x_wconf 87' lang='grc' dir='ltr'><em>κύριος</em></span> <span class='ocrx_word' id='word_1_479' title='bbox 1246 4141 1296 4201; x_wconf 84' lang='grc' dir='ltr'><em>καί</em></span> <span class='ocrx_word' id='word_1_480' title='bbox 1318 4142 1401 4220; x_wconf 85' lang='grc' dir='ltr'><em>βασι-</em></span> 
     </span>
    </p>
   </div>
   <div class='ocr_carea' id='block_1_3' title="bbox 231 4283 436 4296">
    <p class='ocr_par' dir='ltr' id='par_1_3' title="bbox 231 4283 436 4296">
     <span class='ocr_line' id='line_1_48' title="bbox 231 4283 436 4296; baseline 0.01 -5"><span class='ocrx_word' id='word_1_481' title='bbox 231 4283 436 4296; x_wconf 42' lang='grc' dir='ltr'><em>-ῂ-ῌ-</em></span> 
     </span>
    </p>
   </div>
   <div class='ocr_carea' id='block_1_4' title="bbox 277 4362 1182 4436">
    <p class='ocr_par' dir='ltr' id='par_1_4' title="bbox 277 4362 1182 4436">
     <span class='ocr_line' id='line_1_49' title="bbox 277 4362 1182 4436; baseline 0.007 -25"><span class='ocrx_word' id='word_1_482' title='bbox 277 4363 320 4426; x_wconf 88' lang='grc'><em>10)</em></span> <span class='ocrx_word' id='word_1_483' title='bbox 337 4362 370 4414; x_wconf 84' lang='grc' dir='ltr'><em>οὑ</em></span> <span class='ocrx_word' id='word_1_484' title='bbox 388 4370 549 4436; x_wconf 78' lang='grc' dir='ltr'><em>πομενοντα</em></span> <span class='ocrx_word' id='word_1_485' title='bbox 567 4365 624 4435; x_wconf 84' lang='lat' dir='ltr'><strong>(sic)</strong></span> <span class='ocrx_word' id='word_1_486' title='bbox 642 4368 692 4416; x_wconf 76' lang='lat' dir='ltr'>vat.</span> <span class='ocrx_word' id='word_1_487' title='bbox 877 4370 920 4436; x_wconf 81' lang='lat'><em>11)</em></span> <span class='ocrx_word' id='word_1_488' title='bbox 939 4367 1114 4427; x_wconf 77' lang='grc' dir='ltr'><em>ὰνεξέλειιτος</em></span> <span class='ocrx_word' id='word_1_489' title='bbox 1132 4365 1182 4415; x_wconf 72' lang='grc' dir='ltr'><em>λιι</em></span> 
     </span>
    </p>
   </div>
   <div class='ocr_carea' id='block_1_5' title="bbox 0 0 1449 4882">
    <p class='ocr_par' dir='ltr' id='par_1_5' title="bbox 0 0 1449 4882">
     <span class='ocr_line' id='line_1_50' title="bbox 0 0 1449 4882; baseline 0 0"><span class='ocrx_word' id='word_1_490' title='bbox 0 0 1449 4882; x_wconf 95' lang='lat' dir='ltr'><em> </em></span> 
     </span>
    </p>
   </div>
  </div>
 </body>
</html>
