2886 4882
255 250 382 314 ldllffll
401 252 565 315 nutarunt
587 255 630 314 Au
651 255 867 317 obstaturos,
894 254 938 316 lll.
962 256 1006 315 tv.
1027 256 1057 317 V.
1078 255 1119 317 Vb
1214 256 1272 320 157

96 429 148 492 est,
170 421 352 479 mansuetudo
373 439 437 480 cero
457 423 517 480 eius
540 423 676 498 potentia3
695 439 784 499 quem,
806 431 836 481 ut
856 425 989 493 existimo,
1010 433 1038 482 et
1059 425 1132 500 impii
1155 427 1208 502 ipsi
1229 443 1272 486 re·

96 513 242 574 veremur,
265 505 364 579 quibus
385 507 465 563 etiam
487 505 577 580 placet
602 507 675 580 quod
707 524 759 583 eqo
780 507 846 563 mibi
868 523 923 564 non
944 523 1062 582 paream.
1103 509 1186 577 Num,
1208 525 1272 568 euru

95 590 147 646 bac
170 589 204 646 dr
226 605 257 645 re
279 589 400 648 seribere
422 589 488 645 mibi
509 590 634 658 licuerit,
665 591 691 646 in
715 598 813 647 tanum
845 592 897 647 mei
920 591 1144 650 existimationem
1167 592 1270 664 deveni,

95 681 134 741 ut,
156 673 278 746 quamvis
301 673 507 741 condemnatus,
530 671 602 730 velut
622 673 769 748 Apostolus
792 672 868 730 vobis
892 673 1098 749 praeciperemt
1228 679 1230 684 '

96 805 179 861 mimi
202 804 347 879 vultusque
370 804 520 880 aequalitas
541 823 666 880 magnum
690 809 896 876 documentum,
919 808 997 864 cuius
1019 808 1198 865 mansuetudo
1220 811 1270 866 rir-

96 897 182 945 tntem
208 886 345 963 praefert,
375 898 404 945 ut
432 890 507 963 ipsos
537 906 646 964 quoque
668 891 766 964 impios
787 906 849 947 eum
871 892 989 948 revereri
1012 891 1170 948 existimem.
1212 893 1270 950 Nou

96 972 227 1027 contineo
249 987 308 1040 me,
332 972 395 1046 quia
417 971 499 1046 diligo
521 989 584 1040 vos,
607 974 728 1046 quamvis
751 975 840 1031 aerius
865 974 916 1030 bac
935 974 969 1031 de
999 991 1028 1030 re
1056 973 1178 1032 seribere
1207 991 1270 1049 pos·

96 1070 170 1110 sem:
196 1054 259 1111 ideo
282 1054 396 1123 scilieet,
418 1056 481 1130 quia
504 1057 555 1112 iam
577 1055 701 1112 addictus
724 1065 850 1131 tanquam
863 1056 1010 1131 Apostolus
1033 1056 1109 1114 vobis
1122 1059 1270 1132 praecipio.

293 1202 334 1258 lV.
379 1204 541 1262 Humilitote
563 1214 588 1262 et
608 1208 822 1264 mansuetudine
842 1207 911 1263 miti
932 1179 1007 1281 opus⁰
1024 1215 1070 1264 est.

180 1319 262 1376 Multa
282 1320 359 1395 sapio
381 1320 408 1375 in
432 1320 501 1387 beor
530 1321 580 1377 sed
608 1323 674 1379 mibi
697 1324 748 1397 ipsi
769 1323 881 1379 modum
903 1321 1035 1392 adhibeo,
1065 1341 1099 1381 ne
1126 1323 1269 1398 gloriando

96 1419 217 1478 peream.
251 1403 327 1459 Nune
349 1405 419 1460 euim
442 1403 504 1477 plus
526 1405 591 1460 mibi
615 1404 762 1461 timendum
785 1413 834 1472 est,
856 1423 908 1462 nec
929 1423 1009 1463 aures
1032 1407 1084 1462 illis
1107 1415 1171 1463 sunt
1192 1423 1269 1482 prae·

96 1486 211 1554 bendae,
234 1487 281 1558 qui
302 1503 345 1542 me
368 1486 469 1542 inllant
499 1488 548 1555 Qui
570 1489 641 1543 euim
662 1487 834 1555 melaudant
858 1488 994 1560 flagellant
1014 1506 1065 1547 me.
1105 1489 1170 1545 Nam
1186 1489 1269 1564 diligo

96 1569 207 1644 quidem
238 1570 310 1643 pati3
339 1569 388 1625 sed
407 1571 501 1626 nescio
532 1587 565 1626 an
589 1571 686 1644 diguus
709 1572 768 1628 sim.
810 1571 1077 1629 vehementiorum
1098 1589 1159 1629 mea
1179 1572 1269 1630 multis

95 1652 207 1726 quidem
228 1669 284 1708 nou
305 1661 425 1727 apparet,
447 1670 490 1710 me
512 1670 577 1710 vero
599 1656 689 1710 acrius
712 1654 858 1728 impugnat.
901 1655 974 1728 Opus
995 1655 1086 1728 itaque
1107 1655 1173 1712 mibi
1194 1672 1268 1714 mau-

95 1735 248 1804 suetudine,
271 1753 324 1809 qua
345 1735 473 1809 princeps
496 1735 580 1793 seculi
604 1736 684 1794 buius
707 1737 865 1794 destruitur.
916 1795 918 1799 ,

177 1861 246 1924 Ἥ.
288 1867 384 1942 llagna
408 1869 495 1925 sentio
519 1870 544 1925 in
568 1868 637 1939 [teor
670 1870 720 1926 sed
740 1885 783 1926 me
813 1871 901 1945 ipsum
923 1872 1037 1941 metior,
1070 1888 1103 1928 nc
1126 1870 1268 1946 gloriando

96 1967 216 2026 peream.
258 1951 334 2007 Nune
357 1952 428 2009 enirn
450 1952 536 2026 magis
557 1953 623 2009 mibi
647 1952 794 2011 timendum
817 1962 867 2023 est,
890 1970 940 2011 nec
960 1955 1076 2024 attendi,
1097 1957 1142 2031 qui
1163 1972 1207 2013 me
1230 1957 1268 2014 iu·

99 2034 173 2091 bant.
216 2035 366 2092 laudantes
406 2036 478 2092 euim
510 2053 553 2093 me
584 2035 727 2110 llagellant.
772 2037 838 2093 Nam
874 2037 954 2112 cupio
986 2038 1095 2112 quidem
1116 2040 1187 2114 pati;
1218 2039 1269 2102 sed

96 2119 192 2175 neseio
210 2125 301 2175 utrum
324 2118 421 2193 dignus
443 2120 502 2176 sim.
544 2119 607 2175 Nam
630 2119 772 2177 aemulatio
796 2115 920 2191 (inimici)
951 2121 1042 2179 multis
1065 2122 1179 2197 quidem
1212 2139 1267 2181 non

97 2208 222 2276 apparet,
253 2201 302 2258 sed
331 2218 374 2258 me
403 2203 587 2260 vehementius
617 2212 764 2279 oppugnat.
807 2204 939 2273 Quocirca
970 2206 1176 2264 mansuetudine
1203 2207 1268 2264 mibi

97 2301 166 2358 opus
191 2293 248 2354 est,
270 2302 323 2358 qua
344 2286 475 2342 evertitur
495 2286 625 2361 princeps
648 2288 727 2344 liuius
750 2287 843 2343 seculi.

274 2409 284 2426 ⁹
340 2435 368 2491 V.
411 2436 473 2492 Non
493 2438 623 2494 sublimes
644 2436 785 2494 doctrinas
805 2436 882 2492 uobis
903 2437 1023 2492 tradam.

178 2549 272 2605 Nonne
294 2567 405 2624 possem
425 2551 553 2609 coelestia
576 2551 716 2609 scriberet
759 2552 807 2618 At,
840 2567 873 2606 ne
896 2549 1011 2624 parvulis
1039 2547 1116 2605 vobis
1139 2549 1265 2607 damnum

95 2631 217 2702 interam,
235 2640 334 2690 metuo.
357 2636 395 2689 Ac
418 2635 483 2691 mibi
505 2635 653 2709 ignoscite,
683 2651 732 2702 ne,
755 2634 806 2690 ista
827 2649 925 2708 capere
946 2648 1000 2689 nou
1024 2631 1157 2702 valentes,
1180 2641 1265 2690 suau-

96 2715 232 2790 gulemiui.
262 2716 327 2773 llam
350 2725 377 2775 et
398 2734 459 2792 ego,
482 2718 610 2777 nonideo
633 2718 707 2793 quod
728 2718 912 2784 vinetussum,
936 2724 965 2772 et
974 2715 1103 2773 eoelestia
1114 2714 1266 2791 intelligere

100 2815 231 2872 possum,
253 2807 281 2856 et
301 2801 378 2857 locos
401 2801 575 2875 angelorum,
598 2811 624 2859 et
654 2809 750 2859 coetus
771 2801 1034 2874 constitutionesque
1056 2801 1266 2875 principatuum,

95 2880 210 2938 visibiba
236 2891 264 2938 et
292 2883 442 2941 invisibilia.
484 2884 620 2958 liespectu
648 2886 744 2942 barum
773 2901 865 2942 rerum
892 2883 982 2941 adbuc
1014 2883 1163 2957 discipulus
1190 2900 1265 2953 sumr

93 2964 178 3020 multa
199 2967 271 3022 euim
290 2965 371 3023 nobis
394 2967 500 3037 desunt,
524 2985 592 3024 nea
614 2967 669 3025 lleo
692 2967 819 3025 absimus.

177 3091 229 3152 Ὗ.
250 3099 345 3157 Nonne
368 3117 478 3174 possem
501 3102 534 3157 de
556 3099 640 3158 rebus
663 3100 828 3158 coelestibus
850 3098 994 3157 scriberet
1027 3096 1083 3155 Sed
1104 3114 1208 3166 uereor,
1231 3112 1265 3156 ue

94 3179 173 3237 robis
201 3180 289 3238 adbuc
321 3181 438 3256 parvulis
469 3181 573 3250 obsim,
594 3192 622 3241 et
643 3185 776 3257 ignoscite
797 3184 879 3251 mibi,
909 3199 960 3251 ue,
990 3197 1051 3239 cum
1072 3197 1171 3256 capere
1192 3177 1265 3239 baud

94 3263 223 3338 possitis,
246 3265 460 3339 strangulemiui.
501 3266 606 3322 Etenim
628 3283 689 3341 ego,
711 3283 765 3323 non
789 3268 851 3340 quia
871 3267 977 3321 vinctus
999 3282 1068 3332 sum,
1090 3272 1118 3321 et
1138 3280 1183 3321 res
1204 3279 1266 3322 coe·

95 3346 195 3410 testes,
218 3347 361 3421 seriesque
383 3348 547 3422 Angelorum
569 3357 596 3405 et
624 3349 735 3406 ordines
757 3350 966 3424 principatuum,
988 3345 1103 3404 visibilia
1131 3348 1211 3404 etiam
1240 3353 1268 3403 et

96 3427 239 3485 inuisibilia
267 3429 418 3504 intelligere
448 3447 577 3505 possum,
606 3431 668 3488 ideo
701 3433 752 3488 iam
774 3431 924 3505 discipulus
948 3446 1058 3503 quoque
1080 3446 1156 3486 sum:
1183 3428 1267 3486 multa

96 3511 167 3567 euim
191 3510 290 3568 desunt
312 3511 404 3579 nobis,
427 3530 461 3569 ne
484 3529 498 3568 a
521 3514 576 3570 ileo
598 3513 784 3571 destituamur.

377 3653 417 3709 Vl.
459 3655 595 3711 Abstiaete
615 3672 634 3711 a
655 3671 759 3711 ueneno
779 3656 988 3712 baereticorum.

177 3749 299 3807 Obsecro
320 3752 410 3825 itaque
431 3769 493 3820 vos,
516 3769 572 3809 uon
593 3770 661 3827 eqo,
684 3754 733 3810 sed
755 3753 871 3811 charitas
893 3752 954 3811 lesu
975 3752 1091 3820 Gbristi,
1114 3752 1174 3809 solo
1196 3752 1266 3810 obri·

95 3834 183 3890 suano
205 3832 331 3890 alimento
353 3835 401 3903 uti,
424 3834 457 3891 ab
479 3835 566 3893 aliena
586 3843 675 3893 autem
698 3836 783 3893 berba
805 3835 952 3905 abstinere,
976 3841 1109 3909 quaeest
1134 3835 1265 3892 haeresis.

178 3957 240 4021 *vt
267 3965 400 4035 Quocirca
421 3967 538 4026 obsecro
560 3986 617 4037 ros,
640 3986 694 4026 non
718 3968 827 4042 quidem
849 3985 910 4043 ego,
932 3969 982 4026 sed
1002 3968 1101 4025 caritas
1116 3965 1175 4023 lesu
1191 3964 1265 4021 Cbri·

94 4050 144 4117 sti,
165 4056 197 4107 ut
217 4047 279 4105 solo
304 4047 457 4108 Christiano
479 4053 645 4108 nutrimento
668 4053 793 4120 utamini,
816 4052 976 4109 abstineatis
1008 4059 1096 4108 autem
1124 4047 1157 4103 ab
1182 4045 1266 4103 herba

93 4225 155 4260 sono
186 4225 274 4261 mcor·
305 4209 445 4273 discepolo:
484 4212 660 4275 imperciocsbt
695 4210 787 4273 divine,
809 4226 854 4275 per
882 4220 953 4276 poter
975 4209 1040 4270 dire,
1071 4206 1115 4256 ebe
1141 4219 1194 4254 esse
1216 4218 1265 4255 uon

92 4277 168 4328 melta
190 4293 247 4328 ross
271 4278 292 4327 ci
320 4291 450 4338 mancino,
475 4279 589 4329 acciocbe
615 4279 660 4328 ttio
696 4278 717 4328 ci
735 4277 870 4342 maurane).

93 4360 142 4408 unp
164 4345 186 4396 ei
205 4345 299 4396 maucbi
315 4343 398 4408 (Cioe,
422 4344 498 4394 siumo
516 4360 605 4396 ancora
625 4345 662 4394 in·
748 4346 805 4410 Cap.
823 4346 859 4396 vt.
901 4344 926 4407 i)
944 4344 992 4393 Cir.
1018 4340 1050 4392 sd
1070 4339 1162 4391 Pbilad.
1187 4353 1207 4390 c.
1225 4338 1265 4405 ³.;

93 4411 173 4464 distre
190 4412 253 4464 assai
276 4411 341 4463 nella
366 4412 507 4475 eoqniriom
525 4411 588 4464 delle
606 4427 664 4465 coss
698 4412 729 4464 ad
747 4413 836 4478 pres.
854 4426 876 4463 e.
894 4412 933 4464 to.
1193 4486 1384 4614 ·
