2886 4882
364 196 388 259 l,
409 194 599 255 enumeris
619 197 662 253 Ab
683 197 755 254 COR.
786 197 863 257 XXX.
888 200 978 260 XXXl.
999 201 1101 263 xxxii.
1277 206 1315 267 'l'l

158 399 225 455 mn
273 398 437 455 faciamus
462 411 536 469 aune
560 397 685 470 placent,
708 400 853 472 sapiemus
880 419 952 474 quoe
975 404 1118 477 displicent
1149 370 1221 468 ileo.
1254 416 1284 463 ut

625 500 830 557 benedicamur.
1225 508 1229 516 ·

207 618 281 674 Cum
304 617 395 691 igitur
417 614 508 688 portio
530 613 620 671 Sancti
643 617 745 684 simus,
777 617 906 673 iaciamus
929 619 1019 674 omnia
1046 637 1114 692 qnae
1136 620 1168 676 ad
1191 627 1315 682 sanctita·

140 717 180 758 um
201 703 370 776 pertinent,
394 697 606 755 obtrectationes
628 699 793 766 devitantes,
819 701 940 774 impuros
963 717 994 757 ac
1017 702 1167 775 impudicos
1199 708 1315 781 comple·

140 805 189 855 urs,
221 785 396 848 ebrietates,
425 797 554 836 nouarum
586 799 676 838 rerum
708 785 809 851 studia,
846 787 1082 858 concupiscentias
1112 785 1315 859 abominandas,

139 868 325 925 detestandum
357 865 537 932 adulterium,
566 866 760 923 exsecrabilem
792 867 955 941 superbiant.
997 869 1076 936 ,licus
1106 870 1192 935 eninr,
1221 872 1315 943 inquit,

139 952 257 1026 superbis
281 950 405 1015 resistit,
426 947 573 1005 humilibus
596 956 684 1005 autent
707 950 752 1006 dat
775 949 905 1023 gratianu‘
945 951 1148 1024 Adglutinenuu
1170 953 1252 1025 igitur
1274 956 1315 1022 iis,

139 1036 226 1109 qubus
251 1034 345 1109 gratia
367 1031 460 1088 abeo
483 1047 615 1088 concessa
635 1041 685 1088 est
728 1033 872 1090 luduamus
895 1035 1083 1102 concordiam,
1106 1035 1229 1097 lurnulcs,
1253 1054 1315 1093 con·

138 1121 265 1182 timentes,
289 1117 328 1172 ab
351 1115 425 1171 omni
447 1132 561 1171 susurro
584 1124 612 1171 et
633 1116 830 1173 obtrectatione
852 1117 947 1191 procul
976 1118 1153 1185 recedentes,
1177 1121 1315 1192 operibus,

138 1220 182 1257 ran
211 1209 313 1257 autem
343 1198 436 1254 veritis
460 1214 511 1254 nos
534 1198 719 1256 iustificantes.
762 1200 830 1255 Dicit
856 1202 943 1256 enirn:
978 1202 1033 1273 ,qui
1067 1200 1149 1256 nrrilta
1178 1201 1259 1269 dicit,
1289 1212 1317 1260 et

137 1286 249 1341 nrissirn
274 1283 390 1349 audiet,
421 1288 466 1337 aut
485 1282 526 1337 uir
546 1282 678 1338 verbosus
701 1290 775 1356 putat
797 1300 827 1338 sc
848 1301 909 1339 csse
931 1285 1029 1339 iustum
1040 1284 1050 1338 'l
1086 1284 1248 1341 Benedictus
1271 1304 1316 1343 na·

136 1384 172 1424 nm
191 1367 342 1432 mulieris,
362 1364 452 1421 brevis
475 1365 560 1432 ritae,
593 1382 627 1421 ne
650 1366 750 1422 multus
773 1368 810 1422 sis
831 1368 856 1422 in
879 1366 986 1422 uerbis‘
1030 1366 1070 1422 Sit
1092 1367 1149 1423 laus
1173 1378 1264 1425 nostra
1289 1371 1316 1427 in

136 1453 196 1518 beo,
219 1460 250 1507 ct
274 1466 335 1506 non
357 1447 470 1503 anobis
494 1448 578 1522 ipsis,
614 1448 670 1504 odit
692 1449 762 1505 enim
783 1449 854 1505 Deus
875 1467 923 1506 cos
946 1451 992 1522 qui
1014 1453 1176 1524 semctipsos
1199 1451 1317 1511 laudant,

133 1534 333 1592 testimonium
364 1531 496 1588 bonarum
527 1539 682 1588 nostrarum
717 1534 853 1588 actionum
882 1532 914 1589 ab
944 1533 1002 1588 aliis
1033 1533 1111 1589 nobis
1148 1536 1315 1606 exhibeatur,

131 1621 199 1675 sinit
224 1614 358 1692 patribus
381 1616 500 1682 nostris,
523 1616 568 1687 qui
591 1616 655 1671 iusti
677 1615 936 1684 crant,erl1ibitum
960 1626 1010 1672 est.
1054 1615 1219 1686 Temeritas,
1242 1638 1316 1677 arro·

130 1704 221 1775 cantia
244 1708 275 1757 ct
300 1698 413 1754 audacia
433 1698 584 1754 maledictis
606 1716 621 1754 a
643 1699 712 1768 ilco,
743 1699 893 1755 moderatio
913 1716 994 1768 vcro,
1023 1700 1159 1758 humilitas
1188 1711 1215 1759 et
1243 1721 1315 1761 inan·

129 1785 248 1843 suetudo
272 1781 329 1838 illis
358 1782 403 1855 qui
426 1799 441 1837 a
461 1782 516 1838 Deo
537 1782 675 1839 benedicti
696 1792 767 1840 sunt.

154 1951 254 2010 XXXX
302 1950 466 2013 Videamus,
489 1952 673 2020 quaeratione
696 1952 908 2008 benedictionem
930 1952 1055 2009 ditinum
1076 1971 1285 2028 consequamur.

215 2085 287 2141 Eius
311 2083 395 2156 igitur
416 2082 599 2139 benedictioni
631 2082 745 2140 firmiter
766 2084 968 2153 adhaereamus,
990 2095 1017 2142 ct
1039 2105 1168 2160 quaenam
1194 2090 1249 2144 sint
1270 2089 1315 2147 bc·

129 2167 304 2225 bedictionis
327 2166 560 2234 emendemus.
603 2166 697 2222 dnimo
721 2176 884 2242 repetamus,
907 2186 976 2241 quae
999 2170 1032 2226 ab
1054 2171 1130 2227 initio
1153 2172 1221 2227 iacta
1245 2182 1315 2228 sunt.

128 2254 216 2308 Cuius
242 2251 333 2324 gratia
354 2249 488 2306 Abrabam
508 2258 584 2324 pater
606 2259 700 2305 noster
722 2251 883 2306 benedictus
906 2251 976 2307 initi
1018 2253 1127 2320 Nonne,
1151 2257 1214 2326 utria
1241 2256 1315 2310 iusti·

129 2339 197 2391 tiam
219 2343 252 2391 et
274 2335 415 2390 ueritatem
437 2350 487 2406 per
509 2332 590 2388 tidem
612 2341 739 2406 operatus
762 2333 821 2388 esti
866 2333 940 2388 isaac
962 2351 1021 2390 crim
1045 2336 1217 2402 confidentia,
1239 2338 1314 2407 qirasi

130 2420 260 2475 inlunem
283 2433 461 2490 cognoscens,
484 2416 599 2472 libenter
622 2417 707 2471 factrus
730 2423 772 2471 cst
794 2415 966 2470 sacrificiunt.
1010 2416 1089 2470 lacob
1119 2417 1145 2471 in
1167 2417 1315 2473 lrunnlitate

131 2502 170 2558 ab
193 2503 313 2558 lratrcm
334 2501 451 2556 secessit
474 2516 489 2556 c
512 2508 584 2556 terra
609 2517 672 2567 sira,
695 2504 722 2553 et
744 2497 883 2571 proiectus
905 2506 947 2552 cst
969 2499 1002 2554 ad
1024 2496 1122 2564 Laban,
1146 2506 1173 2553 ct
1193 2499 1317 2568 servivit3

130 2594 159 2641 et
181 2586 251 2642 data
271 2592 337 2640 aunt
357 2585 382 2640 ci
404 2583 547 2639 duodecim
569 2591 678 2657 sceptra
699 2580 813 2636 israelis.

198 2751 305 2810 XXXll.
346 2753 408 2811 lt'on
426 2769 477 2827 per
495 2768 545 2806 noa
565 2751 638 2823 ipsos
659 2766 708 2805 nec
727 2766 780 2822 per
801 2765 885 2822 opera
906 2756 1016 2816 nostro,
1038 2750 1087 2805 sed
1102 2765 1156 2822 per
1176 2750 1258 2822 fidem

631 2849 823 2921 testificamur.

227 2968 254 3024 Si
279 2968 339 3041 quis
365 2967 454 3021 animo
478 2965 585 3020 sincero
608 2964 712 3037 singula
743 2965 933 3039 perpenderit,
963 2967 1109 3035 donorum,
1133 2984 1201 3039 quac
1224 2985 1237 3020 a
1261 2966 1315 3021 lico

139 3054 245 3111 tributa
270 3060 348 3118 sunt,
371 3046 597 3122 magnificentiam
620 3048 758 3121 intelliget.
803 3048 843 3104 bb
866 3049 911 3105 illo
934 3050 1004 3105 enim
1028 3052 1080 3105 orti
1105 3059 1168 3105 sunt
1188 3049 1317 3104 sacerdo·

137 3148 181 3195 tes
206 3151 302 3191 omnes
324 3141 352 3190 et
372 3133 494 3200 Levitae,
519 3132 565 3204 qui
588 3132 664 3186 altari
686 3131 733 3187 bei
754 3132 918 3198 inserviunt3
954 3133 986 3188 ab
1016 3133 1061 3188 illo
1084 3133 1211 3188 Dominus
1242 3133 1316 3188 lesus

138 3220 295 3277 secundum
317 3234 441 3283 carnem;
468 3215 501 3271 ab
524 3214 570 3269 illo
595 3232 689 3288 reges,
718 3216 858 3289 principes
886 3225 913 3272 et
941 3216 1024 3273 duces
1052 3234 1102 3291 per
1130 3216 1254 3273 familiam
1277 3217 1317 3272 lu·

138 3305 201 3360 dae.
245 3301 301 3358 Nec
322 3302 443 3373 reliquae
465 3299 523 3353 cius
547 3297 634 3353 tribus
658 3298 684 3353 in
706 3316 787 3371 paruo
813 3300 917 3355 honore
940 3308 1017 3367 sunt,
1039 3301 1212 3373 promittente
1246 3300 1322 3362 scili.

138 3395 186 3443 cet
209 3386 337 3441 Domino:
372 3385 434 3452 ,erit
455 3398 546 3438 semen
571 3390 644 3437 tuum
665 3389 792 3454 tanquam
821 3383 914 3440 stellae
946 3382 1032 3439 coeli‘
1076 3383 1096 3439 li
1126 3401 1192 3458 ergo
1222 3400 1316 3440 ornnes

139 3471 257 3545 gloriam
281 3477 308 3524 ct
329 3465 531 3541 amplitudinem
561 3466 702 3520 consecuti
732 3475 810 3534 sunt,
841 3484 895 3523 non
924 3484 974 3540 per
1005 3468 1129 3539 seipsos,
1160 3477 1206 3523 nint
1234 3485 1317 3543 opera

139 3570 208 3622 sua,
231 3560 276 3608 aut
299 3554 382 3607 iustas
406 3550 540 3616 actiones,
565 3564 632 3620 qtras
656 3547 794 3618 lecerunt,
827 3552 875 3607 scd
904 3568 954 3624 pcr
984 3549 1146 3606 voluntatem
1175 3553 1244 3609 eius.
1287 3552 1319 3608 Et

138 3724 236 3780 punito
253 3719 379 3777 paratoque
399 3711 477 3759 auium
499 3707 670 3759 rotunutibei
689 3724 715 3758 sc
750 3712 863 3769 sumitur,
896 3696 921 3759 ut
946 3711 955 3759 l
982 3710 1037 3773 ltcg.
1066 3711 1108 3773 li,
1134 3712 1162 3763 at
1183 3712 1246 3777 (35).
1278 3712 1318 3760 lu·

137 3782 283 3832 subiecisse.
312 3781 343 3829 fr
372 3817 378 3828 .
749 3780 811 3826 nius.

192 3850 224 3913 3)
241 3845 440 3914 ὠςρινωσκων
453 3845 498 3908 legi
515 3844 714 3895 rrrltWocberus.
800 3845 857 3907 Cap.
878 3845 964 3894 XXXll.
1003 3842 1026 3909 l)
1046 3842 1089 3895 Tic
1131 3847 1242 3912 apuleia
1261 3846 1319 3894 coir

192 3917 222 3980 t)
240 3917 300 3965 Gen.
319 3916 360 3974 28,
380 3916 419 3965 29.
749 3910 801 3965 ὑπ’
824 3912 909 3963 αὐτοῦ
927 3909 1102 3981 dedopr[e‘vnrv
1139 3913 1253 3979 δωρεῶν
1270 3926 1317 3959 non

191 3983 220 4046 5)
239 3984 300 4033 Edd.
329 3983 439 4032 exhibent
468 3979 567 4043 ud[rori
600 3976 715 4050 φεύγων
750 3982 779 4029 dc
798 3981 868 4029 «lonis
887 3979 1042 4039 intelligenda
1060 3980 1212 4029 sruualieo
1230 3977 1317 4025 lacobo

141 4046 292 4119 ddeibpdu.
331 4050 528 4114 supptementum
550 4049 644 4099 scilicet
663 4059 713 4099 trc·
749 4049 854 4108 tributis,
878 4049 921 4096 sird
945 4048 974 4095 de
997 4048 1120 4097 beneflciis
1148 4044 1265 4093 alarulru
1293 4047 1316 4093 in

140 4121 219 4171 decim
243 4119 375 4168 literarum.
410 4120 436 4167 bt
455 4117 539 4167 lacuna
559 4117 618 4167 baec
635 4118 714 4166 minor
748 4119 816 4165 rectis
829 4115 963 4166 collocatis.
983 4115 1078 4178 lipsius
1091 4114 1105 4160 Ι.
1119 4128 1138 4159 c.
1151 4127 1174 4174 p.
1186 4114 1225 4161 55.
1237 4114 1318 4161 notl.

139 4198 177 4239 est
201 4202 274 4252 quarn
299 4202 327 4236 en
358 4202 418 4250 quae
448 4186 555 4248 proxime
587 4184 714 4244 antecedit,
799 4177 1072 4244 2)Subaud.’1eum',t.
1102 4179 1184 4226 lectio
1204 4179 1317 4228 (Rodiis.

137 4257 181 4307 nbi
200 4270 244 4305 sex
265 4262 354 4303 tanturn
374 4253 548 4303 desiderantur.
574 4254 622 4304 luc.
749 4248 843 4302 αὐτῶν
860 4250 986 4300 referenda
1004 4249 1034 4297 ascl
1052 4245 1174 4311 δωρεῶν.

193 4325 222 4387 6)
243 4319 285 4373 Τὸ
305 4316 638 4390 dudeatrunnrpouzrt
657 4316 714 4370 dur·
798 4320 826 4380 3)
844 4319 910 4368 bont.
931 4320 954 4376 9,
974 4319 997 4366 5.

137 4388 313 4460 tredernon,
332 4390 475 4459 σκῆπτρον
492 4389 556 4441 enim
575 4403 621 4454 pro
639 4388 714 4459 φυλῇ
798 4386 825 4449 4)
844 4387 901 4436 Gen.
920 4384 960 4442 22,
981 4383 1020 4434 l'l.
1040 4378 1082 4438 28,
1099 4375 1124 4425 4·

279 4526 372 4558 μ..
463 4486 574 4560 aaa!
608 4500 933 4569 .r,...-.÷„...a-„·-
974 4480 1284 4614 ιω·
1339 4526 1382 4557 .-
