2886 4882
185 223 249 301 aas
372 171 671 309 πλήμη).
714 215 812 275 nram
839 215 880 273 in.
924 212 1059 288 simtu,
1075 206 1176 287 aare)

274 386 314 460 (a)
337 387 368 445 ll.
410 386 475 444 llioo
501 385 542 443 ei:
564 385 712 459 ,interroga
734 375 849 458 ipsum,¹
872 382 996 451 domine,
1020 383 1053 440 ex
1074 397 1129 456 quo
1151 381 1178 438 iu
1202 380 1288 438 dont)
1309 396 1370 440 mea

191 482 242 545 est,
264 489 333 530 anne
356 469 459 544 aliquid
480 477 554 525 extra
574 468 699 526 ordinem
721 467 848 538 fecerim,
871 468 967 523 autin
989 465 1080 539 aliquo
1101 481 1163 522 oum
1184 461 1369 531 edentem

192 559 234 629 ,bt
259 551 333 629 ego,‘
355 554 455 627 inquit,
476 553 560 620 ,soio,
592 551 658 607 nihil
681 559 755 606 extra
785 550 909 606 ordinem
939 549 1040 607 iecisse
1070 556 1097 604 te
1123 563 1213 622 aeque
1242 563 1308 604 esse
1332 546 1369 606 ta·

196 649 317 701 olurum3
347 644 375 694 et
396 635 457 691 ideo
480 624 561 691 lraeo'
583 634 682 707 loquor
705 642 807 701 laeum,
831 640 861 688 ut
879 648 1056 705 perseveres,
1078 629 1148 687 bene
1170 630 1243 687 enim
1267 630 1314 688 hio
1333 631 1367 688 de

192 714 231 782 to⁸
253 720 324 796 apud
346 735 389 775 me
409 718 576 774 existimavit
619 716 659 772 Tu
681 724 769 772 autern
791 716 907 772 caeteris
930 714 996 770 liaeo
1017 712 1098 773 verba
1120 712 1206 782 diaes,
1227 720 1303 771 utet
1322 713 1368 780 db,

96 812 98 818 '
186 806 239 882 ‘qui
269 809 385 875 eperunt
413 809 458 857 aot
479 800 565 857 acturi
593 807 656 856 sunt
685 799 894 872 poenitentiam,
917 797 1012 854 eadem
1043 812 1112 870 quae
1136 804 1165 853 tu
1186 795 1322 864 sentim,
1343 805 1370 854 el

188 889 236 946 bio
257 886 328 960 apud
358 900 401 939 me
422 874 504 939 bene⁴
526 882 561 939 de
582 882 614 939 iis
646 883 857 954 interpretetur,
886 887 914 937 et
942 896 993 953 ego
1015 880 1095 953 apud
1123 876 1288 937 Dominum!
1329 878 1369 948 ,m

192 967 263 1046 ego,‘
284 969 403 1042 inquam,
426 957 568 1034 ,dorniue,⁸
589 965 662 1022 omni
685 965 786 1020 bomini
810 963 900 1020 indico
923 962 1054 1036 magnalia
1080 961 1141 1030 llei3
1163 977 1246 1036 spero
1270 971 1368 1029 autem,

192 1070 242 1110 eos
265 1067 368 1115 omnes,
391 1049 438 1122 qui
459 1056 618 1113 amantea,
641 1056 667 1103 et
687 1055 748 1102 ante
768 1055 967 1121 peecaverunt,
990 1046 1032 1102 liis
1054 1045 1153 1101 auditis
1173 1053 1286 1101 acturos
1307 1061 1369 1103 esee

192 1134 401 1212 perenitentiam,
438 1131 517 1186 vitam
549 1129 761 1204 recuperantes.'
796 1130 955 1202 „Permane
985 1119 1089 1202 ergo,‘⁶
1119 1128 1222 1201 inquit,
1250 1127 1289 1191 ,in
1317 1128 1369 1185 boe

194 1215 360 1279 ministerio,
390 1221 417 1270 et
445 1229 601 1269 consumma
629 1211 703 1268 illud.
745 1211 906 1286 Quicunque
936 1219 1025 1267 autem
1053 1209 1176 1268 mandata
1205 1209 1289 1267 buius
1309 1225 1370 1268 exe·

194 1289 335 1376 quantur,'
358 1294 495 1353 habebunt
516 1296 603 1361 vitam,
626 1304 653 1352 et
673 1294 719 1352 hie
739 1295 810 1368 apud
826 1295 967 1351 bominum
979 1310 1103 1366 magnum
1122 1294 1265 1350 bonorem.
1308 1293 1369 1362 Qui·

194 1398 301 1456 cunque
322 1395 387 1435 vero
417 1379 497 1435 buius
524 1378 650 1436 mandata
677 1394 731 1434 non
759 1386 884 1441 servant,
907 1377 1012 1450 lugiunt
1033 1393 1048 1431 a
1069 1378 1122 1433 eila
1143 1391 1201 1440 sua,
1224 1384 1254 1432 et
1276 1375 1370 1433 adver·

193 1470 288 1529 antur
310 1463 362 1530 illi;
391 1471 419 1519 et
447 1461 492 1536 qui
515 1462 641 1518 mandata
662 1461 721 1518 eius
744 1477 798 1517 non
821 1452 1003 1535 sequautur,⁸
1030 1459 1110 1516 morti
1139 1475 1169 1516 ee
1190 1457 1321 1523 tradunt,
1341 1467 1369 1516 el

193 1548 382 1620 unusquisque
405 1561 501 1602 eorarn
524 1562 586 1601 rens
608 1548 660 1602 erit
681 1545 821 1618 sanguinis
842 1544 892 1599 eui.
933 1542 994 1598 l'ibi
1015 1552 1105 1598 autem
1126 1540 1204 1605 dieo,
1226 1549 1257 1598 ut
1279 1557 1371 1600 serres

195 1629 319 1689 mandata
342 1618 431 1693 baon?
453 1635 481 1684 et
502 1627 651 1685 remedium
672 1635 845 1705 peecatorum
868 1636 977 1682 tuorum
1000 1626 1120 1682 omnium
1139 1621 1274 1682 babebis!

278 1790 318 1862 (a)
342 1792 384 1848 ΙΙΙ.
426 1792 493 1858 ,llisi
525 1802 614 1849 autern
646 1793 692 1848 tibi
722 1794 771 1849 has
800 1784 942 1866 virgines‚¹
974 1800 1004 1849 ut
1032 1791 1153 1848 habitent
1177 1798 1287 1860 meum,
1317 1789 1371 1848 ridi

195 1879 267 1936 enim
296 1892 341 1930 eas
369 1867 458 1931 valde²
484 1874 605 1931 all'abilos
632 1874 680 1931 tibi
709 1893 780 1932 esse.
824 1875 939 1932 liabebis
967 1876 1049 1949 igitur
1077 1865 1117 1931 tn⁸
1140 1892 1185 1931 eas
1214 1873 1371 1940 adiutriees‚

196 1975 250 2036 quo
274 1960 358 2030 mangis
381 1958 472 2031 possis
495 1958 575 2013 liuius
598 1960 722 2014 mandata
744 1975 868 2027 servare,
891 1975 945 2014 non
968 1966 1059 2032 potest
1071 1958 1143 2014 enim
1166 1956 1235 2019 lieri,
1259 1966 1291 2014 ut
1313 1961 1371 2014 sine

195 2042 239 2098 his
260 2038 409 2111 vrrplntlius
432 2040 499 2096 liaeo
526 2039 652 2096 mandata
674 2050 824 2098 serventur.
870 2034 962 2099 Vides⁴
983 2050 1072 2098 autem
1101 2058 1148 2097 eas
1169 2039 1288 2098 libenter
1307 2056 1371 2096 osso

196 2133 300 2189 tecum;
328 2121 377 2178 sed
398 2130 426 2179 et
447 2137 498 2196 ogo
513 2122 677 2197 praeripiam
700 2125 749 2188 eis,
771 2133 801 2181 ut
815 2125 925 2181 omniuo
948 2142 963 2181 a
986 2124 1066 2180 domo
1081 2131 1126 2181 tua
1145 2140 1199 2179 nou
1221 2123 1372 2180 discedant.

196 2207 236 2265 'lu
266 2197 380 2262 tantum⁶
410 2206 570 2262 eommunda
600 2206 710 2263 domum
738 2214 826 2273 tuam3
857 2208 883 2263 in
914 2206 1013 2264 munda
1041 2207 1112 2263 enim
1143 2207 1224 2263 domo
1254 2205 1373 2264 libenter

196 2288 369 2352 habitabunt,
398 2288 513 2345 mundae
543 2298 607 2346 suut
642 2290 712 2347 enim
743 2299 824 2364 atque
853 2298 943 2347 eastre
972 2298 1000 2347 et
1027 2290 1192 2353 industriae,
1219 2297 1247 2345 et
1276 2305 1373 2346 omnes

196 2372 327 2430 babentes
357 2372 470 2445 gratiam
499 2371 570 2446 apud
608 2372 758 2430 [lominum.
805 2374 888 2446 igilur
918 2374 941 2428 si
971 2364 1128 2429 habuerint‘
1158 2373 1269 2429 donnum
1300 2381 1373 2428 tuam

198 2472 306 2530 puram,
337 2462 424 2511 tecum
453 2455 661 2528 permanebunt.
712 2456 740 2513 Si
771 2464 859 2512 autern
891 2455 1017 2530 pusillum
1046 2455 1147 2530 aliquid
1175 2455 1372 2529 inquinationis

196 2537 341 2599 acciderit.
370 2538 494 2611 protinus
528 2554 543 2594 a
572 2539 653 2594 donno
688 2545 732 2595 tua
762 2531 918 2606 recedent?
951 2538 1001 2595 hae
1027 2540 1097 2594 enim
1126 2538 1245 2612 virgines
1272 2537 1372 2594 nuliam

197 2623 308 2676 omnino
330 2619 444 2691 diruunt
456 2618 688 2694 inquinationem!
731 2621 795 2678 bico
818 2624 857 2679 ei:
879 2638 972 2696 ,spero
994 2637 1045 2685 me,
1068 2620 1185 2684 domine,
1208 2620 1373 2695 placiturum

197 2703 246 2770 eis,
269 2704 304 2758 ita
327 2711 356 2758 ut
378 2704 404 2758 in
427 2703 508 2759 domo
532 2720 590 2759 mea
619 2704 735 2761 libenter
769 2702 919 2761 inhabitent
945 2696 1075 2779 semper.⁸
1115 2703 1148 2760 tt
1169 2704 1242 2760 siout
1261 2695 1310 2772 is‚'
1330 2704 1372 2761 oui

197 2781 248 2843 me'
264 2784 413 2853 tradidisti,
436 2783 502 2840 nibil
525 2786 558 2841 de
580 2803 621 2843 me
645 2788 785 2860 queritur3
805 2787 840 2844 ita
862 2804 952 2861 neque
981 2786 1041 2843 illae
1063 2782 1231 2861 querentur!
1273 2788 1318 2843 tir
1339 2786 1373 2844 ad

197 2875 335 2941 pastorem
359 2866 446 2923 illurn:
468 2859 580 2933 „video”
601 2886 708 2925 servum
731 2869 778 2925 [lei
799 2870 867 2927 velle
889 2871 980 2927 videre
1002 2878 1030 2926 ot
1051 2869 1191 2926 custodire
1214 2868 1283 2926 haee
1299 2886 1372 2926 man·

198 2949 267 3014 data,
290 2957 318 3004 et
336 2949 456 3022 virgines
469 2949 517 3007 bas
530 2950 629 3007 munda
645 2951 808 3008 habitatione
828 2950 1045 3010 eollooaturuor.‘
1089 2951 1160 3009 liaeo
1175 2968 1237 3008 eum
1250 2951 1372 3017 dixisset,

181 3031 294 3090 lterum
316 3034 420 3104 pastori
442 3032 480 3088 illi
496 3049 538 3090 me
555 3033 674 3099 tradidit,
696 3042 723 3089 et
736 3036 837 3090 vocavit
850 3027 998 3108 virgines,¹¹
1019 3043 1047 3090 et
1069 3035 1134 3090 dixit
1155 3035 1210 3090 eis:
1231 3035 1373 3108 ,quoniam

198 3114 277 3169 video
300 3130 347 3169 vos
376 3113 493 3170 libenter
516 3115 542 3170 in
564 3115 645 3171 doruo
669 3108 774 3171 buius¹'
795 3117 935 3185 habitare,
958 3118 1118 3174 commendo
1147 3133 1209 3173 eum
1238 3117 1316 3173 vobis
1345 3124 1374 3174 el

198 3194 307 3250 domurn
329 3196 397 3261 eius,
419 3203 449 3250 ut
470 3212 485 3250 a
506 3196 588 3253 domo
610 3197 668 3253 eius
690 3215 743 3254 non
765 3201 899 3258 recedatis
914 3198 1042 3258 omnino‘
1087 3199 1152 3257 illae
1166 3216 1230 3256 vero
1253 3199 1374 3258 libenter

198 3275 266 3331 haee
287 3274 368 3331 verba
389 3276 542 3332 audierunt.

198 3386 406 3396 *-

251 3435 308 3500 Cap.
326 3435 354 3485 ll.
400 3436 424 3500 l)
448 3437 587 3497 euolat,
618 3437 672 3487 dein
693 3456 723 3488 on
741 3455 764 3503 p.
801 3449 825 3490 ot
843 3440 900 3490 Fab.
914 3441 948 3490 St
967 3441 1022 3490 dedi
1041 3447 1062 3488 et
1081 3441 1118 3490 die
1137 3439 1337 3502 opodllonainanr
1349 3458 1372 3506 p.

198 3520 267 3565 anne,
284 3512 333 3555 tum
353 3512 374 3554 et
393 3520 417 3568 p.
433 3511 471 3554 ont
490 3507 514 3554 in
533 3506 627 3568 aliquo,
649 3520 715 3556 voce.
735 3523 766 3556 ee
801 3507 945 3557 Coteleriiet
959 3510 1004 3567 die,
1017 3515 1039 3556 et
1051 3507 1251 3570 opodllominona.
1269 3508 1374 3558 Nostrae

199 3587 244 3636 pao
266 3573 291 3619 in
309 3574 446 3622 dompmea
464 3579 499 3621 est
518 3586 544 3621 ex
564 3571 686 3634 prioribus
711 3581 765 3622 ante
802 3574 898 3624 lectioni
918 3575 980 3625 lavet
999 3575 1048 3623 Pal.
1076 3574 1109 3623 Ea
1128 3581 1192 3624 certe
1211 3588 1279 3624 roeo.
1299 3577 1373 3625 lado·

198 3638 315 3700 repetitis.
800 3643 855 3691 deant
867 3643 938 3691 allona
951 3641 1146 3690 antecedentibus
1155 3640 1274 3701 genuinus
1286 3657 1374 3692 sensus

250 3704 276 3762 2)
294 3708 351 3755 daea
374 3713 397 3754 et
414 3706 563 3767 praecedens
582 3721 633 3756 esse
651 3721 697 3755 oru.
715 3707 766 3756 Vnt.
800 3708 940 3757 uindicatur.

248 3771 275 3832 3)
295 3772 361 3821 Ordo
378 3787 444 3821 roeo.
462 3773 489 3821 de
507 3775 582 3824 tedio
600 3774 624 3823 in
642 3773 692 3823 Vnt,
851 3775 877 3836 8)
897 3775 1097 3839 Ouicampeeaero
1110 3776 1180 3824 boios
1195 3777 1312 3825 mandato
1325 3792 1373 3826 noa

250 3837 279 3900 4)
296 3841 351 3889 bene
369 3839 472 3888 accessit
489 3840 764 3901 extruserattu,
800 3847 893 3890 ternant
916 3845 1000 3905 sapam
1026 3860 1039 3892 o
1063 3858 1087 3891 re
1114 3846 1185 3891 vitem
1208 3847 1230 3890 et
1258 3845 1373 3894 adversas

198 3909 222 3958 in
242 3922 290 3971 qun
308 3906 410 3956 subinde
427 3907 455 3954 de
473 3907 510 3954 lais
529 3909 667 3971 interpretur
679 3909 746 3972 (sio).
799 3911 865 3957 illum
882 3924 921 3959 neo
943 3911 1055 3958 adversus
1073 3908 1105 3971 (e.
1118 3909 1373 3975 punctissuppositie)

248 3972 276 4038 5)
295 3976 387 4024 domine
409 3987 455 4023 om.
474 3973 537 4032 lot,
565 3976 694 4037 postmodo
714 3977 764 4026 eth.
798 3978 909 4025 mandato
929 3979 980 4025 eiua
997 3984 1123 4040 sequantur
1139 3976 1189 4025 Vnt.

198 4044 276 4092 indico
301 4042 419 4104 mnpnob'o
446 4041 542 4090 domini.
584 4042 657 4104 Spero
689 4051 766 4092 aetem
849 4043 876 4105 9)
895 4050 919 4093 el
948 4059 1026 4093 servor
1048 4044 1165 4092 mandalis
1189 4044 1226 4092 laia
1251 4043 1317 4104 tet,
1348 4045 1372 4092 in

198 4123 274 4158 omnes
293 4111 333 4170 qai
351 4113 403 4157 onte
418 4114 569 4170 peccaverent
586 4109 625 4158 deo
644 4111 764 4159 audientes
800 4126 865 4160 voco.
886 4118 977 4160 tuorum
996 4113 1096 4160 oninium
1114 4126 1162 4160 non
1181 4117 1268 4160 extant.

198 4176 260 4238 peod
279 4176 377 4224 libenter
396 4182 450 4224 sont
468 4176 542 4224 artiori
561 4178 719 4237 penitentiam.
851 4176 908 4241 Cap.
930 4178 968 4227 tlt.
1006 4178 1030 4240 1)
1049 4179 1129 4227 tardas
1147 4181 1263 4239 oirpr'aom
1280 4192 1304 4240 p.
1326 4181 1370 4228 titt

249 4242 276 4305 d)
296 4256 350 4302 erpa
366 4242 477 4304 repudiat
488 4242 545 4300 vat,
562 4241 651 4291 ibidem
669 4250 765 4293 senten·
799 4245 840 4293 bas
859 4247 961 4308 oirpa'ner
981 4245 1029 4294 lat.

199 4306 246 4354 tlae
266 4308 379 4357 terminus
400 4316 421 4357 et
439 4324 597 4359 consummare
615 4311 640 4357 io
659 4311 725 4359 illud.
848 4311 874 4375 2)
891 4314 958 4361 valde
977 4312 1081 4362 excludit
1100 4313 1163 4373 Vnt,
1182 4320 1231 4362 tum
1250 4327 1292 4361 ear
1313 4321 1373 4376 post

250 4373 276 4437 7)
294 4375 363 4423 boias
380 4379 488 4425 mandata
498 4378 589 4439 (noiant
601 4376 659 4438 Vnt,
677 4391 703 4425 ex
717 4393 765 4442 quo
800 4393 849 4427 esse
869 4379 987 4430 reiiciens.
1010 4378 1058 4428 Clr.
1080 4379 1137 4430 Sim.
1158 4380 1182 4439 9,
1202 4380 1241 4430 ld.
