2886 4882
243 218 367 278 tuttlrtt
390 217 550 276 EPlSTOLA
572 221 613 275 Ah
636 219 961 281 PlllLAllELPllENSES.
992 223 1057 281 Vlll.
1078 225 1119 282 tx.
1141 226 1172 286 X.
1239 225 1296 288 183

119 408 185 446 rrnr
207 388 267 446 eius
292 395 320 443 et
340 403 416 443 mors
438 395 465 443 et
487 388 656 444 resurrectio
680 388 740 445 eius
764 396 791 444 et
806 387 882 457 sides,
905 407 975 463 qnae
997 393 1169 467 peripsum:
1193 394 1292 469 quihus

121 471 261 529 iustificari
283 470 345 527 volo
368 487 418 545 per
440 486 537 544 preces
559 478 673 527 vestras.

117 656 227 712 archiva
250 664 313 711 sunt
335 671 401 711 crux
422 654 481 710 eins
503 662 530 710 ct
551 671 635 720 rirors,
658 663 685 710 ct
700 657 864 712 resurrectio
889 655 968 726 illins,
991 666 1018 714 ot
1032 656 1101 715 fides
1122 677 1172 732 por
1188 662 1291 734 ipsum:

117 743 142 795 iu
166 738 265 813 quibus
287 739 367 812 cupio
391 755 441 811 per
464 738 613 794 orationem
636 747 751 795 vestram
773 738 923 796 iustificari.

326 988 367 1045 lX.
406 990 514 1046 Boreum
536 998 576 1045 est
598 989 627 1048 V.
655 990 692 1054 T„
714 991 814 1047 melius
835 991 943 1050 Nouum
965 992 1081 1050 Foedus.

198 1141 265 1198 Boni
285 1141 393 1214 quidem
417 1147 480 1196 sunt
502 1141 677 1208 sacerdotes,
701 1142 883 1215 praestantior
905 1150 994 1198 autem
1016 1151 1059 1199 cst
1080 1160 1200 1203 summus
1223 1165 1289 1222 pon·

114 1225 187 1294 tiles,
211 1226 254 1281 cni
277 1225 379 1281 credita
403 1231 466 1279 sunt
488 1231 581 1279 sancta
603 1233 775 1293 sanctorum,
805 1225 847 1281 cui
877 1225 930 1282 soli
953 1234 1060 1282 secreta
1084 1225 1131 1283 hei
1152 1239 1216 1286 sunt
1237 1239 1289 1288 tra·

114 1308 183 1378 dita3
206 1309 253 1383 qui
276 1308 334 1382 ipse
359 1316 401 1365 est
420 1308 498 1363 ianua
514 1308 610 1375 Patria,
632 1324 784 1382 perquam
807 1308 995 1382 ingrediuntur
1012 1308 1145 1367 Abraham
1169 1321 1196 1369 et
1213 1312 1287 1371 lsaac

113 1400 140 1448 et
161 1390 250 1459 laceb,
274 1397 300 1446 et
323 1390 472 1464 prophetae
495 1398 523 1446 ot
544 1390 660 1463 apostoli
683 1398 710 1446 et
731 1391 856 1447 ccclesia.
900 1392 992 1448 Omnia
1014 1393 1081 1449 haec
1105 1394 1137 1449 ad
1160 1396 1288 1454 unionem

112 1493 173 1530 cum
198 1474 260 1531 lleo.
305 1474 434 1529 Eximium
457 1483 546 1529 autem
569 1474 715 1547 quidquam
738 1474 820 1530 hahet
838 1474 1019 1548 Evangelium,
1043 1478 1168 1533 nimirum
1192 1480 1287 1537 adven·

113 1566 168 1613 tum
199 1557 304 1613 Domini
333 1557 417 1612 nostri
452 1555 511 1612 lesu
540 1557 653 1623 Christi,
683 1558 838 1630 passionem
867 1558 953 1631 ipsius
984 1577 1014 1613 ac
1047 1564 1287 1620 resurrectionem.

112 1641 207 1697 dilecti
222 1657 337 1713 namque
353 1640 502 1713 prophetae
526 1641 752 1695 annuntiaverunt
776 1657 852 1708 e111u3
881 1641 1054 1714 Euangelium
1075 1660 1139 1699 roro
1163 1654 1205 1700 est
1227 1663 1286 1719 per·

112 1724 195 1780 lectio
216 1731 284 1780 vitae
307 1731 441 1779 aeternae.
486 1723 578 1778 Ouinia
599 1723 679 1778 simul
693 1722 762 1779 hona
777 1732 848 1790 suut,
863 1725 944 1780 modo
968 1725 993 1780 iu
1017 1726 1147 1782 charitate
1161 1729 1287 1785 credatis.

194 1931 261 1995 *lll.
306 1939 372 1996 Boni
395 1942 488 2014 utique
511 1949 575 1997 sunt
597 1942 771 2009 sacerdotcs3
802 1941 899 1998 melior
920 1952 1009 2000 antem
1031 1953 1074 2001 est
1102 1961 1223 2003 summus
1243 1965 1285 2004 sa·

110 2024 227 2092 cerdos,
258 2024 301 2079 cui
329 2024 432 2081 credita
459 2033 523 2080 sunt
552 2033 644 2082 sancta
673 2032 845 2082 sauctorum:
876 2026 921 2099 qui
951 2027 1027 2083 solus
1057 2027 1109 2085 sihi
1139 2033 1286 2088 commissa
1374 2016 1376 2020 ¹

110 2106 191 2163 hahet
218 2115 324 2164 secreta
345 2107 399 2163 llei.
444 2105 494 2162 llic
521 2116 563 2163 est
589 2117 668 2182 porta
697 2110 729 2165 ad
751 2109 873 2177 Patrem,
903 2127 953 2183 per
980 2128 1059 2184 quam
1092 2113 1283 2185 ingrediuntur

110 2188 244 2246 Ahraham
270 2198 297 2246 et
319 2189 392 2246 Isaac
422 2199 449 2246 et
471 2189 567 2258 lacoh3
598 2193 661 2248 item
685 2192 837 2266 Prophetae
867 2199 895 2247 et
915 2194 1050 2266 Apostoli,
1073 2204 1101 2250 et
1126 2196 1283 2253 Ecclesiae:

111 2274 198 2328 omnia
221 2274 288 2328 hacc
312 2274 345 2330 ad
366 2273 494 2330 unitatem
508 2274 562 2330 llei.
606 2275 736 2331 Eximium
759 2283 847 2330 antem
871 2274 936 2346 quid
953 2275 1034 2331 hahet
1047 2276 1228 2349 Evangelinm,
1244 2281 1283 2336 ni·

109 2356 206 2411 mirum
228 2356 370 2412 adrentum
393 2357 497 2412 Domini
518 2359 605 2413 nostri
628 2359 688 2414 lesu
704 2357 803 2413 Christi
826 2357 1036 2429 passionemque
1060 2359 1118 2413 eius
1141 2370 1168 2415 ct
1191 2379 1282 2418 resur·

109 2439 266 2496 rectionem.
309 2440 412 2497 Etenim
445 2441 537 2497 dilecti
567 2441 719 2513 Prophetae
742 2440 967 2496 annuntiaverunt
994 2439 1027 2496 de
1051 2441 1126 2512 ipso:
1165 2442 1282 2516 Evange-

108 2522 173 2578 lium
197 2538 261 2578 vero
285 2524 415 2596 perfectio
438 2533 480 2581 est
508 2522 780 2596 incorruptibilitatis.
822 2521 915 2576 Omnia
943 2521 1022 2577 simul
1051 2521 1121 2577 hona
1151 2532 1229 2590 sunt,
1259 2526 1282 2581 si

109 2607 135 2661 in
158 2605 269 2662 caritate
292 2607 411 2663 creditis.

264 2857 293 2915 ll.
337 2859 574 2930 Couqratulcmiui
596 2856 771 2914 Antiochensis
793 2858 827 2912 de
848 2857 903 2928 fine
920 2856 1128 2928 persecutionis.

192 3015 257 3071 Cum
279 3013 344 3071 mihi
366 3017 516 3072 nuntiatum
538 3016 581 3085 sit,
603 3032 653 3089 per
675 3014 825 3069 orationem
840 3021 955 3068 uestram
972 3021 998 3067 et
1009 3012 1281 3082 commiserationem,

108 3117 160 3172 qna
182 3098 325 3154 moremini
349 3098 375 3153 in
399 3099 519 3165 Christo,
551 3099 692 3155 ecclesiam
716 3095 912 3153 Antiochenam
941 3097 967 3150 in
991 3095 1068 3169 Syria
1095 3111 1190 3168 pacem
1213 3095 1280 3153 ohti-

109 3182 217 3250 nnisse3
240 3182 320 3236 decet
343 3198 398 3249 uos,
423 3190 453 3237 ut
473 3182 519 3238 liei
543 3181 695 3247 ecclesiam,
718 3181 820 3252 eligere
842 3178 995 3246 diaconum,
1019 3178 1064 3252 qui
1089 3177 1168 3235 obeat
1190 3177 1227 3234 ihi
1243 3178 1281 3236 le·

107 3264 319 3337 partenente,
343 3265 388 3337 qui
413 3282 472 3320 cum
496 3265 556 3332 illis,
579 3266 604 3319 iu
627 3280 708 3320 unum
733 3262 913 3336 congregatis,
937 3262 1017 3317 simul
1038 3260 1161 3334 gaudeat,
1184 3261 1281 3336 etglo·

107 3346 196 3404 rificet
218 3363 325 3403 nomen.
363 3347 460 3404 Beatus
483 3348 527 3403 ille
551 3348 577 3403 in
592 3347 654 3404 lesu
669 3347 785 3414 Christo,
808 3346 855 3418 qui
871 3343 969 3417 dignus
990 3343 1097 3400 habitus
1113 3345 1196 3402 luerit
1210 3346 1280 3403 eius·

109 3430 183 3487 modi
204 3430 369 3497 ministerio;
391 3439 418 3487 et
440 3448 487 3486 vos
510 3447 619 3503 quoque
642 3427 870 3503 glorificabimini.
914 3426 1072 3483 Volcntihus
1094 3436 1182 3485 autern
1205 3427 1281 3485 vohis

108 3514 161 3570 hoc
183 3529 237 3569 non
261 3521 305 3569 est
325 3514 502 3587 impossihile,
525 3530 574 3586 pro
599 3515 708 3569 nomine
724 3513 779 3575 liei,
804 3520 833 3566 ut
853 3519 880 3567 et
895 3510 1026 3582 quaedam
1040 3511 1176 3584 proximae
1193 3511 1281 3569 eccle·

109 3597 164 3652 siae
187 3598 319 3652 miserunt
342 3600 496 3671 episcopos,
518 3595 665 3652 nonnullae
688 3592 866 3669 presbyteros
890 3601 917 3649 et
940 3593 1079 3648 diaconos.

190 3807 245 3870 *hl
288 3813 419 3881 Quoniam
441 3831 504 3871 vero
526 3831 576 3888 per
605 3813 754 3869 orationem
783 3801 898 3867 vestram
929 3818 955 3866 et
984 3827 1033 3883 per
1063 3810 1180 3879 viscera,
1212 3826 1280 3884 qnae

108 3895 213 3953 hahetis
236 3898 261 3953 in
286 3896 393 3953 Christo
416 3898 490 3965 lesu,
513 3898 664 3953 nuntiatum
688 3903 729 3952 cst
751 3895 831 3968 mihi,
853 3893 1002 3950 Ecclesiam
1023 3893 1221 3950 Antiochenam
1252 3892 1279 3948 in

107 3979 185 4054 Syria
206 3988 328 4054 pacatam
350 3998 427 4048 esse,
451 3981 530 4037 decet
550 3998 613 4048 ros,
637 3988 666 4035 ut
687 3979 734 4035 oet
755 3978 918 4044 Ecclesiam,
949 3977 1050 4049 eligere
1072 3977 1219 4033 Diaconum
1245 3973 1280 4029 ad

108 4063 261 4120 obeundam
284 4062 364 4118 isthic
385 4064 431 4120 oet
454 4063 631 4137 legationem,
654 4071 683 4118 nt
705 4063 730 4118 in
754 4079 835 4118 nuum
866 4061 1002 4117 coniuncti
1031 4058 1170 4134 gaudeatis
1201 4058 1279 4132 ipsis,

107 4155 134 4202 et
162 4146 322 4221 glorificetis
349 4162 448 4204 nomen
471 4148 527 4205 llei.
572 4146 668 4204 Beatus
696 4144 739 4201 ille
770 4144 796 4200 in
820 4145 882 4200 lcsu
905 4143 1027 4212 christo,
1051 4142 1098 4216 qui
1127 4141 1279 4198 ministerio

107 4230 159 4286 isto
190 4232 265 4304 longi
296 4231 460 4287 merebitur:
492 4239 520 4287 et
541 4248 588 4286 vos
612 4245 721 4303 quoque
744 4226 970 4301 glorificabimini.
1011 4223 1166 4282 Volentihus
1191 4231 1279 4282 autern

106 4311 184 4369 vohis
206 4331 261 4372 non
284 4319 326 4368 est
348 4313 460 4370 difficile
483 4331 532 4387 pro
555 4314 663 4368 nomine
681 4313 737 4379 Dei,
761 4312 831 4368 sicut
853 4317 878 4366 et
899 4310 1002 4367 vicinae
1024 4305 1161 4365 Ecclesiae
1183 4309 1280 4383 partim

105 4395 257 4470 Episcopos
279 4396 426 4467 miseruut,
450 4397 546 4473 partim
568 4395 748 4470 Presbyteros
769 4402 797 4450 et
817 4394 960 4450 Diaconos.
