2886 4882
496 244 680 301 MANDATUM
704 246 734 313 X,
758 248 786 303 2
815 249 857 304 XI
1203 248 1265 310 599

90 398 136 461 καί
156 405 274 472 πυκνῶς
294 405 481 478 μετανοοῦσι,
503 398 692 479 μαντεύονται
712 400 752 479 ῶς
773 406 822 467 καί
844 403 879 507 τά
900 407 984 507 ἔθνη,
1007 408 1089 471 καλὲ
1076 409 1188 484 ἑαυτοῖς
1207 411 1264 490 μεί·

90 478 196 556 ζονα
177 484 318 581 αμαρτίαν
327 481 527 587 ἐπιφέρουσιν
549 484 873 587 εἰδωλολατροῦντες·’
855 513 871 551 ο
895 485 950 572 γάρ
978 489 1127 591 ἐπερωτῶν
1140 497 1263 595 ψευδο·

88 589 243 670 ηροφητην
271 564 340 667 περὶ
364 562 494 647 πράξεώς
520 591 599 641 τινος
628 567 833 678 εἰδωλολάτρης
863 571 921 634 ἐστὶ
950 571 1000 632 καὶ
1028 569 1112 646 κενὸς
1133 571 1191 638 άπὸ
1211 602 1264 657 της

89 644 230 752 ἀληθείας
251 650 300 709 καὶ
321 644 431 749 άφρων.
475 647 597 712 Πᾶν
565 677 619 734 γαρ
640 661 754 733 πνεῦμα
776 651 834 717 ιἰπδ
855 660 930 717 θεοῦ
961 652 1112 715 δοθέν’
1079 679 1136 716 ουκ
1161 658 1264 757 ἐπερω-

89 737 186 805 τᾶται,
211 727 281 792 6666
303 729 418 810 ἐχον
388 757 442 812 την
463 730 589 832 δύναμιν
608 742 662 833 της
680 735 858 817 θεύτητος’
843 734 899 816 αφ’
935 737 1039 799 ἑαυτοῦ
1064 743 1145 800 λαλεῖ
1161 737 1265 839 πάντα,

89 812 132 876 ὅτι
164 812 281 913 ίίνωθέν
311 813 431 877 ἐστιν’
417 811 474 879 απὸ
503 823 556 896 τῆς
585 815 736 898 δυνάμεως
764 828 816 883 τοῦ
845 823 933 883 θείου
954 817 1125 922 πνεύματρς.
1173 817 1212 885 Τὸ
1234 822 1266 886 66

88 903 202 977 πνεῦμα
218 895 250 959 τὸ
272 895 493 998 ἐπερωτώμενον
514 901 562 964 καί
583 908 690 966 λαλοῦν
708 900 780 965 κατά
801 901 852 978 τάς
873 905 1033 982 ἐπιθυμίας
1061 910 1118 966 τῶν
1144 897 1265 1007 άνθρῶ

88 1006 150 1043 πων
172 979 297 1082 ἐπίγειόν
319 981 377 1043 ἐστι
399 983 447 1044 καὶ
471 980 610 1088 ἐλαφρόν,
635 983 814 1066 δύναμιν
773 1013 819 1089 μη
841 988 920 1067 ἕχον
954 987 1002 1048 καί
1025 984 1098 1060 ὅλως
1120 983 1155 1049 οῦ
1178 994 1266 1065 λαλεῖ,

88 1059 194 1125 ἐάν
159 1089 198 1144 μη
221 1065 399 1166 ἕπερωτηθη.
444 1071 516 1141 Πῶς
537 1059 607 1145 οῦν,
630 1072 721 1149 φημί,
730 1067 841 1170 κύριε,
865 1068 1024 1175 ἅνθρωπος
1045 1067 1199 1153 γνῶσεται,
1222 1072 1266 1145 τίς

87 1143 183 1209 αὐτῶν
216 1145 369 1229 προφήτης
396 1150 443 1211 καὶ
472 1152 515 1224 τίς
541 1150 790 1256 ψευδοπροφητης
818 1154 911 1231 ἐστίν;
931 1151 1058 1232 ’'Auove,
1090 1155 1179 1233 φησί,
1197 1153 1267 1254 περὶ

88 1227 258 1332 ἀμφοτέρων
279 1238 336 1293 τῶν
357 1240 531 1336 προφητῶν·
554 1236 603 1297 καί
625 1234 665 1310 ῶς
686 1258 731 1299 σοι
753 1237 843 1340 μίλλιρ
864 1238 971 1319 λέγειν,
994 1234 1071 1300 ούτω
1100 1203 1265 1339 δοκιμάσεις

86 1339 137 1377 τον
158 1338 311 1413 προφητην
333 1316 381 1376 καὶ
401 1313 452 1378 τὸν
473 1317 730 1422 ηευδοπροφητην.
770 1316 843 1383 Ἀπὸ
866 1327 918 1400 τῆς
948 1324 1022 1399 ζωῆς
1051 1322 1185 1422 δοκίμαζε
1173 1315 1264 1383 ετδν

87 1394 248 1500 άνθρωπον
275 1394 325 1459 τὸν
355 1399 503 1478 ἔχοντα
480 1425 512 1462 το
539 1409 653 1480 πνεῦμα
681 1403 713 1464 τὸ
743 1411 835 1466 θεῖον
881 1407 1007 1504 Πρῶτον
1027 1402 1078 1481 μὲν
1099 1428 1115 1463 ο
1106 1399 1258 1506 ἔχων
1230 1428 1263 1468 το

85 1488 199 1561 πνεῦμα
220 1475 252 1543 τδ
273 1478 393 1582 ρίνωθεν
413 1480 509 1563 πραΰς
530 1483 588 1545 ἐστι
609 1485 657 1546 καὶ
679 1481 798 1564 ησύχιος
819 1485 869 1548 καί
889 1481 1124 1591 ταπεινόφρων,
1125 1482 1212 1547 ταδ’
1196 1509 1265 1548 απε-

85 1562 206 1644 χόμενος
227 1558 284 1626 άπὸ
307 1560 403 1643 πάσης
423 1566 564 1646 πονηρίας
586 1568 635 1628 καί
657 1567 817 1645 ἐπιθυμίας
832 1569 960 1670 ματριίας
989 1573 1041 1629 τοῦ
1069 1569 1176 1640 αἰῶνος
1201 1565 1265 1630 τού-

86 1672 154 1721 του,
178 1645 261 1709 καί
248 1647 352 1709 εαυτὸν
374 1647 552 1727 ἐνδεέστερον
572 1656 652 1713 ποιεῖ
669 1647 785 1712 πάντων
806 1656 864 1712 τῶν
885 1646 1067 1749 άνθρῶπων,
1095 1651 1144 1711 καλ
1166 1647 1264 1714 οῦδενλ

86 1697 215 1791 06666'
183 1730 385 1831 αποκρίνεται
412 1728 646 1832 ἐπερωτώμενον,
677 1730 746 1795 οῦδὲ
775 1728 846 1836 ηατά
875 1729 969 1811 μόνας
989 1739 1081 1832 λαλεῖ,
1104 1730 1172 1795 οὐδὲ
1193 1730 1264 1835 6666

88 1812 160 1897 θέλη
153 1808 359 1925 άνθρωπος
360 1818 471 1892 λαλεῖν,
494 1811 621 1876 λαλεῖ
592 1841 624 1878 το
647 1823 759 1896 πνεῦμα
776 1814 880 1917 676061,
905 1812 975 1876 άλλδι
993 1813 1055 1879 τότε
1076 1814 1203 1887 λαλεῖ,
1193 1815 1263 1880 όταν

85 1897 198 1996 θελήση
220 1897 310 1995 αυτφὃ
341 1891 452 1970 δθεδς
472 1903 602 1977 λαλησαι
638 1896 731 1961 Ὅταν
752 1889 807 1961 οὖν
828 1895 943 1984 ἔλθη
925 1923 941 1960 ο
964 1895 1122 1999 άνθρωπος
1154 1866 1264 1978 δέχων

87 1974 118 2041 τδ
140 1985 266 2076 πνεῦμα
274 1974 306 2041 τὸ
329 1985 413 2041 θεῖον
435 1981 476 2054 είς
497 1977 667 2065 συναγωγὴν
689 1980 804 2084 ἀνδρῶν
819 1962 995 2044 δικαίων
957 2007 1014 2044 των
1031 1978 1154 2061 ἐχόντων
1167 1983 1264 2045 πίστιν

86 2064 172 2125 θείου
193 2057 370 2142 πνεύματος,
391 2065 441 2126 καὶ
461 2065 586 2140 ἔντευξις
605 2066 722 2168 ηένηται
742 2062 816 2145 πρὸς
837 2061 888 2127 τὸν
911 2060 984 2127 θεὸν
1005 2071 1066 2165 τῆς
1094 2072 1264 2168 συναμωμης

85 2151 143 2209 τῶν
145 2143 287 2245 άνδρῶν
317 2146 450 2245 ἐκείνων,
477 2145 538 2209 τότε
569 2145 587 2210 6
608 2146 726 2231 άγγελος
748 2155 801 2210 τοῦ
823 2172 976 2252 προφητου
997 2171 1013 2207 ο
1005 2142 1169 2248 κείμενος
1186 2147 1263 2247 πρὸς

86 2224 175 2291 αὐτὸν
196 2235 301 2309 πληροῖ
320 2224 371 2290 τὸν
390 2198 559 2327 άνθρωπον,
582 2232 631 2292 καί
651 2232 817 2333 πληρωθεὶς
838 2254 854 2291 ο
877 2238 1037 2328 ανθρωπος
1057 2236 1097 2290 τῶ
1117 2227 1263 2333 πνεύματι

85 2318 125 2396 τῷ
155 2307 228 2410 άγίφ
255 2317 335 2371 λαλεῖ
362 2306 451 2383 είς
422 2336 455 2372 το
477 2318 592 2387 πλῆθος
614 2310 715 2410 κηθῶς
738 2309 754 2373 6
775 2308 877 2413 κύριος
897 2308 1043 2421 βούλετηι.
1077 2293 1189 2384 Οὕτως
1210 2302 1265 2374 οῦν

85 2374 214 2495 φανεράν
236 2388 361 2454 ἔσται
335 2417 367 2453 το
389 2400 503 2473 πνεῦμα
525 2399 577 2474 τῆς
596 2391 745 2497 θεότητος.
779 2365 869 2494 Ὀση
880 2384 936 2454 οὖν
946 2391 1035 2494 περίΙ
1056 2397 1108 2453 τοῦ
1112 2392 1262 2495 πνεῦμα

86 2502 132 2549 τος
155 2501 208 2554 της
236 2471 376 2577 θεότητος
403 2484 455 2538 τοῦ
483 2473 634 2557 κυρίου
615 2503 633 2555 η
662 2474 801 2555 δύναμις,
826 2472 912 2579 αῦτη
946 2470 1056 2535 ’Ἀκονε
1089 2467 1157 2582 οὖν,
1179 2478 1262 2555 φησί,

83 2559 148 2637 περί
177 2565 230 2620 τοῦ
258 2554 420 2638 πνεύματος
446 2566 498 2621 τοῦ
527 2560 678 2665 ἐπιγείου
682 2560 731 2622 καλ
752 2565 839 2620 κενοῦ
861 2558 907 2619 κάλ
931 2554 1056 2635 δύναμιν
1077 2553 1116 2638 μὴ
1137 2559 1261 2638 ἔχοντος,

84 2640 144 2706 666'
170 2639 255 2715 ίίντος
276 2643 395 2743 μωροῦί
439 2648 564 2723 Πρῶτον
587 2642 638 2722 μὲν
660 2638 678 2704 6
699 2639 856 2722 άνθρωπος
878 2636 1025 2713 ἐκεῖνος
1007 2663 1023 2744 ρ
1040 2640 1135 2702 δοκῶν
1149 2647 1263 2741 πνεῦμα

85 2728 158 2807 ἔχειν
179 2722 266 2830 ῦηνοῖ
277 2720 381 2786 ἕαυτδν
403 2726 496 2787 καὶθ
473 2725 552 2787 θέλει
573 2727 832 2807 πρωτοκαθεδρίαν
853 2724 943 2806 ἐχειν,
975 2723 1024 2784 καί
1045 2719 1141 2797 εῦθὺς
1163 2720 1263 2826 ἰταμός

84 2809 143 2873 ἐστι
172 2810 221 2874 καὶ
248 2804 373 2888 άναιδὴς
399 2809 447 2870 καὶ
475 2805 637 2881 πολυλαλος
663 2811 712 2872 καλ
740 2808 772 2870 ἐν
800 2814 924 2910 τρυφαῖς
945 2812 1065 2879 πολλαῖς
1086 2803 1261 2889 άναστρεφό·

82 2918 169 2973 μενος
190 2892 239 2955 καί
260 2893 291 2954 ἐν
304 2891 421 2996 ἓτέρριις
442 2890 596 2965 πολλαῖς’
583 2890 715 2969 απάταις,
737 2892 787 2953 καί
802 2887 931 2992 μισθούς
952 2886 1158 2996 λαμβάνων
1123 2915 1175 2970 της
1190 2915 1260 2972 προ·

84 2980 205 3056 φητείας
226 2973 331 3039 αὐτοῦ
354 2973 404 3038 ἐάν
426 2975 456 3038 δὲ
478 2974 517 3058 μὴ
538 2971 628 3081 λρίβη,
651 2973 687 3037 06
704 2970 886 3079 προφητεύει.
931 2969 1060 3034 Δύναται
1074 2966 1129 3035 οὖν
1143 2980 1258 3055 πνεῦμα

84 3067 173 3122 θεῖον
195 3057 322 3161 μισθηὺς
341 3057 499 3164 λαμβάνειν
519 3059 567 3122 καί
587 3057 797 3161 προφητεύειν;
828 3054 892 3120 Οῦκ
914 3054 1054 3135 ἐνδέχεται
1069 3061 1154 3121 τοῦτο
1167 3065 1262 3121 ποιεῖν

84 3148 162 3205 θεοῦ
183 3140 346 3245 προφήτην,
369 3139 440 3204 6666
461 3142 678 3244 τῶντοιούτων
698 3148 857 3246 προφητῶν
879 3138 1006 3221 ἐπίγειόν
1022 3134 1123 3201 ἐστι
1095 3163 1127 3201 το
1141 3145 1262 3222 πνεῦμα.

87 3220 164 3286 Εἶτα
186 3222 261 3296 ὅλως
283 3225 324 3296 είς
340 3223 550 3413 συναγρηὴν
536 3224 650 3306 ἀνδρῶν
672 3227 792 3289 δικαίων
813 3221 868 3287 οῦκ
890 3222 968 3307 ἐμγίζ
966 3247 1000 3301 ει,
952 3219 1078 3298 ζάλλ’
1098 3219 1264 3370 άποφεύῖει

86 3302 204 3413 αύτούς
258 3310 458 3369 Κολλῶταιδ
502 3317 563 3382 τοῖς
573 3305 728 3413 διητύχρις
757 3308 807 3371 καί
836 3314 947 3385 κενοῖς,
979 3306 1029 3368 καὶ
1054 3331 1127 3368 κατα
1155 3333 1264 3413 γωναν

86 3389 186 3464 αὐτοῖς
207 3387 397 3492 προφητεύει,
421 3391 470 3452 καί
490 3389 587 3454 άπατᾶ
596 3389 715 3498 αὐτούς
736 3398 830 3454 λαλῶν
843 3386 916 3453 κατά
929 3386 981 3462 τάς
995 3388 1203 3487 ἐπιθυμίας’
1168 3397 1265 3453 αυτῶν

87 3473 180 3539 πάντα
201 3480 304 3547 κενῶς
326 3480 421 3546 κενοῖς
441 3468 495 3555 γάρ
517 3473 566 3535 καί
554 3470 846 3577 ‚366069666166
829 3469 870 3536 Τὸ
892 3469 947 3555 γάρ
968 3467 1055 3533 κενδν
1070 3478 1173 3544 σκεῦος
1186 3469 1264 3573 μετά

87 3565 145 3621 τῶν
173 3563 265 3620 κενῶν
292 3557 501 3635 συντυθεμενον
528 3553 564 3657 οῦ
593 3565 750 3662 θραύεται,
782 3552 852 3618 6666
885 3559 1094 3651 συμφωνοῦσιν
1121 3551 1263 3633 ἀλλήλοις.

78 3639 211 3702 Οτανδ
214 3639 335 3745 ὲίλθη
343 3642 384 3714 είς
404 3633 592 3799 συναμωηην
596 3637 693 3747 πληρη
713 3637 828 3722 ἀνδρῶν
848 3634 1011 3698 δικαίοαέ
1011 3631 1120 3737 χύντων
1149 3643 1264 3717 πνεῦμα

87 3719 257 3799 θειότατον,
289 3723 339 3784 καί
367 3725 491 3799 ἔντευξις
535 3747 567 3786 ντ
614 3720 710 3787 αὐτῶν
735 3722 884 3824 γένηται,
897 3722 1030 3781 κενοῦται
1059 3714 1076 3779 6
1092 3715 1265 3823 άνθρρνττος

91 3807 216 3880 ἐκεῖνος,
237 3802 338 3866 καλτο
358 3814 472 3910 πνεῦμα
491 3804 524 3871 τὸ
547 3801 704 3890 μωρδνω’
689 3803 748 3868 απὸ
769 3810 821 3866 τοῦ
843 3797 941 3884 φόβου
961 3798 1063 3901 φεύγει
1083 3797 1136 3864 ἀπ’
1141 3799 1262 3900 αὐτοῦ,

90 3888 138 3953 καί
159 3890 344 3963 κουφοῦταιιι
368 3886 385 3951 6
407 3834 565 3992 άνθρωπος
586 3890 696 3964 ἐκεῖνος
715 3887 765 3951 καλ
786 3885 860 3960 δ’λως
881 3880 1098 4025 συνθραύεται,
1113 3877 1153 3962 μὴ
1175 3883 1263 3945 δυνά·

90 3994 176 4052 μενος
196 3974 326 4098 λαλῆσαι.
366 3967 489 4034 Ἐάν
458 3999 513 4056 γαρ
535 3975 576 4049 εἰς
597 3968 755 4052 ἀποθήκην
776 3968 912 4055 στιβάσης
932 3962 1054 4044 σίνονη
1082 3964 1193 4042 λ’,λαιον
1214 3966 1264 4030 καί

145 4142 171 4201 3)
190 4155 272 4203 apogr.
292 4154 383 4191 αυ.ιυν
400 4154 473 4200 super
491 4156 523 4190 ον
540 4155 584 4201 pus
574 4142 620 4189 iu»
639 4159 661 4201 0,
747 4142 823 4198 5).)
794 4154 877 4200 apogr
897 4134 976 4198 polius
994 4131 1136 4181 κοπιὰται.

93 4224 223 4270 rursusque
244 4224 276 4255 ου
292 4220 404 4267 ε.ιιμοιο
747 4208 773 4267 9)
795 4202 865 4255 661':
885 4205 916 4251 ila
937 4213 1019 4263 apogr.

144 4289 170 4351 6)
190 4290 254 4359 περὶ
271 4289 382 4337 abundat.
751 4287 793 4348 ¹0)
811 4283 920 4353 μωρὸν.
938 4296 1020 4345 apogr.
1039 4278 1126 4346 ἅγιον

143 4373 171 4435 7)
189 4386 273 4434 apogr.
288 4369 393 4440 μωρὸν.
433 4370 496 4419 Infra
515 4363 622 4430 ἄνεδης.
747 4368 788 4430 11)
807 4365 1260 4433 κουηοῦται,αοιικωηοῦταιιιροςτ.
