2886 4882
350 177 582 269 L;9fflms
602 181 644 238 nu
667 183 740 240 COR.
768 183 879 242 xxxtx.
901 187 953 244 xt.
974 188 1035 248 xtt.
1059 188 1133 247 Xlll.
1289 188 1329 251 87

151 344 320 419 respondeat,
346 345 392 405 set
405 347 428 405 si
442 365 524 422 quem
540 357 696 408 sanctorum
712 351 870 425 angelorum
885 353 1016 426 aspiciam
1038 356 1137 414 etenim
1155 358 1328 433 insipientem

149 429 324 501 perimitur,
349 431 461 488 stultum
484 440 574 489 autem
597 434 700 491 occidit
722 435 806 491 zelus.
836 435 892 508 Ego
915 444 1003 493 autem
1016 439 1070 495 vidi
1087 439 1194 510 stultos,
1218 443 1325 501 radices

148 516 299 579 nittentes3
332 512 385 571 sed
412 516 501 572 statim
530 514 652 573 absumta
682 526 724 574 est
748 517 856 574 illorum
885 517 1022 575 habitatio.
1065 521 1156 595 longe
1185 524 1250 581 liant
1277 525 1325 584 filii

146 612 232 651 serum
255 613 275 651 a
296 596 397 665 salute,
417 607 446 655 et
467 606 673 656 contemnantur
694 609 756 658 ante
779 603 871 657 ianuas
894 602 1047 669 minorum,
1069 613 1096 659 et
1117 622 1171 662 non
1194 609 1245 664 erit
1276 613 1323 682 qui

145 679 245 752 eripiat.
292 678 369 748 Quae
390 682 462 737 enim
486 681 536 738 iltis
559 690 650 756 parata
672 692 744 753 sunt,
768 686 831 741 iusti
853 685 1015 753 comedent;
1037 687 1089 758 ipsi
1111 703 1175 743 vero
1198 690 1231 746 de
1246 693 1322 749 malis

145 778 190 816 non
212 759 430 821 liberabuntur?

296 911 352 969 XL.
374 915 523 972 Seroemus
545 916 671 972 ordinem
692 918 723 972 in
743 917 858 973 ecclesio
881 935 899 974 ο
922 917 981 974 Deo
1002 918 1163 974 institutum.

219 1030 292 1086 Cum
318 1018 479 1103 igi'turhaec
496 1026 575 1088 nolis
597 1032 651 1087 sint
674 1033 815 1088 manifesta
838 1033 913 1089 etin
936 1032 1072 1106 protunda
1100 1035 1205 1093 divinae
1228 1040 1319 1111 cogni·

141 1114 220 1168 tionis
249 1128 306 1169 nos
335 1114 574 1187 introspiciamus,
604 1124 701 1170 cuneta
724 1116 820 1172 ordine
845 1114 977 1172 dehemus
1000 1117 1099 1185 lacere,
1124 1122 1321 1192 quaenosllo·

138 1199 224 1252 ninus
248 1199 362 1251 statutis
383 1197 552 1271 temporibus
573 1215 706 1271 peragere
729 1200 815 1255 iussit.
858 1199 1015 1256 Oblationes
1045 1201 1151 1258 scilicet
1181 1212 1209 1259 ct
1230 1203 1320 1261 ollicia

138 1295 212 1334 saera
235 1278 355 1351 perlici,
383 1296 473 1353 neque
495 1289 598 1336 temere
620 1282 661 1337 vet
683 1281 834 1338 inordinate
857 1281 916 1338 lieri
952 1285 1104 1357 praecepit,
1133 1286 1180 1341 sod
1212 1288 1318 1344 statutis

138 1362 313 1435 temporibus
334 1369 363 1418 et
381 1362 465 1418 heris.
509 1363 556 1419 Ubi
579 1363 658 1418 etiarn
688 1372 715 1420 et
735 1382 749 1419 a
772 1365 870 1437 quibus
894 1365 1025 1422 celebrari
1054 1366 1124 1434 vult,
1152 1369 1211 1442 ipse
1234 1371 1317 1426 ercet·

136 1447 246 1500 sissiana
270 1462 322 1500 sua
344 1445 480 1501 voluntate
503 1445 640 1515 definivit,
664 1456 694 1502 ut
717 1446 843 1521 religiose
866 1450 955 1504 omnia
977 1450 1128 1505 secundum
1156 1453 1214 1508 eius
1236 1453 1317 1510 beno·

134 1527 265 1601 placitum
290 1528 435 1602 adimpleta
456 1537 567 1603 accepta
584 1537 679 1585 essent
701 1530 831 1586 voluntati
846 1531 913 1587 eius.
944 1532 992 1598 Qui
1010 1548 1076 1602 ergo
1092 1535 1237 1606 assignatis
1251 1544 1316 1593 tem·

132 1610 251 1685 pontius
275 1609 428 1667 oblationes
451 1629 514 1667 suns
536 1612 645 1681 laeinnt,
666 1615 772 1687 accepti
794 1623 821 1670 et
842 1611 914 1670 licati
938 1623 1014 1681 suut;
1039 1614 1143 1671 llornini
1159 1619 1230 1673 enim
1244 1636 1316 1675 man·

132 1694 193 1748 data
216 1704 374 1766 sequentes
398 1711 452 1750 non
473 1694 611 1752 aberrant
650 1697 761 1753 Summo
784 1698 885 1770 quippe
908 1696 1043 1752 sacerdoti
1065 1714 1114 1752 sua
1135 1715 1247 1758 munuera
1270 1704 1315 1759 tri·

131 1776 196 1832 bata
228 1778 535 1845 sunt,'saeerdotil›us
565 1779 641 1835 locus
671 1781 800 1854 proprius
828 1780 980 1852 assignatus
1004 1787 1060 1847 est,
1087 1788 1115 1836 et
1136 1781 1237 1841 Levitis
1267 1803 1314 1842 sua

129 1860 291 1916 n'ntistcria
315 1861 479 1917 incumbunt
521 1861 607 1918 Homo
631 1863 715 1919 laicus
738 1863 891 1936 praeceptis
913 1862 988 1919 laicis
1013 1865 1218 1940 constringitur.

586 2011 650 2069 llll.
692 2013 874 2071 Continuata'o.

218 2124 417 2200 Unusquisque
439 2136 573 2195 vestrum,
597 2127 709 2197 iratres,
731 2131 757 2185 in
781 2147 831 2185 suo
854 2128 964 2198 ordine,
994 2131 1022 2186 in
1044 2129 1115 2187 bona
1137 2135 1312 2205 conscientia,

129 2209 337 2286 praescriptam
359 2211 499 2267 ministerii
521 2213 562 2267 sui
586 2211 705 2286 regulam
730 2229 782 2269 utin
806 2214 1018 2286 transgrediens,
1043 2213 1233 2273 inhonestate
1257 2217 1311 2275 lleo

129 2295 239 2368 gratias
262 2303 333 2365 agant.
376 2294 434 2350 Non
456 2296 482 2350 in
505 2296 577 2350 omni
600 2293 675 2362 loco,
705 2295 818 2363 iratres,
848 2296 1001 2351 olleruntur
1023 2297 1157 2353 sacrificia
1179 2309 1312 2372 perpetua

129 2374 174 2434 sel
195 2377 286 2432 votiva
311 2375 366 2430 cel·
379 2392 429 2450 pro
451 2378 570 2451 peccatis
593 2386 621 2433 ot
643 2378 766 2444 delictis,
789 2377 837 2432 sed
861 2376 1058 2450 Hierosolymis
1081 2386 1198 2444 tantum;
1221 2397 1311 2453 neque

130 2460 189 2516 illic
214 2460 245 2514 in'
266 2460 362 2532 qumis
382 2459 442 2516 loco
466 2459 633 2527 litoblatio,
657 2461 754 2514 sedin
778 2460 846 2513 atrio
870 2457 962 2530 templi
982 2459 1016 2514 ad
1037 2456 1135 2524 altare,
1166 2459 1310 2531 diligenter

130 2543 212 2618 prius
236 2543 360 2615 insp'eeto
382 2543 517 2599 sacrificio
539 2560 553 2597 a
573 2544 683 2599 'summo
706 2541 849 2596 sacerdote
871 2548 899 2595 et
919 2540 1067 2613 praedietis
1089 2539 1230 2597 ministris.
1260 2543 1309 2608 Qut

130 2626 218 2699 igitur
240 2631 349 2699 praeter
364 2626 405 2690 ld,
429 2627 502 2699 quod
523 2626 654 2682 voluntati
677 2626 736 2680 eius
759 2631 971 2679 consentaneum
995 2630 1054 2690 ost,
1079 2622 1180 2695 aliquid
1195 2623 1306 2692 iaciunt,

129 2708 232 2766 mortis
256 2708 390 2781 supplicio
413 2709 568 2782 puniretur.
597 2707 708 2777 Videtis,
731 2707 835 2774 iratres,
858 2724 913 2780 quo
936 2705 1030 2762 maiori
1053 2706 1210 2780 cognitione
1234 2707 1308 2782 digni
1353 2707 1360 2722 '

134 2804 230 2848 snmus
251 2789 344 2859 habiti,
367 2807 399 2848 eo
421 2793 535 2866 graviori
559 2793 682 2865 periculo
704 2791 813 2848 obnoxii
837 2807 939 2846 sumus

151 2956 236 3012 del.
282 2957 358 3014 Ordo
378 2959 567 3049 ministrorum
587 2960 617 3013 in
639 2958 756 3015 ecclesia
777 2977 795 3015 o
818 2959 924 3016 Christo
952 2957 1131 3023 coristttutttr5
1160 2957 1291 3031 Episcopi

213 3048 234 3060 “’
275 3052 277 3057 ’
434 3052 481 3113 'et
502 3057 623 3113 Diocoai
644 3059 679 3114 al
701 3056 836 3132 apostolis
857 3058 988 3114 ordinati.

218 3175 340 3248 Apostoli
368 3174 448 3230 nobis
478 3174 554 3230 iussu
583 3175 687 3230 llomini
722 3175 781 3231 lesu
811 3174 910 3230 Christi
945 3172 1203 3245 evangelizaverunt,
1232 3169 1309 3225 lesus

135 3257 263 3316 Christus
286 3260 362 3314 iussu
381 3257 437 3314 Dei.
459 3255 557 3313 llissus
580 3266 622 3315 est
644 3259 725 3331 igitur
739 3258 860 3313 Christus
883 3274 898 3311 a
919 3256 982 3322 lteo,
1005 3263 1032 3311 et
1052 3252 1174 3326 Apostoli
1197 3269 1211 3307 a
1233 3252 1309 3309 Chri·

135 3434 223 3469 norrun
251 3419 390 3468 societatem
425 3416 619 3478 accommodari;
654 3417 705 3479 ipsa
740 3417 785 3465 iam
807 3414 964 3478 aprimaevis
983 3412 1143 3476 scriptoribus
1159 3412 1308 3463 Christiano·

136 3488 209 3537 rerba
229 3481 317 3544 τόπος
338 3494 362 3535 et
385 3482 514 3536 διακονία
539 3485 624 3548 quibus
648 3500 705 3532 usus
740 3498 792 3533 rum
815 3497 898 3531 vocern
927 3479 1023 3537 λαΐκὸς
1048 3480 1179 3530 adhibitam
1206 3495 1258 3529 esse
1277 3480 1308 3530 ad

136 3564 173 3604 nst
187 3554 300 3604 Clemens
319 3554 489 3614 demonstrant,
509 3552 569 3600 illud
588 3552 618 3599 ad
636 3566 705 3614 pres·
738 3550 919 3613 significandum
939 3564 999 3608 enirn,
1020 3548 1059 3611 qui
1089 3563 1159 3598 sacro
1177 3548 1244 3597 nullo
1263 3549 1308 3599 mi·

135 3622 235 3685 hyteros
258 3618 317 3682 (Cir.
342 3639 362 3669 c.
379 3623 432 3671 ll:
456 3616 520 3670 Ἀπὸ
553 3621 601 3669 τοῦ
628 3615 705 3687 ldpu·
739 3618 839 3666 nisterio
858 3615 1006 3677 [ungebatur.
1032 3616 1088 3664 sier.

133 3683 457 3759 μένουαύτοῖςτόπου),
477 3689 523 3736 hoc
541 3687 570 3735 ad
590 3686 705 3734 diaconos
791 3686 848 3747 Cap.
878 3684 934 3732 llll.
981 3681 1005 3746 l)
1031 3682 1197 3732 Sacerdotium
1227 3684 1307 3745 potius

134 3757 231 3808 relerri.
266 3757 314 3806 Sed
327 3770 432 3805 summus
452 3755 558 3818 pontifex
576 3770 625 3802 rron
640 3753 705 3816 epis·
739 3751 860 3802 inferioris
881 3750 972 3799 ordinis
990 3749 1059 3812 (τῶν
1076 3749 1185 3820 ἱερέων)
1203 3751 1308 3800 oltleium

135 3839 215 3888 oopus
237 3832 287 3882 est,
315 3824 358 3872 sed
382 3823 499 3872 Christus.
534 3821 582 3870 Clr.
612 3838 631 3870 o.
650 3821 704 3870 dli:
740 3828 790 3869 erat
813 3820 862 3869 τοῦ
887 3821 1091 3887 μωμοσκοπεῖν
1119 3815 1169 3874 τὰς
1198 3818 1309 3875 θυσίας,

133 3888 244 3954 Ἰησοῦν
263 3887 404 3959 Χριστὸν,
431 3889 481 3940 τὸν
503 3886 580 3956 ἀρχαι
600 3888 632 3938 ἔα
650 3889 707 3939 τῶν
740 3887 848 3936 adstante
867 3895 945 3936 tamen
963 3900 1056 3935 stimmo
1073 3885 1208 3935 sacerdote.
1237 3884 1307 3932 Voce.

135 3959 310 4027 προσφορῶν
332 3954 426 4027 ἡμῶν,
458 3973 478 4005 e.
502 3957 556 4007 ott:
583 3905 633 4006 Sed
658 3957 707 4006 τοῦ
740 3952 790 4004 διὰ
810 3955 858 4004 τοῦ
877 3951 1025 4023 ἀρχιερέως
1035 3953 1092 4003 κτλ.
1111 3967 1164 4003 cum
1180 3949 1307 4016 προσφί-

134 4022 286 4093 &areptus
297 4024 343 4074 καὶ
354 4018 514 4092 προστάτου
526 4019 606 4092 ἡμῶν
617 4021 708 4087 Ἰησοῦ
742 4037 819 4093 perui
831 4059 836 4070 .
849 4059 869 4071 ..
882 4060 888 4071 .
902 4019 973 4088 πρὸς
984 4019 1015 4070 τὸ
1026 4012 1229 4086 θυσιαστήριον
1243 4016 1305 4066 torte

135 4093 274 4161 Χριστοῦ.
308 4090 402 4157 lipsius
421 4106 444 4154 p.
467 4091 506 4141 25.
524 4089 539 4138 l.
551 4106 571 4140 c.
742 4090 908 4152 coniungenda
926 4095 1000 4152 putat.
1024 4088 1092 4150 Frey.

185 4159 214 4224 5)
234 4158 356 4208 Credibile
369 4166 412 4218 est,
431 4172 513 4207 vocem
526 4157 707 4216 lut'xdcusita-
792 4157 818 4219 2)
837 4157 910 4208 Clem.
929 4157 992 4205 tter.
1011 4155 1026 4204 l.
1047 4153 1061 4202 Ι.
1079 4168 1103 4215 p.
1121 4149 1178 4201 61³.

133 4238 182 4279 tarn
199 4226 267 4290 opud
286 4225 433 4276 Hellenistas
451 4225 539 4284 luisse,
563 4235 589 4275 ut
611 4226 704 4288 signill-
792 4223 849 4287 Cap.
868 4225 934 4274 lllll.
971 4223 994 4285 l)
1018 4222 1090 4269 Forte
1106 4231 1151 4279 pro
1165 4213 1307 4283 εὐηγγελί-

131 4304 231 4347 caretur
249 4293 342 4343 alienus
361 4309 373 4342 a
394 4292 455 4342 trihu
480 4292 557 4351 Leuis,
577 4293 705 4342 autetiam
740 4304 832 4342 ouvro.
859 4291 923 4341 ll'ott.
956 4288 1093 4337 Cirloann,
1106 4284 1146 4344 tt,
1160 4284 1199 4336 18.
1217 4284 1304 4346 lomi.

130 4361 251 4432 prosapia
269 4360 377 4411 daronis.
413 4360 503 4419 Quibus
525 4360 705 4420 verisimilem,
739 4358 835 4422 Lipsius
857 4365 939 4408 monet
964 4355 980 4406 l.
1005 4369 1025 4402 e.
1047 4364 1071 4411 p·
1091 4347 1159 4402 ltu:
1191 4351 1234 4405 Vb.
1259 4350 1305 4405 εὖ·

1076 4528 1204 4568 Α
