2886 4882
388 245 585 305 lldll'l'l'lllUll
608 246 635 303 S.
657 242 854 304 contendet.
879 241 934 302 tlt.
954 240 1023 301 vltt.
1044 241 1088 302 lX.
1262 238 1323 301 397

151 411 284 469 latronem
307 411 536 486 proficiscentes‘
580 412 613 470 llt
633 413 684 470 suh
705 413 891 487 vespertinum
912 420 1019 483 tempus
1041 408 1223 477 advenientes,
1245 407 1323 465 illum

151 497 177 551 in
200 497 336 570 superiori
359 497 484 552 cubiculo
507 515 604 571 parvae
626 497 766 553 cuiusdam
790 496 887 551 domus
910 491 1124 550 discumbentem
1149 493 1323 560 invenerunt3

151 579 222 636 unde
246 581 271 635 in
296 580 368 636 aliud
391 581 533 654 praedium
556 581 631 636 abire
651 586 772 654 poterat,
795 579 844 634 sed
866 576 960 642 noluit,
984 577 1093 632 dicens:
1122 575 1180 643 ,fiat
1200 575 1323 631 voluntas

152 661 217 718 llei‘
262 662 328 719 Cum
352 680 414 720 uero
439 680 487 718 eos
510 663 648 719 adstantes
669 664 791 719 audisset
812 678 843 717 ec
866 659 1067 725 descendisset,
1092 676 1153 715 cum
1176 660 1217 714 eis
1240 656 1322 715 collo·

152 754 233 802 culus
256 754 307 813 est,
325 744 486 802 mirantibus
509 746 551 813 iis,
574 746 621 819 qui
643 746 764 813 aderaut,
787 751 900 801 aetatem
917 745 976 799 eius
990 751 1016 798 et
1034 743 1222 809 constantium,
1237 740 1322 814 quod·

153 845 205 899 que
227 830 279 900 ipsi
303 836 376 885 tanto
400 829 489 884 studio
512 829 553 884 usi
576 828 678 886 luerint
698 828 731 884 ad
754 827 908 884 huiusmodi
929 827 1015 882 virum
1036 842 1130 881 senem
1146 824 1323 898 comprehen-

153 910 280 966 dendum.
323 910 418 967 Stetim
438 929 510 968 nunc
531 911 576 967 illa
598 912 666 968 hora
688 912 721 967 iis
745 910 834 967 cibum
858 917 886 965 et
898 917 992 983 potum
1008 909 1108 983 apponi
1130 908 1217 974 iussit,
1240 924 1322 980 quan·

154 1001 209 1048 tum
232 993 347 1066 vellent,
370 995 446 1069 petiit
466 1003 555 1051 autem
577 993 611 1050 ah
633 994 694 1062 illis,
717 1002 747 1050 ut
768 994 821 1067 ipsi
836 994 932 1049 darent
953 993 1037 1048 horae
1052 990 1167 1064 spatium
1184 991 1217 1046 ad
1237 989 1324 1051 tibere

154 1077 295 1132 orandum.
339 1077 416 1144 Quod
438 1094 499 1133 cum
523 1078 733 1145 concessissent,
756 1085 830 1132 stans
845 1075 948 1142 orahat,
960 1075 1057 1148 plenus
1073 1075 1158 1146 gratia
1171 1074 1233 1141 θείς
1255 1072 1323 1130 adeo

156 1168 184 1213 ut
205 1177 255 1233 per
278 1161 344 1216 duos
367 1160 448 1216 horas
472 1169 562 1216 tacere
584 1178 638 1216 uon
660 1168 762 1234 posset,
786 1177 817 1214 ac
840 1159 1066 1232 obstupescerent
1087 1157 1234 1225 auditores,
1257 1155 1325 1213 mul-

156 1250 253 1315 tosque
279 1260 373 1299 eorum
394 1244 563 1317 poeniteret,
587 1243 660 1316 quod
683 1243 814 1299 adversus
836 1258 943 1309 senem,
965 1241 1020 1297 lleo
1043 1247 1186 1313 tantopere
1209 1247 1323 1314 gratum,

155 1335 300 1383 uenissent.

446 1474 510 1530 lllll.
554 1475 725 1548 Polycarpus
745 1475 776 1530 in
797 1475 893 1532 urcem
915 1474 1035 1530 ducitur.

239 1625 305 1680 Cum
330 1632 420 1680 autem
442 1623 629 1696 precationem
642 1621 768 1691 finiisset,
790 1622 816 1677 in
832 1623 1060 1695 quameutionem
1083 1622 1186 1678 lecerat
1208 1623 1339 1688 omnium,

155 1709 200 1779 qni
224 1707 370 1779 aliquando
395 1721 456 1760 cunr
477 1705 538 1776 ipso
559 1707 702 1778 congressi
722 1704 845 1772 luerent,
871 1723 1016 1780 parvorum
1038 1706 1147 1779 quidem
1170 1713 1197 1762 et
1217 1721 1326 1779 magno·

156 1807 225 1856 rum,
251 1789 388 1844 clarorum
410 1795 438 1842 et
460 1786 650 1857 obscurorum,
672 1791 809 1861 totiusque
832 1805 883 1862 per
904 1789 1000 1846 orbem
1021 1796 1154 1846 terramm
1177 1788 1326 1847 catholicae

158 1871 304 1939 ecclesiae;
329 1887 444 1944 cumque
466 1871 533 1926 horo
555 1869 750 1944 proficiscendi
768 1872 896 1941 venisset,
919 1872 997 1928 asino
1012 1888 1073 1928 cum
1096 1872 1277 1945 imponentes,
1297 1871 1326 1929 in

157 1953 252 2010 urbem
282 1954 415 2011 duxerunt
446 1953 489 2011 die
512 1955 601 2028 magni
623 1955 735 2015 sabbati.
778 1955 810 2010 Et
832 1955 951 2012 occurrit
978 1954 1004 2010 ei
1027 1953 1152 2013 llerodes
1173 1954 1325 2024 irenarcha,

157 2054 188 2093 ac
210 2044 286 2111 pater
307 2039 367 2094 eius
389 2038 505 2106 Nicetes,
529 2055 612 2095 curru
632 2041 717 2108 vecti,
740 2039 787 2113 qui
810 2046 838 2095 et
859 2056 921 2095 eum
943 2039 969 2093 in
993 2054 1132 2096 carrucam
1148 2055 1224 2108 suam
1241 2045 1327 2095 treus·

158 2121 292 2189 tolerunt,
314 2121 523 2195 assidentesquc
554 2121 739 2191 hortabantur,
763 2123 900 2179 dicentes:
922 2120 999 2194 ,quid
1021 2123 1092 2178 enim
1114 2123 1176 2177 mali
1198 2129 1257 2191 est,
1288 2120 1327 2178 di·

157 2220 220 2260 cere
249 2205 374 2261 dominus
403 2205 516 2271 Caesar,
545 2213 573 2259 et
594 2206 749 2261 sacrificare
777 2211 858 2278 atque
888 2205 924 2260 ita
953 2202 1054 2262 salvum
1084 2201 1230 2263 evaderet‘
1281 2203 1328 2262 lllc

157 2294 243 2343 autern
263 2289 380 2361 primum
403 2287 513 2359 quidem
535 2287 575 2342 eis
599 2304 654 2343 non
676 2287 831 2360 respondit3
852 2286 902 2342 sed
923 2302 985 2342 com
1007 2287 1155 2356 instarent,
1179 2286 1259 2345 dixit:
1280 2285 1326 2351 ,le-

157 2379 249 2425 cturus
272 2387 326 2426 nou
349 2386 425 2432 sum,
449 2368 524 2442 quod
545 2369 665 2425 suadetis
687 2366 771 2424 mihi‘
814 2368 882 2425 'lum
903 2367 949 2435 illi,
979 2366 1099 2427 frustrati
1127 2350 1326 2444 spe·'llecleudi

156 2470 226 2521 eum,
250 2451 447 2508 contumeliosa
469 2451 494 2506 ei
515 2450 598 2506 verbu
621 2451 753 2520 dixerunt,
777 2459 804 2507 et
826 2467 886 2507 cum
899 2451 1068 2509 vehementia
1084 2408 1245 2510 detectione
1265 2468 1328 2511 eum

156 2553 171 2591 e
194 2552 285 2602 curru,
305 2536 384 2602 odeo,
407 2541 437 2589 ut
459 2551 473 2589 e
497 2549 611 2589 carruca
635 2534 727 2589 exiens
751 2532 843 2589 tibiam
865 2532 1037 2591 distraheret
1079 2534 1133 2592 Sed
1156 2551 1328 2610 nequaquem

157 2627 323 2686 commotus,
347 2626 374 2673 et
396 2617 474 2690 quasi
494 2615 560 2672 nihil
582 2616 644 2672 mali
666 2633 764 2690 pessus
786 2626 876 2685 esset,
896 2615 1022 2674 alacriter
1045 2625 1072 2674 et
1093 2635 1211 2691 propere
1234 2634 1329 2693 perge·

156 2702 215 2771 hat,
239 2702 336 2758 ductus
359 2699 393 2756 ad
415 2699 539 2756 stadium.
583 2700 682 2756 Tantus
704 2715 768 2756 vero
790 2707 848 2755 erat
869 2699 897 2756 iu
917 2699 1005 2756 stadio
1028 2701 1174 2770 tumultus,
1197 2709 1227 2759 ut
1248 2716 1329 2759 nemo

155 2792 252 2859 posset
272 2784 369 2841 audiri.

321 2949 363 3006 tx,
407 2900 578 3025 Polpcmpus
599 2951 706 3008 Christo
728 2950 848 3007 Domino
874 2965 926 3007 suo
944 2967 1001 3007 non
1021 2951 1170 3007 maledicit.

240 3083 393 3158 l‘olpcarpo
418 3092 521 3153 autem,
543 3084 651 3140 intranti
674 3085 700 3139 in
723 3083 857 3152 stadium,
879 3099 930 3139 vor
952 3099 966 3138 e
988 3082 1066 3140 coelo
1091 3083 1218 3155 contigit:
1240 3081 1330 3150 ,lortis

160 3174 219 3221 esto
242 3174 269 3221 et
290 3167 404 3223 viriliter
426 3185 489 3240 ege,
520 3164 696 3242 Polycarpel‘
739 3166 771 3222 nt
799 3182 860 3223 eum
884 3165 1009 3239 quidem,
1040 3167 1086 3240 qui
1114 3181 1209 3222 vocem
1232 3166 1330 3235 emisit,

159 3264 239 3304 nemo
261 3247 341 3318 vidit3
367 3266 461 3306 vocem
484 3258 571 3306 autem
595 3251 613 3306 ii
635 3250 794 3317 audierunt,
817 3250 863 3322 qui
886 3266 917 3305 er
939 3251 1042 3306 nostris
1063 3256 1224 3323 praesentes
1245 3256 1331 3306 erant

160 3332 283 3387 Ceterum
307 3332 463 3389 introducto
486 3333 532 3389 illo
562 3350 675 3407 magnus
701 3341 759 3389 erat
787 3332 919 3388 tumultus
941 3349 1052 3402 eorum,
1079 3334 1125 3406 qui
1148 3332 1329 3408 Polycarpum

161 3415 390 3488 comprehensum
412 3432 474 3473 esse
504 3416 658 3474 audiemnt.
702 3416 738 3472 lte
768 3423 861 3472 cetero
891 3414 1036 3472 adductum
1066 3432 1127 3472 eum
1155 3414 1332 3490 interrogarit

159 3497 317 3571 proconsul,
339 3514 371 3554 ao
394 3499 454 3572 ipse
478 3505 552 3555 esset
572 3498 748 3572 Polycarpus.
791 3498 911 3570 Cumque
934 3505 1075 3564 annueret,
1097 3497 1256 3556 hortabatur
1277 3496 1331 3565 ille,

159 3586 189 3634 ut
210 3589 330 3654 negaret,
353 3581 461 3639 dicens:
483 3598 618 3651 ,reverere
631 3588 745 3638 aetatem
768 3575 859 3645 tuam,‘
881 3579 988 3653 aliaque
1008 3580 1051 3637 his
1066 3589 1330 3656 consentaneaquse

164 3801 281 3867 σπουδὴ,
299 3803 316 3869 ἡ
336 3807 385 3856 τοῦ
396 3805 590 3875 συλληφθῆναι
603 3807 730 3862 τοιοῦτον
763 3807 852 3858 render
870 3806 970 3869 ragione
989 3805 1013 3856 di
1026 3812 1112 3871 questo
1120 3805 1221 3857 sabbato
1233 3803 1331 3868 grande,
1426 3790 1440 3849 J

161 3867 321 3943 πρεσβύτην
339 3866 430 3942 ἄνδρα
447 3866 495 3938 dm
764 3876 809 3925 che
828 3890 875 3925 non
895 3877 907 3923 e
928 3882 994 3925 certo
1013 3873 1029 3922 il
1048 3873 1148 3924 subbato
1167 3883 1244 3924 sento.

256 3952 260 3959 '
815 3943 842 4006 3)
860 3939 909 3992 ent
928 3942 960 3992 τὸ
977 3935 1072 4010 ὄχημα
1090 3940 1208 4003 glossema
1229 3953 1282 3989 esse
1294 3938 1331 3988 tl-

213 4007 270 4071 Cop.
289 4007 347 4057 vttt.
384 4003 409 4069 1)
428 4007 468 4057 Sic
487 4008 563 4058 Codd.
583 4009 665 4068 vmd,
684 4010 728 4058 l'o·
763 4011 841 4061 delur.
871 4009 918 4059 lus.

160 4075 210 4135 ris,
230 4075 328 4125 lturoec.
347 4089 371 4138 p.
391 4072 459 4126 nost
477 4076 538 4139 iulg.
813 4077 841 4140 4)
860 4075 964 4126 Codices
996 4088 1080 4126 omnes
1115 4073 1204 4122 hebent
1235 4067 1329 4143 κύριος

213 4142 240 4203 2)
260 4143 335 4205 Vulgo
355 4141 508 4193 dieesebbati
520 4143 669 4205 intelligitur,
688 4143 728 4207 qui
763 4144 835 4195 Editi.
858 4142 943 4214 κύριε.
962 4144 1010 4192 luc.

162 4209 411 4260 l'eschutissolemnio
424 4211 593 4273 praecedebat.
619 4211 726 4259 Attamen
814 4210 841 4275 5)
860 4208 918 4263 ἀπὸ
936 4212 986 4261 τοῦ
1003 4202 1144 4275 ὀχήματος
1154 4204 1201 4254 1⁸⁰·
1212 4201 1335 4266 81081οΜ

162 4275 216 4323 Orsi
234 4276 273 4324 lst.
293 4277 332 4326 lih.
353 4278 376 4326 4.
394 4278 416 4338 §-
430 4279 453 4327 d.
474 4277 587 4326 adnotat:
613 4276 725 4326 Secundo
764 4295 819 4329 esse
837 4286 913 4342 putat.

162 4340 276 4391 icelcoli
298 4343 338 4406 pio
356 4345 429 4393 sicori
449 4344 465 4392 il
484 4343 591 4393 martirio
610 4343 726 4393 diseo·
816 4346 874 4409 Cep.
893 4345 929 4393 lll.
967 4343 991 4405 l)
1010 4340 1065 4389 Voc·
1090 4334 1215 4403 [λοιπὸν]
1240 4338 1332 4389 uminis

159 4407 255 4472 licurpo
272 4414 339 4473 sepul
355 4410 373 4461 ll
393 4411 560 4474 23lehbrai05
585 4410 654 4462 nesi
676 4415 725 4476 pud
765 4411 902 4477 segregarit
920 4411 966 4461 lec.
