2886 4882
368 232 566 290 mauruntum
589 234 616 288 S.
640 233 771 290 runaut.
799 233 886 292 xxvt.
907 234 1006 293 xxvtt.
1211 229 1272 292 367

105 401 235 457 dunensis
259 399 420 474 Episcopus,
446 401 487 454 vir
515 399 605 472 magni
634 398 789 466 faciendus,
820 400 866 471 qui
889 399 1045 472 Theopbori
1072 399 1181 456 multam
1210 398 1274 454 iacit

103 486 278 540 mentionem.
322 485 390 550 Quia
413 485 493 538 etiam
515 482 697 555 Polycarpus,
720 482 893 555 smyrnensis
915 480 1048 536 ecciesiae
1067 483 1202 550 Antistes,
1225 481 1272 554 qui

103 584 164 623 cum
186 584 219 622 eo
241 566 378 620 ventitavit
406 566 439 620 ad
462 565 587 620 loannem
611 564 805 637 Evangelistam
829 572 856 619 et
877 562 1059 636 Theologum,
1088 565 1189 636 quique
1212 581 1272 620 cum

105 650 225 722 captivus
248 649 291 703 iiie
315 649 424 703 bornam
447 648 593 703 duceretur
615 647 766 715 Antiochia,
789 664 865 713 eum,
888 646 958 702 sicut
980 647 1031 701 iam
1053 645 1181 712 vidimus,
1204 646 1273 702 salu·

104 733 176 799 tavit,
200 732 268 786 haec
290 730 388 785 alicubi
412 730 536 785 scribens
559 732 585 785 in
608 730 664 785 suis
687 730 823 802 epistolis:
846 729 929 801 ‚Rogo
951 744 1008 796 vos,
1031 727 1137 794 iratres,
1160 735 1190 782 ut
1211 726 1272 784 ohe·

105 815 183 870 diatis
207 822 233 868 et
256 830 362 868 ornnem
386 813 538 868 exercitetis
561 812 739 880 tolerantiam,
763 830 841 885 quam
865 812 969 866 vidistis
992 811 1078 867 oculis
1107 827 1161 865 non
1185 809 1273 866 solum

105 899 131 952 in
153 897 239 951 beatis
264 896 374 968 ignatio,
398 895 466 950 buia
488 904 516 950 et
530 895 648 962 Zeuma,
672 896 721 951 sed
743 896 824 951 etiam
846 897 872 950 in
891 893 981 949 uiuitis
1004 893 1061 948 aliis
1084 910 1117 948 ex
1137 892 1222 961 robis,
1246 901 1275 949 et

105 981 132 1035 in
154 980 213 1051 ipso
236 977 318 1032 Paulo
343 986 370 1034 et
392 979 440 1047 iis,
464 979 592 1049 quicum
616 979 675 1051 ipso
699 978 882 1033 crediderunt.
924 977 989 1044 Quia
1012 977 1030 1031 ii
1053 991 1147 1032 omnes
1170 991 1223 1030 non
1247 976 1273 1030 in

104 1078 200 1117 vanum
223 1068 412 1127 cucurrerunt,
435 1075 524 1132 neque
549 1062 573 1114 in
587 1077 682 1115 vanum
697 1060 895 1127 laboraverunt,
918 1060 967 1115 sed
990 1059 1015 1114 in
1040 1058 1093 1114 fide
1116 1065 1143 1114 et
1163 1058 1273 1121 iustitia,

107 1160 175 1217 quae
202 1153 245 1198 cst
274 1146 300 1198 in
323 1145 430 1199 Christo
461 1143 529 1197 iesu.
572 1142 751 1209 Quamobrem
780 1151 807 1198 et
834 1150 897 1198 sunt
919 1158 992 1197 nunc
1015 1142 1041 1197 in
1063 1141 1137 1209 loco,
1167 1143 1213 1213 qui
1235 1141 1274 1196 eis

106 1226 221 1282 debetur
244 1225 315 1299 apud
337 1227 491 1292 bominum,
524 1243 584 1280 curn
618 1243 672 1298 quo
695 1234 722 1282 et
743 1227 816 1299 passi
840 1233 911 1280 sunt.
953 1225 1012 1280 Non
1043 1225 1114 1279 enirn
1142 1236 1275 1297 praesens

107 1308 227 1365 secutum
250 1310 410 1376 dilexerunt,
432 1309 480 1364 sed
504 1308 647 1376 Christum,
670 1310 716 1381 qui
738 1325 789 1382 pro
811 1308 891 1363 nobis
913 1315 1036 1363 mortuus
1067 1315 1110 1362 ost
1136 1314 1165 1362 et
1186 1321 1275 1362 reson

106 1390 195 1447 rexit!
225 1389 271 1446 Sic
293 1408 359 1464 ergo
383 1393 450 1446 situs
473 1399 531 1446 erat
552 1392 658 1448 divinus
680 1390 799 1463 ignatius
822 1391 848 1445 in
869 1392 954 1446 sacris
976 1389 1083 1445 iliorum
1106 1389 1219 1455 animis;
1248 1395 1276 1444 et

111 1491 170 1529 cum
193 1474 378 1530 desiderasset
399 1472 546 1530 bestiarum
569 1481 678 1530 ventres
701 1472 753 1528 sihi
776 1472 931 1546 sepulcrum
954 1470 1082 1540 edicere,
1114 1473 1139 1527 in
1168 1473 1274 1546 piorum

105 1560 225 1613 virorum
247 1559 331 1630 magis
353 1557 456 1612 habitat
477 1557 580 1612 animis.

189 1707 288 1764 xttt'tt.
333 1707 484 1779 Imperator
505 1712 593 1761 autom
617 1705 747 1760 Traianus
769 1720 830 1758 curn
854 1703 887 1759 de
903 1702 1059 1776 Theophori
1081 1703 1163 1759 htrius
1179 1703 1274 1776 Ignatii

110 1789 193 1845 rebus
215 1798 309 1863 postca
332 1790 488 1852 didicisset,
518 1798 545 1843 ct
573 1805 651 1861 quam
679 1787 787 1842 fortiter
810 1786 963 1861 peregisset
986 1794 1123 1843 certamen
1145 1787 1276 1861 martyrii,

109 1873 236 1945 quodque
259 1883 289 1928 ut
310 1874 368 1945 ipse
391 1872 489 1927 tulerat
512 1872 674 1927 sententiam
696 1886 711 1925 a
732 1870 825 1926 hestiis
850 1871 947 1926 suisset
974 1869 1137 1942 devoratus,
1161 1884 1276 1943 cumque

108 1954 188 2011 multa
209 1957 288 2010 etiam
312 1955 458 2010 adstitisset
481 1954 513 2010 de
536 1954 704 2019 Christianis,
727 1954 773 2025 qui
797 1961 875 2010 eraut
894 1968 943 2027 per
964 1954 1100 2026 regiones,
1118 1954 1192 2025 quod
1207 1952 1277 2017 scili·

108 2045 151 2092 cet
173 2038 239 2093 nihii
261 2045 369 2111 praeter
391 2036 465 2110 leges
487 2037 622 2104 iacerent,
652 2053 740 2108 neque
761 2052 819 2092 rem
838 2036 918 2092 ullam
940 2044 1052 2109 agerent
1074 2037 1198 2109 impiam,
1228 2035 1277 2092 sed

109 2119 226 2176 diluculo
248 2127 393 2192 surgentes
416 2129 443 2174 et
458 2120 595 2176 Christum
612 2120 758 2175 adorarent
780 2126 913 2192 tamquam
930 2118 976 2174 bei
1000 2119 1092 2184 filiurn,
1114 2134 1276 2192 omnemque

110 2212 269 2258 exercerent
292 2203 479 2257 abstinentiam
503 2204 530 2257 in
549 2202 611 2257 cibo
634 2219 665 2256 ac
688 2202 917 2275 potusumcndo,
940 2207 967 2255 et
988 2201 1057 2255 nihii
1079 2209 1222 2274 tangerent
1245 2216 1278 2256 ex

109 2286 141 2341 iis
164 2303 232 2357 quae
267 2285 307 2340 tex
332 2283 504 2355 prohiberet,
529 2301 590 2338 crun
612 2283 668 2349 iile,
692 2285 810 2354 ineptiam,
833 2284 899 2338 iraoc
923 2282 1077 2350 audivisset,
1100 2289 1155 2337 tuna
1179 2283 1277 2337 ductus

109 2384 170 2424 esse
192 2368 359 2440 peonitentia
381 2381 476 2420 eorum
512 2381 582 2435 quae
614 2364 682 2418 iacta
705 2363 826 2430 inerant,
857 2371 913 2417 tum
937 2363 1037 2418 dicitur
1057 2363 1110 2418 tale
1133 2364 1277 2419 Decretum

109 2450 298 2524 proposuisse,
330 2456 358 2502 ut
380 2463 446 2519 gens
469 2447 683 2502 Christianorum
706 2446 895 2516 exquireretur
918 2443 1026 2515 quidem
1048 2454 1129 2515 atque
1151 2443 1277 2500 omnihus

110 2542 183 2589 esset
204 2533 326 2605 cognita,
350 2530 446 2584 inventi
470 2536 558 2584 autem
581 2544 635 2583 non
658 2526 894 2593 interficerentur,
922 2525 971 2580 sod
992 2541 1081 2597 neque
1104 2525 1278 2598 magistratus

110 2624 245 2688 gererent,
269 2631 357 2687 neque
372 2612 542 2684 susciperent
562 2610 643 2667 ultam
658 2608 830 2682 Reipublicae
852 2607 1120 2664 administrationem.
1163 2606 1208 2661 Sic
1222 2622 1277 2664 non

109 2700 160 2754 vita
176 2698 263 2754 sotum
280 2697 381 2769 Ignatii,
404 2696 452 2751 sed
469 2697 520 2751 ianr
542 2711 616 2751 rnors
639 2709 748 2766 quoque
771 2691 821 2747 tuit
835 2691 980 2747 rnuitorum
994 2690 1128 2746 bonomia
1152 2689 1278 2746 concilia·

110 2781 170 2847 trix,
192 2780 317 2852 gloriatio
341 2779 401 2835 bdei
435 2796 503 2851 qrrac
527 2780 552 2832 in
575 2777 682 2832 Christo
706 2784 756 2843 est,
777 2782 963 2848 argumentum
986 2774 1102 2848 pietatis,
1125 2773 1277 2830 adhortatio

111 2863 145 2917 ad
167 2863 271 2918 divinos
294 2863 416 2927 iabores,
447 2871 475 2915 et
497 2862 643 2916 contemtio
666 2860 847 2931 temporariae
870 2859 952 2927 vitae,
975 2859 1038 2914 item
1062 2857 1229 2912 continentia
1261 2870 1275 2911 a

111 2946 197 3000 noxiis
228 2962 259 2999 ac
288 2947 404 3001 studium
439 2946 505 2999 ritae
537 2944 677 3016 puritatis,
707 2943 792 3013 gratia
819 2949 845 2996 et
878 2941 1042 3013 benignitate
1066 2939 1169 2995 bomini
1191 2939 1279 2995 nostri

111 3027 173 3083 iesu
195 3028 310 3094 Christi,
340 3046 401 3084 curu
425 3046 478 3101 quo
503 3028 570 3101 patri
592 3026 677 3100 gloria
699 3031 725 3079 et
753 3032 848 3080 sancto
876 3039 907 3078 ac
936 3022 1041 3079 vivifico
1072 3022 1177 3095 spiritui
1208 3037 1281 3077 nunc

111 3119 139 3167 et
159 3128 267 3184 semper
289 3119 315 3166 et
338 3112 363 3166 in
386 3111 476 3167 secula
498 3110 661 3166 seculorum.
703 3111 795 3164 Amen.

167 3342 192 3389 ii
226 3341 296 3388 beist
314 3340 337 3386 in
357 3339 390 3387 dl.
413 3337 460 3385 toi.
763 3334 790 3397 3)
810 3335 849 3383 τῶ
867 3335 895 3383 Ν.

167 3408 196 3455 12
229 3408 262 3455 ΑΙ.
282 3409 374 3472 κυρίῳ.
396 3404 443 3453 (ὐῙ.
763 3401 790 3464 4)
808 3400 842 3448 ΑΙ.
863 3396 925 3449 dii’
945 3394 998 3464 ἤδη
1016 3399 1070 3449 καὶ.
1091 3398 1140 3450 dot.

166 3473 222 3535 Cap.
242 3474 327 3522 hhh'ih
366 3472 388 3533 l)
407 3472 478 3519 [trust
498 3469 520 3516 iu
540 3469 574 3516 ttt.
596 3466 645 3516 Cot.
765 3468 791 3529 5)
810 3463 1003 3546 καθαρότητος
1020 3467 1074 3514 uer
1091 3465 1126 3514 ΑΙ.
1148 3482 1186 3528 ap.
1205 3466 1257 3515 Cot.

164 3540 190 3602 2)
209 3541 338 3605 γενναίως
354 3554 425 3601 supra
438 3555 459 3585 m
471 3536 496 3595 H,
515 3536 642 3600 γενναῖος
651 3534 679 3592 Ν,
765 3534 793 3594 6)
811 3533 897 3580 Vocem
912 3549 1009 3599 χαριτι
1028 3532 1052 3580 in
1073 3532 1090 3581 Ε
1110 3532 1193 3582 lacuna
1211 3546 1282 3596 prae-

113 3611 242 3671 yevrniov
260 3609 296 3654 at.
316 3623 353 3669 ap.
373 3608 425 3653 Cot.
715 3602 785 3648 redit⁴
822 3601 892 3647 Forte
911 3600 996 3647 excidit
1015 3601 1096 3649 τοῦτο
1114 3597 1153 3649 δέ.
