2886 4882
134 229 195 293 278
285 231 413 291 lemn
434 230 596 291 misma
619 231 662 288 An
683 225 1020 288 PHILADELPHIENSES.
1048 226 1092 285 ΙΙΙ.
1113 227 1154 285 IV.

136 390 259 472 φυτείαν
284 384 418 472 Πατρός,
441 384 514 451 ἀλλά
535 386 646 469 σπέρμα
665 393 719 451 τοῦ
740 391 882 469 πονηροῦ.
924 381 985 466 Οάχ
1007 383 1053 449 ὅτι
1074 383 1145 469 παρ’
1173 381 1244 468 ῦμῖν
1263 411 1313 468 με·

136 471 240 558 ρισμδν
269 466 385 576 εῦρον,”
414 477 505 537 ταῦτα
528 469 650 570 γράφω,
680 467 753 535 ἀλλά
780 471 1031 552 προασφαλίζομαι
1059 465 1136 551 όμοῖς
1163 467 1203 545 ώς
1224 470 1313 533 τέκνα

140 563 231 623 Θεοῦ·
254 555 319 621 ὅσοι
336 581 391 640 γαρ
414 559 542 636 Χριστου
564 557 653 632 είσίν,
675 546 756 620 οῦτοι
776 551 846 634 μετά
866 560 918 617 τοῦ
939 549 1101 617 ἐπισκόπου
1124 553 1223 617 είσίν·3
1245 553 1313 618 ὅσοι

136 639 166 705 δ’
189 639 228 705 ἀν
247 640 415 704 έκκλίνωσιν
438 634 541 715 αῦτοῦ,
561 639 611 702 καί
631 635 685 720 τήν
704 639 861 702 κοινωνίαν
883 635 1064 714 ἀσπάζωνται
1092 635 1164 716 μετά
1183 643 1241 700 τοῖν
1262 664 1313 701 κα-

45 783 52 796 ,
136 723 320 806 τηραμένων,
347 713 429 786 οῦτοι
453 719 507 785 σῦν
536 721 636 796 αῦτοῖς
663 719 888 802 έκκοπήσονται·
919 718 956 784 οῦ
989 718 1043 805 γάρ
1077 723 1143 784 εἰσι*
1171 718 1312 806 γεώργιον

138 812 284 891 Χριστοῦ,
306 803 367 870 ἀλλ’
393 807 502 888 ἐχθροῦ
524 804 636 889 σπορά·
659 797 696 869 οῦ
718 807 874 886 δνσθείητε
894 801 1016 869 πάντοτε
1045 801 1142 886 εὐχαῖς
1169 812 1221 869 τοῦ
1242 830 1312 889 προ-

33 891 38 901 ’
136 891 334 973 καθεζομένου
355 887 440 971 ῦμῦν
458 890 609 975 ποιμένος,
631 895 684 953 τοῦ
705 886 877 953 πιστοτάτου
904 889 954 952 καί
982 887 1167 974 πρᾳοτάτονέ
1211 894 1312 971 Παρα-

136 982 215 1039 καλοῖ
243 965 298 1039 οὖν
326 970 402 1056 ῦμῦς
429 974 461 1038 ἐν
482 975 598 1060 Κυρίῳ·
629 971 695 1038 ὅσοι
723 971 760 1036 ἀν
789 970 1014 1054 μετανοήσαντες
1044 973 1170 1036 ἔλθωσιν
1191 972 1239 1035 ἐπὶ
1259 972 1313 1054 τήν

138 1055 258 1140 ένότητα
283 1064 336 1138 τῆς
366 1058 533 1138 ἐκκλησίας,
561 1057 767 1140 προσδέχεσθεο
796 1053 904 1132 αὐτοῦς
933 1053 1004 1137 μετά
1023 1053 1120 1138 πάσης
1139 1054 1312 1142 πρᾳότητος,

137 1143 187 1211 ἵνα
208 1138 258 1204 διά
278 1143 331 1222 τής
351 1139 540 1223 χρηστότητος
559 1141 609 1205 καί
629 1148 681 1222 τῆς
702 1138 885 1216 ἀνεξικακίας
905 1137 1111 1221 ἀνανήψαντες
1127 1140 1159 1202 ἐκ
1178 1147 1231 1221 τῆς
1259 1148 1313 1204 τοῦ

138 1224 279 1308 διαβόλου
299 1227 441 1307 παγίδος,
464 1221 540 1301 ἀξιον
556 1223 654 1306 Ἰησοῦ
676 1229 805 1308 Χριστοῦ
825 1221 995 1307 γενόμενοι,
1019 1226 1161 1307 σωτηρίας
1190 1226 1313 1289 αἰωνίου

136 1307 259 1391 τιίχωσιν
279 1307 312 1372 ἐν
332 1316 366 1425 τγή
387 1311 518 1394 βασιλείᾳ
538 1315 591 1372 τοῦ
614 1314 751 1391 Χριστοῦ.
789 1306 946 1386 Ἀδελφοί,
967 1304 1006 1388 μή
1028 1314 1193 1371 πλανᾶσθε·
1224 1309 1252 1370 εί
1269 1334 1315 1383 τις

137 1395 259 1474 σχίζοντι
282 1387 340 1455 ἀπὸ
374 1399 427 1473 τῆς
448 1389 591 1474 ἀληθείας
611 1391 786 1469 ἀκολουθεῖ,
808 1393 957 1472 βασιλείαν
982 1395 1058 1454 Θεοῦ
1080 1389 1116 1457 οῦ
1136 1389 1314 1472 κληρονομή-

138 1497 194 1540 σει·
223 1475 273 1539 καί
301 1476 331 1539 εί
347 1501 391 1551 τις
418 1473 474 1539 οῦκ
503 1472 657 1553 ἀφίσταται
676 1482 729 1539 τοῦ
759 1472 944 1558 ψευδολόγον
966 1474 1109 1557 κήρυκος,
1134 1476 1174 1550 είς
1193 1475 1314 1556 γέενναν

137 1556 398 1642 κατακριθήσεται·
421 1557 487 1623 οὸτε
501 1558 557 1644 γάρ
573 1557 702 1641 εὐσεβῶν
720 1557 901 1637 ἀφίστασθαι
921 1556 984 1640 χρὴ,
1006 1556 1074 1622 οῦτε
1097 1559 1129 1621 δέ
1144 1559 1310 1639 δνσσεβέσιυ

138 1651 310 1726 συγκεῖσθαι
330 1646 386 1706 δεῖ·
410 1644 439 1706 εί
454 1668 498 1718 τις
519 1644 550 1707 έν
571 1640 706 1729 ἀλλοτρία
726 1641 826 1729 γνώμη
847 1650 1010 1723 περιπατεῖ,
1042 1634 1127 1717 οὗτος
1153 1640 1209 1705 οῦκ
1242 1643 1313 1706 ἐστιΒ

139 1732 283 1811 Χριστοῦ,
313 1723 380 1790 οὸτε
409 1733 462 1790 τοῦ
491 1725 611 1802 πάθους
643 1725 734 1791 αὐτοῦ
766 1724 923 1801 κοινωνός·
955 1724 1018 1788 ἀλλ’
1053 1727 1129 1789 ἐστιν
1158 1723 1311 1808 ἀλώπηξ,10

136 1807 269 1892 φθορεὺς
289 1805 459 1888 ἀμπελῶνος
480 1815 627 1916 Χριστοῦ·
648 1817 688 1898 τῷ
709 1807 831 1896 τοιοότηο
852 1807 892 1890 μή
915 1812 1180 1915 σνναναμίγννσθε,
1202 1811 1252 1873 ίνα
1272 1807 1312 1891 μή

90 1963 95 1974 ,
136 1889 344 1974 συναπόλησθε
365 1889 462 1955 αάτῦ·
483 1918 540 1956 καν
561 1890 656 1974 πατήρ
684 1886 707 1978 ‘‚
729 1890 786 1957 κάν
807 1890 881 1968 υίδς,
895 1890 952 1957 κάν
965 1890 1102 1973 άδελφος,
1115 1889 1172 1956 κάν
1190 1896 1313 1967 οἰκεῖος·

140 1972 336 2055 Οίιφείσεται
355 1973 411 2059 γάρ
424 1957 495 2060 σου,
518 1977 616 2057 φησίν,
638 1920 832 2058 δὸφθαλμδς
852 1974 899 2040 ἐπ’
924 1974 1011 2063 αὐτῷ.
1058 1973 1133 2051 Τοῦς
1157 1984 1315 2057 μισοῦντας

137 2049 192 2122 οῦν
211 2055 264 2124 τόν
287 2053 363 2122 Θεὸν
382 2066 476 2140 μισεῖν
496 2057 549 2145 χρή
571 2060 619 2124 καί
639 2058 716 2144 ῦμῦς
737 2059 786 2123 καί
807 2060 855 2124 ἐπλ
874 2067 935 2135 τοῖς
965 2061 1083 2143 ἐχθροῖς
1115 2057 1206 2124 αάτοῦ
1235 2059 1313 2142 ἐκτή·

137 2143 280 2207 κεσθαι·ιι
301 2138 338 2206 οῦ
365 2139 424 2225 μήν
445 2142 494 2207 καί
522 2141 637 2208 τάττειν
659 2140 766 2219 αάτοῦς
794 2141 815 2225 ή
848 2141 982 2219 διώκειν,
1003 2140 1106 2219 καθώς
1127 2140 1162 2206 τά
1182 2145 1257 2226 έθνη
1276 2142 1314 2207 τά

136 2222 176 2308 μή
198 2221 295 2292 είδότα
314 2221 367 2290 τόν
388 2223 499 2310 Κύριον
518 2228 566 2292 καί
590 2225 679 2293 Θεόν·
701 2225 765 2291 ἀλλ’
789 2226 913 2334 ἐχθροὺς
933 2226 985 2308 μέν
1006 2224 1158 2312 ήγεῖσθαι,
1192 2227 1242 2289 καί
1261 2254 1312 2308 χω·

137 2311 269 2394 ρίζεσθαι
289 2305 343 2373 ἀπ’
365 2307 475 2374 αὐτῶν·
496 2319 650 2376 νουθετεῖν
670 2311 703 2376 δέ
724 2308 850 2387 αῦτονς,
872 2312 921 2376 καί
943 2311 990 2375 ἐπλ
1011 2308 1165 2393 μετάνοιαν
1184 2335 1312 2394 παρακα-

136 2401 210 2472 λεῖν,
228 2390 279 2457 έάν
301 2390 359 2477 ἀρα
379 2391 552 2474 ἀκούσωσιν,
574 2393 625 2460 ἐάν
648 2393 704 2480 ἀρα
725 2395 881 2459 ἐνδώσιν.η
927 2393 1142 2479 Φιλάνθρωπος
1160 2392 1215 2480 γάρ
1237 2395 1313 2458 ἐστιν

137 2474 155 2541 ό
179 2474 254 2554 Θεδς
267 2473 378 2560 -ήμών,
410 2479 460 2543 καί
486 2477 597 2555 πάντας
624 2477 803 2565 ἀνθρώπους
835 2478 916 2543 θέλει
946 2486 1080 2561 σωθῆναι
1112 2479 1161 2542 καλ
1192 2480 1232 2553 είς
1253 2479 1312 2542 ἐπί

136 2581 244 2645 γνωσιν
264 2558 404 2643 ἀληθείας
427 2563 541 2627 ἐλθεῖν·
568 2561 614 2627 διδ
635 2562 687 2629 τδν
707 2562 790 2646 ήλιον
811 2560 903 2627 αῦτοῦ
924 2561 1069 2627 ἀνατέλλει
1090 2562 1138 2626 ἐπί
1167 2560 1314 2673 πονηροὺς

138 2646 188 2709 καί
209 2641 350 2748 ἀγαθοῦς,
372 2645 421 2710 καλ
441 2647 533 2731 βρέχει
554 2645 606 2712 τόν
625 2645 733 2712 ῦετδν18
755 2647 803 2711 ἐπί
824 2649 956 2721 δικαίους
977 2647 1028 2710 καί
1049 2645 1185 2722 ἀδίκους·
1207 2672 1243 2711 ου
1263 2654 1314 2728 τής

136 2728 445 2886 ίίίεὸὅηὸὅὸὅὸ
462 2727 910 2898 ὅιιὸίίὸελὸὅίὸὅιὸἀ
928 2728 1168 2890 ὅίὸὅῖἐίὸὅ’
1191 2735 1316 2797 ⁸⁹⁵⁶&

244 2858 253 2888 γ
1134 2866 1140 2879 .

219 2991 260 3048 1v.
299 2979 377 3068 Ἐγώ
403 2985 535 3051 πέποιθα
562 2986 603 3062 είς
627 2981 705 3068 ἀμάς
732 2987 764 3052 ἐν
785 2987 903 3074 Κνρίρε,
929 2984 975 3050 ὅτι
997 2986 1083 3053 οῦδέν
1104 2986 1173 3053 άλλο
1200 2986 1310 3073 φρονή-

136 3080 215 3130 σετε·
244 3062 291 3129 διδ
321 3068 370 3131 καί
399 3070 524 3151 θαρδοῖν
551 3067 655 3154 γράφω
680 3076 716 3158 τῇ
747 3069 874 3153 ἀξιοθέητ
904 3066 1001 3179 ἀγάπη
1032 3070 1116 3154 ῦμοῖν
1135 3080 1312 3156 παρακαλοῦν

137 3147 222 3231 ῦμῦς,
243 3156 297 3236 μιᾷ
315 3153 418 3229 πίστει,
439 3154 490 3215 καλ
510 3153 552 3218 ένλ
573 3153 741 3262 κηρύγματι,
755 3156 804 3218 καί
824 3161 876 3240 μιγῖ
899 3159 1066 3243 ευχαριστίρι
1087 3183 1102 3238 χ
1126 3164 1230 3221 ’σθαν
1253 3160 1307 3238 μία

134 3231 190 3316 γάρ
210 3233 287 3298 ίστιν
307 3231 328 3317 ή
349 3233 419 3318 σάρξ
439 3243 492 3300 τοῦ
513 3239 627 3320 Κνρίον
655 3244 759 3320 Ιησοῦ,
780 3240 830 3302 καλ
847 3244 882 3305 ὅν
903 3238 993 3305 αὐτοῦ
1014 3238 1047 3306 τό
1078 3268 1097 3304 α
1169 3238 1201 3304 τό
1233 3237 1305 3324 ῦπέρ

134 3313 221 3397 ήμών
241 3316 380 3398 ίκχνθέν·
402 3314 445 3394 είς
462 3320 521 3384 καλι
541 3319 627 3403 ὅρτος
648 3331 708 3398 τοῖς
727 3329 817 3387 πᾶσιν
844 3321 1001 3407 ἐθρόφθη,
1030 3325 1080 3389 καί
1105 3328 1140 3387 ἓν
1166 3321 1307 3404 ποτήριον

135 3407 196 3475 τοῖς
222 3396 303 3476 ὅλοις
331 3399 508 3487 διενεμήθη·
537 3407 573 3468 ὅν
601 3406 813 3490 θυσιαστήριον
840 3406 920 3498 πάσγ
949 3416 984 3497 τῇ
1016 3408 1167 3492 έκκλησίγ,
1199 3406 1249 3466 καί
1269 3402 1311 3478 είς

135 3484 309 3559 ἐπίσκοπος,
331 3483 391 3568 ὅμα
410 3493 452 3574 τῷ
471 3490 680 3578 πρεσβυτερίηο,
704 3492 753 3554 καί
773 3499 833 3568 τοῖς
854 3489 1020 3566 διακόνοις,
1049 3498 1111 3562 τοῖς
1140 3483 1312 3564 σννδοῦλοις

190 3653 218 3718 2)
238 3637 328 3724 εῦρων
346 3655 400 3707 OV.
794 3661 835 3726 ll)
845 3657 1043 3726 εκτετηειέσθαι
1050 3657 1101 3706 ελσε
1111 3656 1197 3721 ορὶεἰίν
1206 3652 1312 3718 (λέντε-

187 3721 202 3773 3
234 3722 270 3772 λιι
290 3721 404 3774 δθθλλ
423 3722 495 3787 ῦλεε,
514 3722 571 3778 είσλ
588 3724 656 3778 Voss.
742 3728 872 3780 τικέσθαι
890 3728 916 3777 V.

188 3790 205 3843 δ
236 3788 310 3842 είσιν
328 3789 387 3842 OV.
793 3787 1236 3860 εκ)1ιιον,ενδωσιλιννιιις.

186 3858 202 3908 5
231 3857 302 3908 Voce.
331 3856 379 3909 καλ
400 3854 563 3930 πρᾳοτάτου
590 3861 615 3911 in
643 3869 705 3913 ιειιν
793 3862 836 3926 13)
853 3859 905 3914 τὸν
919 3858 1002 3914 ῦετδν
1021 3876 1067 3911 om.
1086 3860 1143 3912 θλ.

136 3924 197 3977 cod.
216 3923 236 3975 0
259 3925 442 3989 praetermissa,
474 3929 505 3977 εδ
534 3943 601 3979 oram
625 3928 705 3980 εδδῖῑι
793 3929 835 3990 14)
854 3925 928 3998 ἡμᾶς
947 3946 967 3978 c.
985 3929 1030 3978 BF
1045 3928 1095 3979 θλ
1113 3938 1158 3981 τοι.
1177 3931 1221 3980 lut.
1239 3928 1310 3989 Cler„

135 4001 223 4045 exunt
739 3992 812 4064 ὑμεῖς
829 3996 897 4048 Voss.
915 4005 939 4047 ει
955 3998 987 4047 ελ.
1004 3996 1074 4047 male.

187 4061 203 4111 δ
232 4054 512 4128 προσδέχεσθαιθῖ,
532 4062 705 4127 εῖλΙίοειιρτε.
792 4063 849 4128 Cap.
869 4065 906 4115 lv.
944 4064 969 4129 1)
986 4061 1042 4130 γάρ
1061 4061 1118 4113 OV.

186 4128 201 4177 7
230 4123 279 4179 ίπλ
297 4127 365 4178 Voss.
383 4129 507 4178 mendose.

188 4194 204 4244 8
233 4191 402 4261 δνσσεβέσιν
419 4195 478 4246 OV.
790 4198 818 4263 2)
835 4201 998 4263 plantationes
1020 4197 1069 4247 ΡεΙ.

189 4261 206 4311 θ
236 4257 314 4314 ἐστιν
331 4260 387 4312 OV.
791 4268 820 4330 3)
839 4270 913 4331 ι’γῖλυτ
929 4267 979 4317 Ρελ.
996 4266 1052 4328 fleg.

188 4327 231 4407 1,ολ
250 4323 359 4388 ἀλώπιξ
380 4331 441 4393 OV,
466 4350 483 4397 η
506 4331 530 4382 in
553 4330 597 4382 illo
616 4330 705 4397 ξεορεο,
788 4336 817 4397 4)
837 4337 913 4387 scribo
931 4336 997 4386 νοδίι
1016 4334 1072 4400 fleg.

136 4386 262 4458 δίλντιηξ
279 4395 306 4447 Β.
796 4402 824 4468 5)
841 4419 893 4454 τιατ
911 4417 957 4454 ονε.
974 4401 1031 4465 δας.

31 4512 35 4521 ’
120 4558 289 4610 Δ
