2886 4882
196 488 232 543 ι,
247 470 332 528 teleta
353 472 514 545 iniquitate,
537 475 639 530 nouus
662 491 725 531 vero
748 479 890 533 eunetise
911 478 1032 537 Domino.
1074 484 1148 541 lune
1170 489 1319 559 poterimus

193 554 297 610 urbm
315 554 519 623 sanctificare,
544 556 568 611 si
587 573 637 613 nos
667 559 718 632 ipsi
741 561 817 633 prius
840 559 970 617 fuerimus
993 565 1162 626 sanctificati.
1207 569 1317 628 Demum

193 638 290 693 ‘Erite
312 637 473 705 ,novilunia
495 647 584 695 restra
606 648 633 697 et
654 640 766 698 sabbate
790 651 878 699 vestre
900 662 954 700 nou
978 644 1053 701 lero.‘
1097 648 1221 718 cernite,
1252 670 1317 725 quo·

188 720 383 793 stupeatur:
419 738 477 776 oon
508 722 573 779 mibi
607 731 719 797 recepte
746 735 810 782 sunt
837 729 991 800 praeseutia
1012 728 1138 797 sabbata,
1171 734 1220 788 seel
1252 735 1318 792 illud

160 804 278 885 ¹depo
298 803 379 869 teon
408 803 519 877 quondo
548 805 669 872 seilicet,
698 809 830 865 univorsis
853 809 936 866 finem
958 812 1120 885 imponens,
1149 817 1235 870 oeteu
1264 816 1317 872 diei

182 902 230 941 n
248 885 373 953 initium,
395 886 453 943 boe
475 895 527 954 est,
548 889 652 945 initium
673 889 785 946 alterius
798 892 899 948 uerendi.
937 893 1043 950 Idcirco
1066 902 1094 950 et
1107 895 1179 950 diem
1195 905 1317 953 oetevum

180 970 279 1025 obstitis
308 970 445 1043 agimus,
473 986 528 1042 quo
559 980 587 1027 et
612 973 687 1029 lesus
715 976 864 1032 resurrexit
885 977 1042 1033 emortuis.
1082 977 1115 1033 Et
1146 995 1208 1034 euru
1236 997 1316 1052 eppe·

177 1055 240 1119 ieret
259 1052 398 1111 aseendit
424 1052 458 1108 od
476 1052 579 1109 coelos.

288 1216 364 1274 xt⁷t
413 1218 553 1292 Templum
574 1222 719 1293 spirituale
743 1223 860 1279 Domino
880 1225 938 1280 iam
959 1234 1152 1282 coustmetum.

212 1351 306 1407 tenue
334 1358 365 1407 et
389 1348 426 1406 (le
457 1351 558 1425 templo
589 1352 674 1409 dicem
702 1353 795 1421 vobis,
823 1355 960 1428 utromodo
989 1365 1112 1414 errantes
1140 1357 1232 1414 miseri
1260 1375 1314 1414 netu

168 1438 263 1508 r‘psnrn
285 1435 394 1501 Deum,
414 1441 566 1491 creatorem
588 1437 718 1508 ipsorum,
740 1455 816 1511 spem
836 1438 997 1505 babuerunt,
1019 1439 1066 1495 sed
1089 1441 1116 1495 in
1139 1441 1216 1508 viam,
1239 1442 1315 1513 quasi

165 1522 224 1574 tens
241 1518 292 1574 Dei
318 1524 410 1572 esset.
445 1515 507 1573 b'am
530 1518 588 1574 lere
610 1520 827 1593 insurgentium
850 1520 963 1576 illumin
986 1522 1087 1595 templo
1109 1525 1228 1578 reuereti
1244 1532 1314 1579 sunt

164 1602 192 1656 iel
210 1599 360 1675 quomodo
393 1598 521 1657 Dominus
551 1600 693 1674 loquatur,
724 1602 908 1676 templumque
937 1604 1042 1660 irritum
1071 1604 1167 1672 laeint,
1196 1606 1313 1661 animael-

162 1694 236 1741 ertrte:
270 1684 353 1758 ,quis
387 1698 499 1738 mensus
529 1694 571 1740 est
599 1685 705 1742 eoelum
737 1687 886 1759 spitbmun,
915 1696 960 1742 eut
989 1687 1049 1759 spuis
1080 1696 1178 1742 terram
1206 1687 1313 1761 pelnnal

160 1767 220 1823 leae
240 1766 323 1841 egel
348 1765 424 1821 Dicit
444 1765 587 1826 Dominus:
619 1769 725 1824 eoelum
746 1768 812 1824 mibi
835 1768 949 1825 thronus
973 1777 1029 1837 est,
1052 1779 1125 1826 terra
1146 1779 1234 1827 autem
1256 1789 1314 1827 sca·

156 1850 224 1907 am
245 1848 362 1925 pedum
384 1864 516 1905 meorum.
557 1850 641 1919 Quem
662 1852 726 1907 mibi
750 1855 859 1907 domium
874 1850 1063 1921 aedificabitis,
1085 1861 1129 1909 aut
1150 1855 1211 1927 quis
1234 1854 1313 1912 locus

154 1935 256 2007 ¹resistis
278 1927 396 1989 meeel‘
430 1931 607 2005 Cognoscite,
634 1934 708 2007 quod
737 1952 802 1990 varia
825 1942 867 1989 est
896 1953 960 2009 spes
986 1935 1104 1992 illorum.
1144 1937 1176 1993 Et
1203 1938 1313 1994 tendern

152 2032 218 2074 mus
239 2019 299 2074 ait:
334 2030 424 2082 ,ecee
445 2017 492 2088 qui
515 2015 704 2073 destruxerunt
714 2016 842 2090 templum
867 2019 928 2086 boe,
951 2020 1001 2092 ipsi
1025 2018 1091 2075 illud
1112 2017 1313 2076 aedificabunt}

148 2098 206 2173 tque
233 2099 350 2157 evenit.
392 2096 457 2152 Nam
487 2099 549 2172 quia
572 2099 671 2155 bellum
693 2109 856 2172 gesserunt,
877 2100 910 2156 ab
932 2102 1057 2157 hostibus
1080 2101 1249 2158 destructum
1271 2112 1314 2157 est

146 2183 269 2257 emplum
294 2194 378 2236 nenne
401 2188 428 2235 et
449 2181 501 2255 ipsi
523 2182 641 2238 bostium
663 2182 777 2239 ministri
800 2182 976 2239 reaedificent
998 2183 1071 2239 illud.
1111 2184 1219 2252 lterum,
1239 2185 1312 2257 rprrerd

144 2266 256 2322 mensa
280 2270 367 2321 esset
389 2262 481 2320 civitas
503 2281 556 2320 una
580 2282 639 2320 eum
662 2265 762 2338 templo
791 2274 817 2320 et
849 2283 910 2321 oum
939 2265 1041 2339 populu
1072 2265 1238 2333 israelitico,
1270 2274 1313 2321 est

140 2348 310 2405 ermetem.
361 2346 405 2402 tit
426 2348 526 2421 quippe
548 2350 698 2421 scripture:
731 2356 767 2415 ‚et
790 2349 842 2402 erit
864 2350 890 2402 iu
912 2348 1066 2402 tenuissimis
1088 2347 1202 2414 diebus,
1224 2348 1314 2402 tradet

138 2430 257 2488 lominus
281 2445 356 2487 oves
378 2430 471 2502 pascui
493 2438 519 2486 et
548 2432 616 2487 ovile
643 2438 669 2487 et
690 2430 784 2485 turrim
805 2445 899 2485 eorum
922 2429 948 2482 in
971 2425 1098 2483 exitium!
1140 2431 1226 2499 Atque
1250 2444 1312 2482 con·

135 2514 190 2589 ψ,
212 2512 457 2589 quemeumotlum
480 2512 585 2570 loeutus
608 2521 650 2570 est
671 2512 809 2567 Dominus.
852 2512 1016 2578 Quaeramus
1045 2510 1150 2580 itaque,
1171 2524 1204 2563 an
1227 2514 1314 2563 eustet

133 2598 211 2655 ὼε
233 2595 379 2671 tempium
401 2596 458 2652 Dei.
500 2594 610 2661 Debuit,
641 2594 687 2650 ubi
718 2594 832 2667 ipsemet
861 2610 890 2649 se
921 2591 984 2648 illml
1014 2591 1104 2646 leoere
1125 2607 1157 2647 ac
1178 2587 1313 2663 perlicere

133 2688 253 2737 matur.
305 2677 444 2753 Scriptum
466 2678 536 2735 enim
558 2687 615 2735 est:
637 2686 674 2746 ,et
694 2677 753 2743 erit,
777 2674 946 2733 bebdomada
961 2673 1103 2749 completa,
1126 2669 1313 2730 aedificabitur

133 2842 188 2891 teni.
207 2842 294 2899 ilem,
320 2836 372 2890 τὸν
390 2830 480 2907 δόμον
503 2837 631 2902 proposuit
650 2835 710 2895 Cot,
743 2851 770 2886 re
789 2836 812 2885 di
833 2835 964 2896 Debitoris,
986 2849 1057 2898 prese
1078 2832 1219 2883 sincendib
1238 2831 1314 2881 Gero-

131 2905 175 2959 τὸν
197 2904 297 2961 οὐδὸν
319 2905 395 2955 scribi
422 2904 498 2953 voluit
521 2904 626 2954 Mazocb.
650 2904 709 2953 For·
744 2904 829 2953 solime
850 2904 887 2953 eol
907 2904 1015 2966 Templo,
1035 2904 1050 2952 l
1068 2899 1205 2964 Depitllv.
1241 2900 1312 2963 Depo

130 2976 197 3025 νὴ
220 2974 401 3024 scribendum:
424 2968 472 3023 tut
495 2968 546 3038 τὴν
566 2967 637 3022 ὁδὸν
662 2970 709 3032 (vel
744 2972 871 3021 trutanni
891 2972 914 3020 ‹ti
932 2969 1056 3029 subierint,
1075 2969 1130 3018 Ciro
1148 2983 1174 3017 re
1194 2967 1216 3016 di
1231 2966 1311 3016 l‘ersie

130 3038 236 3111 θέρον)
257 3040 358 3092 αὐτῶν
373 3033 508 3104 ἤλπισαν,
532 3038 578 3089 καὶ
595 3035 644 3089 οὐκ
662 3036 711 3089 lui
743 3053 787 3101 per
807 3039 891 3087 ordine
917 3038 939 3086 oi
957 3040 1001 3087 Dio
1019 3037 1149 3087 rilebbricb
1168 3034 1184 3082 it
1203 3034 1311 3094 Templo,

131 3112 179 3162 τὸν
195 3108 276 3160 θεὸν
296 3105 347 3160 τὸν
364 3102 520 3169 ποιήσοντα
538 3103 709 3163 absorbenti.
743 3107 759 3155 2
779 3106 855 3154 Perat.
875 3105 973 3160 tttttt't,
993 3105 1037 3164 22,
1056 3105 1095 3154 23.
1132 3104 1151 3152 Ε
1174 3101 1198 3149 lo
1221 3099 1313 3176 reidill3

179 3179 209 3240 2)
228 3176 350 3237 Ernlgeri
368 3170 384 3238 ἧ
403 3189 430 3223 ex
451 3174 568 3223 DCFOV
587 3174 630 3223 lnt.
654 3181 709 3233 vet,
743 3188 833 3221 eerono
859 3172 891 3233 gli
916 3172 985 3221 Ebrri
1015 3170 1116 3221 ministri
1141 3186 1154 3218 e
1176 3167 1265 3217 sudditi
1289 3166 1312 3214 dr

132 3243 177 3295 ιι)
194 3245 264 3306 sulp.
286 3243 346 3292 Lllb
363 3243 417 3290 lsai.
435 3242 476 3301 10,
497 3242 535 3291 l'l.
745 3240 813 3300 Ciro,
835 3240 844 3290 l
864 3239 961 3288 Esdr.l
983 3256 996 3288 e
1014 3240 1041 3288 ll.
1078 3238 1120 3286 cto
1139 3235 1313 3312 preciserpento

181 3313 211 3374 3)
231 3307 249 3361 ὁ
268 3309 442 3373 suprnedditur
457 3308 481 3356 iu
499 3308 524 3358 C.
745 3307 784 3370 qui
804 3307 856 3356 dire
876 3307 900 3355 S.
911 3306 1028 3366 Bernaba,
1046 3304 1190 3354 essertenilo
1205 3304 1312 3359 insieme,

181 3380 212 3443 1)
235 3379 271 3427 lte
291 3377 359 3426 ΒΟ)
377 3376 448 3431 titt.
470 3368 709 3443 olsoslopep'eerel}
745 3374 788 3423 ebe
807 3382 867 3423 tutto
887 3374 1019 3424 verilleossi
1038 3388 1051 3422 a
1070 3371 1179 3436 pustino,

136 3448 195 3497 len.
234 3445 261 3494 lu
278 3445 297 3490 tl
315 3459 367 3493 roc.
385 3440 461 3494 nisos
477 3457 539 3492 rnen.
557 3457 606 3491 sec.
624 3455 710 3504 supra·
796 3442 811 3492 8
842 3434 1093 3511 ἀνοικοδομήσουσι
1112 3439 1130 3488 Β
1149 3439 1208 3488 blen.

137 3514 243 3564 moun.
278 3511 333 3561 lsei.
352 3511 393 3569 66,
416 3512 437 3560 l.
795 3509 811 3558 9
842 3510 912 3558 Voce.
930 3511 976 3560 καὶ
995 3505 1011 3559 ὁ
1031 3506 1098 3564 ναὸς
1117 3505 1256 3555 exciderunt
1273 3518 1312 3566 ep.

185 3580 252 3642 5)t
273 3595 294 3629 e.
313 3586 396 3641 pentes
416 3577 584 3627 israelitarum.
745 3576 812 3625 Voss.
833 3585 856 3626 et
874 3576 942 3626 elios.

187 3648 218 3711 6)
235 3642 455 3715 οἰκοδομήσουσι
492 3645 509 3693 D
535 3643 552 3692 C
591 3660 610 3693 c.
646 3643 708 3705 vulg.
797 3644 838 3705 10)
856 3645 933 3703 lieec,
957 3650 1030 3707 prout
1052 3641 1091 3690 bic
1110 3639 1240 3700 Debentur,
1263 3653 1312 3689 non

139 3714 192 3764 tut
211 3715 253 3773 19,
275 3714 313 3764 il.
743 3711 844 3761 suntin
867 3718 916 3760 tote
935 3711 1067 3774 Scriptura.
1089 3708 1148 3757 lleu.
1183 3708 1231 3757 Clr.
1261 3706 1314 3756 lsai.

188 3781 218 3845 ’1)
236 3779 391 3845 Spiritaliter,
410 3786 499 3828 ulmos
510 3778 634 3827 videbitur.
652 3777 710 3826 ileu.
744 3794 764 3828 c.
785 3780 809 3829 5.
835 3778 883 3827 Jer.
902 3794 922 3827 c.
943 3780 973 3829 tt
993 3786 1016 3826 et
1034 3776 1074 3826 25.
1093 3776 1162 3826 blieb.
1180 3791 1200 3825 e.
1217 3774 1242 3824 l.

141 3848 230 3899 Eadem
240 3846 386 3898 Gallieciolli
405 3846 436 3895 ed
447 3846 559 3909 templum
573 3845 710 3894 Salomonis
795 3840 1038 3912 11)1παισχοὲτῶν
1055 3843 1113 3908 (sie)
1133 3844 1158 3892 V.
1218 3900 1232 3922 a

142 3918 216 3966 retent
252 3916 396 3966 observans:
429 3914 567 3962 Veremente
598 3912 709 3962 Giulieuo
795 3912 837 3977 11)
855 3910 932 3963 καθὰ
949 3914 975 3973 Β,
992 3908 1065 3963 κατὰ
1081 3927 1105 3975 ρ.
1125 3907 1194 3960 καθ’
1214 3921 1232 3956 α
1250 3904 1313 3953 llen.

142 3990 251 4047 epestete
274 3983 376 4040 ordino,
408 3980 452 4030 ebe
474 3981 506 4041 gli
523 3980 594 4029 librei
618 3979 710 4028 riodile-
795 3980 838 4043 13)
855 3982 903 4029 lem
930 3980 1051 4030 destructo
1073 3978 1163 4041 templo
1191 3971 1311 4023 Hierosol.

144 4064 239 4101 assero
257 4051 275 4100 il
288 4048 397 4113 Templo,
415 4048 431 4096 il
450 4047 494 4097 ebe
509 4062 557 4097 non
574 4047 647 4096 riusel
666 4062 710 4110 per
744 4048 843 4112 quaerit,
861 4062 891 4096 en
902 4048 1003 4097 elterum
1018 4047 1132 4110 templum
1143 4050 1311 4093 successurum

144 4116 166 4166 le
183 4119 276 4169 Damme
294 4118 340 4167 ebe
357 4115 471 4166 uscirauo
487 4113 550 4163 dnlle
568 4122 639 4164 terre.
673 4115 708 4164 lle
743 4116 781 4164 sit.
804 4115 861 4164 Meo.
884 4112 945 4165 tori
965 4115 1019 4163 DV.

144 4194 227 4248 mesto
255 4184 361 4236 essendo
389 4182 505 4233 seceduto
537 4182 601 4231 circe
628 4179 708 4230 l’enno
796 4182 838 4245 ll)
857 4184 915 4232 Dan.
928 4183 952 4240 9,
967 4180 1006 4231 24.
1016 4180 1056 4229 25.
1076 4177 1116 4227 Di.
1135 4176 1219 4235 tggee.
1232 4170 1257 4227 2,
1272 4170 1311 4220 ¹⁰·

144 4250 200 4303 tett'
216 4255 264 4304 Dra
282 4252 382 4314 volgare
402 4249 460 4308 stu,
479 4264 527 4297 non
544 4252 592 4313 pub
611 4250 651 4312 qui
670 4264 709 4297 es·
794 4249 836 4311 15)
854 4241 1127 4325 οὶκοδομηθὴσονται
1147 4242 1164 4289 C
1184 4240 1244 4318 bien.

144 4333 195 4371 me
211 4321 319 4372 indicato
341 4319 372 4367 da
390 4318 415 4367 S.
433 4317 549 4366 Bernaba.
587 4317 708 4365 Nabuzer-
795 4317 837 4378 16)
858 4316 951 4380 Scripsi
964 4309 1086 4368 ἐνδόξως
1101 4324 1122 4357 ο.
1141 4307 1187 4356 ot
1210 4305 1253 4354 lnt
1270 4319 1312 4355 ve·

145 4385 188 4440 lau
207 4389 306 4456 Dnnqne
325 4383 438 4451 genuele
457 4383 481 4434 di
501 4383 710 4435 Nebucodenosor
742 4393 792 4436 tere
811 4384 885 4435 Clem.
903 4383 976 4441 bles,
993 4373 1105 4435 ἔνδοξος
1122 4374 1201 4425 BCF
1223 4374 1285 4435 vulg.
