2886 4882
274 262 409 333 limbi
429 265 568 327 PASTOR.
610 268 707 327 traua
729 269 747 326 l.
791 270 1071 347 trimontium)
1196 276 1258 340 437

166 428 266 504 (mxli.
299 435 327 489 lu
350 434 470 491 secunda
492 441 581 490 autem
601 434 704 491 visione
726 435 816 493 vidisti
838 452 898 493 eam
920 446 1035 497 stantem
1057 440 1191 501 atiaoiem
1217 444 1256 501 iu·

84 533 179 575 venem
202 516 365 585 habentem,
395 525 422 574 ct
450 509 572 573 hilarcm¹
595 518 679 591 magis
709 535 788 592 quam
811 526 890 588 ante,
918 528 945 576 et
973 537 1074 595 corpus
1096 532 1123 580 et
1145 526 1256 600 capillos

83 601 211 658 senioris.
252 599 285 656 Et
305 601 375 656 banc
403 598 686 672 orgosimilitudinem
711 601 783 659 audi.
827 602 939 669 Quando
962 603 1059 676 aliquis
1088 609 1181 663 senior
1210 608 1256 665 de·

83 693 177 759 sperat
203 684 236 740 de
267 700 296 740 se
326 692 440 757 propter
467 682 677 739 imbecillitatem
706 692 733 740 et
754 684 952 741 mendicitatem
973 703 1066 754 suam,
1088 689 1155 744 nibil
1185 690 1257 748 aliud

83 775 212 842 expectat,
234 768 286 822 uisi
310 766 380 823 diem
404 768 579 823 novissimum
600 767 669 821 vitae
690 784 764 823 suae.
807 767 838 823 lt
860 768 883 822 si
905 776 1001 840 postea
1016 770 1105 825 subito
1129 771 1154 826 ei
1176 773 1254 829 relin-

84 860 183 926 quatur
205 849 376 917 baereditas,
408 859 435 906 ot
464 849 578 905 audieus
606 851 737 917 surrexit,
768 859 795 905 et
822 849 942 923 gaudens
966 843 1095 908 ellectus²
1117 854 1203 910 induit
1224 871 1255 913 sc

83 933 284 1000 fortitudinem,
312 942 339 988 et
360 949 414 989 non
438 935 489 989 iam
512 933 621 1001 iacens,
650 933 698 988 sed
721 940 795 989 stans
818 934 997 990 renovabatur
1018 937 1045 990 in
1068 936 1180 1009 spiritu,
1204 939 1250 1010 qui

83 1021 134 1075 iam
162 1025 309 1090 corruptus
331 1026 389 1072 crat
417 1013 592 1089 aptioribus
616 1015 672 1071 suis
695 1014 908 1072 deiectionibus:
937 1034 994 1073 non
1017 1019 1068 1074 iam
1090 1019 1175 1087 sedit,
1203 1020 1254 1077 sed

82 1100 196 1157 viriliter
217 1099 278 1173 agit
322 1098 368 1155 Sic
389 1107 414 1154 et
436 1116 483 1154 vos
505 1098 645 1154 audientes
668 1099 738 1154 liano
759 1099 899 1162 visionem,
922 1116 1002 1173 quam
1025 1101 1101 1158 vobis
1124 1101 1252 1159 Dominus

83 1182 216 1240 revelavit
261 1182 391 1250 Quoniam
415 1183 542 1238 misertus
565 1188 607 1236 est
628 1197 713 1254 super
734 1197 782 1237 vos
803 1181 931 1238 Dominus
954 1191 981 1238 et
1008 1185 1147 1240 renovavit
1173 1185 1251 1257 spiri·

84 1277 140 1324 tum
169 1273 198 1322 et
224 1266 351 1339 deposuit
373 1265 519 1338 languores
547 1272 667 1320 vestros:
690 1272 717 1319 et
738 1266 854 1321 accessit
876 1265 953 1322 vobis
975 1265 1105 1322 lortitudo
1129 1275 1156 1322 et
1176 1275 1252 1340 pote·

82 1357 153 1416 stas,
176 1355 203 1404 et
230 1356 356 1422 potentes
384 1347 474 1404 allecti
497 1347 563 1402 estis
584 1348 611 1402 in
632 1346 694 1404 lide.
740 1347 772 1402 Et
799 1348 894 1405 videns
917 1348 1044 1405 Dominus
1066 1349 1251 1408 fortitudinem

81 1441 198 1488 vestram
217 1432 324 1505 gavisus
347 1439 397 1487 est.
441 1430 473 1485 Et
493 1438 641 1503 propterea
663 1431 799 1486 nunciavit
827 1430 904 1486 vobis
934 1430 1063 1488 fabricam
1084 1433 1176 1488 turris.
1218 1433 1252 1488 lit

81 1514 132 1574 alia
154 1515 262 1589 quidem
284 1514 431 1582 nuntiabit,
454 1514 477 1567 si
500 1529 532 1567 cn
553 1513 617 1568 totis
639 1512 808 1585 praecordiis
831 1529 925 1586 pacem
947 1513 1096 1570 habueritis
1114 1515 1140 1570 iu
1163 1514 1248 1572 vobis

164 1661 276 1735 (nllllll.
299 1663 390 1719 Tertia
411 1670 501 1718 autem
513 1662 617 1717 visione
634 1661 723 1718 vidisti
740 1662 809 1718 illam
823 1663 955 1731 iuvenem,
978 1671 1006 1718 ct
1025 1662 1123 1719 bonam
1138 1671 1164 1719 et
1185 1663 1249 1720 bila·

80 1766 147 1816 rem,
169 1742 229 1817 [ac]
253 1746 372 1819 spetiosa
395 1740 473 1815 [luit]
497 1745 580 1801 iacies
603 1761 660 1800 sua.
704 1743 779 1801 Sicut
794 1746 865 1802 enim
884 1740 936 1814 [si]
960 1743 1039 1800 alicui
1053 1746 1124 1802 tristi
1146 1747 1251 1802 venerit

84 1831 196 1888 nuntius
216 1827 314 1896 bonus,
338 1829 425 1884 statim
449 1827 617 1884 obliviscitur
638 1828 758 1901 priorem
782 1828 916 1884 tristitiam
939 1835 967 1883 et
988 1827 1054 1883 nihil
1076 1827 1149 1884 aliud
1171 1844 1252 1902 expet

81 1921 136 1970 ctat
157 1912 208 1967 nisi
222 1912 343 1966 nuntium
366 1911 440 1983 quod
463 1911 570 1979 audivit,
593 1917 621 1966 ct
634 1909 712 1966 lortis
735 1908 853 1969 efficitur
875 1910 909 1966 de
931 1917 1040 1966 caetero
1057 1910 1084 1965 in
1101 1908 1191 1979 bouo;
1212 1917 1249 1966 et·

80 1985 317 2074 enimrenovatur¹
338 1994 449 2068 spiritus
471 2001 583 2068 propter
605 1993 732 2067 gaudium
754 1992 828 2066 quod
850 1993 971 2065 accepit:
994 1993 1035 2048 sio
1057 2000 1084 2048 et
1101 2009 1149 2048 vos
1171 2009 1248 2048 reno·

80 2078 213 2135 nationem
237 2077 380 2150 accepistis
402 2078 514 2150 spiritus
537 2076 619 2131 vestri
640 2076 761 2131 videntes
775 2075 935 2131 haeobona.
977 2074 1009 2129 lit
1023 2075 1150 2147 quoniam
1164 2092 1248 2149 super

79 2178 217 2218 scamnum
239 2160 329 2215 vidisti
351 2159 421 2214 illam
443 2160 592 2223 sedentem,
615 2157 693 2212 lortis
708 2159 816 2230 positio,
839 2158 901 2230 quia
916 2163 1043 2228 quattuor
1064 2157 1146 2211 habet
1158 2156 1245 2229 pedes

79 2235 219 2301 scamuus²
248 2250 276 2299 et
301 2242 378 2297 lortis
408 2247 469 2295 stat.
513 2237 653 2310 Siquidem
686 2246 713 2294 et
743 2238 867 2294 seculum
898 2255 948 2311 per
976 2243 1103 2310 quattuor
1130 2239 1245 2309 angulos

80 2327 244 2383 continetur.
287 2324 336 2390 Qui
367 2338 433 2393 ergo
463 2320 584 2393 perieote
614 2320 809 2392 poenitentiam
840 2319 960 2392 egerint,
990 2317 1192 2374 renovabuntur
1220 2326 1247 2373 et

79 2409 181 2466 fundati
204 2408 231 2461 iu
253 2413 309 2459 toto
335 2403 418 2458 corde
448 2418 499 2456 suo
523 2401 715 2474 poenitentiam
738 2407 826 2471 agent.
870 2398 959 2454 llabes
988 2399 1108 2473 periecte
1138 2415 1245 2454 omnem

79 2490 279 2548 revelationem.
322 2484 462 2556 Nunquam
492 2484 542 2538 iam
573 2481 644 2538 aliud
671 2498 803 2555 quaeras3
830 2481 853 2536 si
876 2488 965 2536 autem
988 2480 1142 2553 rogaveris,
1170 2495 1243 2535 reve·

79 2573 178 2631 labitur
200 2569 256 2624 tibi.

554 2728 626 2770 visto
650 2728 769 2776 cultra·

159 2865 197 2939 (n)
211 2868 230 2923 l.
262 2867 343 2935 Visio,
367 2882 446 2939 quam
469 2865 532 2932 vidi,
553 2865 659 2933 iratres,
683 2858 857 2933 [haecerat]
880 2861 1015 2917 Postdies
1034 2860 1127 2933 viginti
1146 2859 1247 2933 prioris

79 2955 131 3012 diei
157 2969 244 3025 usquc
273 2952 306 3006 ad
329 2950 516 3005 advenientem
547 2948 618 3004 diem
641 2947 711 3004 ibam
734 2946 760 3000 in
790 2961 884 3018 agrum
908 2960 958 3017 per
988 2944 1056 2998 viam
1078 2942 1246 3015 Campanam.

78 3038 114 3093 De
138 3044 221 3092 strata
244 3033 352 3108 publica
374 3039 437 3087 sunt
459 3031 536 3104 quasi
559 3029 644 3085 stadia
666 3031 776 3097 deceru3
803 3044 865 3083 raro
896 3033 984 3082 autem
1006 3023 1157 3081 ambulatur
1185 3025 1245 3098 ipse

78 3111 174 3176 locus.¹
224 3116 304 3172 Solus
333 3124 421 3170 autem
451 3112 591 3170 ambulans
613 3112 742 3186 rogabam
770 3111 924 3176 Dominum,
950 3115 981 3164 ut
1009 3107 1188 3164 revelationes
1218 3113 1246 3163 et

78 3202 206 3268 visiones,
228 3189 308 3272 quas'
330 3197 394 3253 mibi
416 3196 537 3253 ostendit
557 3212 607 3269 per
628 3203 747 3251 sanctam
769 3193 911 3250 ecclesiam
924 3208 1009 3258 suam,
1032 3189 1117 3247 fortes
1133 3190 1243 3253 laceret,

78 3290 106 3341 et
127 3284 246 3339 viderem
268 3280 462 3355 poenitentiam
492 3294 632 3334 servorum
655 3278 718 3345 Dei,
748 3277 794 3349 qui
826 3274 1081 3342 scandalizabantur,
1104 3279 1134 3329 ut
1155 3271 1244 3327 lauda·

129 3513 156 3573 6)
174 3513 284 3561 rcoclotis
306 3510 356 3557 lar.
678 3509 699 3550 cl
717 3503 821 3564 gaudens
839 3503 932 3564 offertus
951 3499 1026 3546 induit
1044 3511 1068 3542 sc
1086 3495 1245 3555 fortitudinem

130 3581 176 3629 llis.
194 3579 229 3628 lll.
267 3577 290 3640 l)
316 3573 504 3624 Tribulationcm
532 3568 645 3630 intelligit
677 3575 697 3617 rt
717 3584 761 3618 noir
779 3572 825 3618 icor
843 3570 922 3615 iocans
942 3566 983 3612 sed
1003 3570 1069 3613 alosa
1087 3563 1242 3611 rationabatur

79 3649 123 3697 sub
142 3644 285 3695 Domitiano.
304 3643 379 3690 Oxou.
678 3638 703 3684 r'rr
726 3638 824 3697 spirito:
847 3634 909 3696 quod
934 3634 982 3680 iam
1006 3636 1137 3692 emptum
1156 3635 1205 3677 erat
1229 3644 1244 3677 o

131 3714 157 3772 2)
173 3710 347 3775 proficiscebatur
365 3715 416 3756 erat
433 3707 456 3753 in
471 3705 521 3752 Vnt.
677 3703 798 3766 prioribus
817 3703 867 3749 suis
886 3698 1071 3759 desectionibru:
1091 3701 1112 3743 ct
1130 3711 1177 3744 non
1195 3697 1244 3743 inm

131 3780 158 3843 ³)
177 3781 202 3828 r'rt
222 3776 279 3825 cillo
302 3781 354 3822 sont
380 3788 432 3821 cero
450 3771 502 3820 llat.
538 3771 580 3820 est
603 3771 645 3820 illo
680 3770 739 3819 redit
760 3769 802 3816 sed
819 3768 919 3814 virilitor
936 3779 1015 3825 opens.

80 3848 136 3897 llice
153 3843 243 3908 Appiae
254 3848 351 3899 tractus,
372 3839 411 3903 qui
425 3838 578 3903 Campaniam
588 3854 644 3902 pcr-
731 3835 788 3897 Cap.
806 3833 864 3882 lllll.
903 3832 927 3889 1)
944 3837 965 3879 ct
982 3836 1106 3880 renovator
1119 3831 1179 3879 enirn
1194 3825 1244 3876 Pal.

81 3915 162 3964 currit.
732 3902 758 3964 2)
778 3901 818 3949 Sic
836 3898 885 3946 Pal.
905 3897 1024 3946 distincte.

131 3981 157 4042 i)
176 3979 231 4027 llere
250 3976 316 4033 Vnt,
342 3971 429 4022 deiude
454 3987 505 4020 eunt
530 3987 554 4035 p.
572 3974 647 4021 illum.
752 4007 757 4017 .
930 4005 957 4016 ..
1096 4005 1100 4013 .
1122 4004 1125 4011 .
1237 4011 1243 4024 ,

82 4050 189 4110 Sequens
209 4043 325 4108 periodus
342 4040 479 4090 cumhacce
496 4039 548 4089 sine
561 4039 588 4087 Et
603 4054 646 4087 co·
733 4006 779 4084 νηῒ
798 4005 846 4082 w'.
867 4003 972 4084 illm?
991 4019 1060 4082 lm?
1074 4003 1126 4080 ,Μ’
1143 4004 1244 4062 snum·

680 4082 736 4140 port
755 4075 805 4122 drea
823 4078 909 4135 oegroto
925 4086 1012 4134 prrorra
1030 4072 1093 4128 drea,
1120 4079 1193 4130 usquc
1215 4066 1246 4114 nd

81 4114 184 4178 P¹¹l³¹¹ffi
683 4143 842 4192 advenientem
860 4141 922 4188 diem
940 4141 1003 4187 ibam
1021 4139 1047 4183 in
1065 4149 1146 4196 aprum
1154 4148 1197 4195 per
1207 4135 1247 4182 via

133 4220 189 4282 Cap.
207 4220 255 4268 llll.
294 4216 318 4280 l)
336 4218 420 4267 biloria
438 4213 488 4262 Pal.
683 4223 811 4271 cornporro:
832 4209 859 4257 de
881 4211 955 4255 atrato
971 4203 1079 4267 publico:
1105 4205 1157 4249 snut
1176 4198 1247 4264 queri

132 4286 158 4349 2)
176 4285 299 4335 llalucrim
316 4284 402 4347 gaudio
423 4282 527 4342 opertos.
552 4277 578 4325 ln
599 4275 650 4324 l'al.
684 4277 762 4326 stadio
780 4277 864 4325 decern.
883 4273 1025 4321 lloroerrtem
1044 4268 1178 4317 ombrllctnr
1194 4270 1244 4331 ipre

81 4354 140 4403 baec
158 4353 246 4402 habes:
265 4353 308 4401 dut
325 4352 347 4399 rr'
363 4354 448 4413 posteo
466 4345 543 4393 subito
564 4345 586 4390 er'
611 4357 649 4391 re·
684 4346 750 4393 locus
770 4342 819 4390 Pal.

82 4422 204 4485 linquatur
223 4419 371 4468 baereditas:
390 4420 411 4461 cl
430 4413 527 4461 audiena
548 4412 651 4460 annexit
736 4408 765 4473 2)
783 4421 843 4472 qnae
861 4403 911 4454 Pal.
