2886 4882
488 238 662 299 tinuatur.
681 238 852 299 urtsrotn.
882 241 936 299 Vll.

184 406 263 461 uides
283 405 392 463 offerre
418 405 582 463 debeamus.
619 406 649 463 Si
665 423 733 482 ergo
756 408 804 465 liei
826 407 907 477 filius,
929 409 975 481 qui
994 408 1175 464 estllominus
1192 418 1220 466 et
1235 411 1302 467 iudi·

155 506 231 545 -rru
249 500 288 545 est
308 490 392 546 rivos
415 507 451 545 ac
475 498 613 558 mortuos,
636 508 734 565 passus
755 499 813 560 cst,
841 500 871 548 ut
896 491 975 566 plaga
1004 491 1089 565 ipsius
1118 493 1221 550 virides
1250 510 1301 552 nos

178 573 257 630 reret:
277 573 445 642 credamus,
470 590 526 630 nou
538 574 661 647 potuisse
683 573 768 631 lilium
784 574 832 632 uer
848 576 905 649 pati
925 575 977 630 uisi
991 584 1104 649 propter
1125 593 1184 633 uos.
1221 577 1300 635 Cruci

175 674 197 711 o
210 658 294 713 aitrus
315 665 403 713 aceto
420 673 457 713 ac
478 656 542 713 lellr
563 656 716 732 potabatur.
749 659 854 727 Audite,
876 658 1014 732 quomodo
1032 659 1065 714 dc
1087 660 1137 715 linc
1154 678 1184 715 re
1203 661 1301 719 iudicia

151 744 238 821 ¹rin'crt
255 740 430 797 sacerdotes
455 739 547 814 populi
570 741 676 797 iudaici.
718 740 827 815 Scripto
847 748 1010 817 praecepto,
1033 748 1076 806 ut,
1104 743 1150 814 qui
1173 744 1301 803 ieiunium

151 824 188 879 'u
200 826 329 893 ieiunaret,
355 832 456 881 morte
476 824 712 893 exterminaretur,
733 828 873 900 praecepit
889 825 1026 892 Dominus,
1046 825 1109 897 quia
1130 832 1157 880 et
1178 826 1236 899 ipse
1249 845 1300 902 pro

146 910 232 962 mis
252 909 365 964 uostris
388 925 441 964 ras
463 908 576 981 spiritus
599 907 739 965 oblaturus
761 917 821 965 erat
841 910 868 966 iu
890 909 1022 977 hostiam;
1044 914 1074 963 ut
1094 915 1121 963 et
1144 907 1302 982 impleretur

164 1008 204 1047 un
221 990 288 1047 lacta
313 994 346 1047 in
371 988 468 1057 lsaac,
499 991 545 1064 qui
573 1008 657 1065 super
685 991 768 1049 altare
799 991 849 1048 luit
871 990 986 1048 oblutus.
1029 991 1097 1059 Quid
1126 991 1208 1063 igitur
1236 992 1302 1048 dicit

164 1076 399 1149 uiproplretam'l
437 1074 480 1141 ,Et
500 1074 659 1130 manducent
689 1076 723 1131 de
745 1076 840 1139 hirco,
874 1076 919 1148 qui
947 1077 973 1131 iu
997 1076 1040 1131 die
1072 1074 1164 1129 ieiunii
1186 1074 1302 1132 offertur

162 1174 178 1203 r
193 1158 311 1213 cunibus
337 1159 480 1231 pcccatis.
520 1158 655 1214 Attendite
671 1157 830 1232 diligenter:
852 1168 888 1227 ‚ct
909 1159 1072 1215 manducent
1094 1157 1145 1213 soli
1160 1173 1191 1212 uc
1206 1175 1300 1214 omnes

160 1243 269 1297 eructes
295 1242 472 1297 intestinum
493 1257 548 1297 nou
570 1240 669 1309 lotum,
700 1258 762 1299 cum
785 1240 881 1298 necto·⁸
922 1242 960 1297 Ad
985 1242 1068 1315 quidl
1097 1240 1227 1309 Quoniam
1248 1259 1300 1310 mc,

157 1334 212 1391 cut,
235 1342 290 1400 pro
315 1326 388 1381 ueri
412 1324 507 1398 populi
530 1323 636 1381 delictis
657 1324 809 1381 oblaturum
830 1342 938 1381 curnem
960 1342 1064 1393 meatu,
1096 1325 1214 1398 potaturi
1236 1326 1301 1382 estis

155 1410 184 1463 'de
198 1426 253 1464 cum
274 1417 386 1474 ποῖος
410 1406 475 1464 ideo
495 1408 630 1464 comedite
652 1424 700 1465 ros
723 1409 782 1477 soli,
804 1410 866 1466 dum
889 1408 1006 1483 populus
1029 1409 1131 1465 ieiunat
1151 1416 1178 1464 et
1200 1406 1302 1482 plangit

154 1508 239 1549 tratre
262 1502 295 1548 et
321 1492 436 1547 cinere.
479 1489 553 1547 llaec
581 1499 611 1547 ut
637 1492 812 1559 ostenderet,
843 1492 917 1565 quod
945 1500 1087 1565 oporteret
1114 1493 1204 1564 ipsum
1232 1494 1300 1548 mori

152 1576 244 1646 pilis
286 1574 448 1643 Quomodo
467 1575 551 1648 igitur
572 1576 730 1650 praecepitl
760 1577 906 1632 Attendite.
933 1572 1072 1643 ,Sumite,‘
1092 1576 1193 1648 iuquit,
1222 1574 1301 1641 ,duos

151 1660 204 1716 irtus
223 1660 321 1715 bonos
345 1667 381 1713 ct
401 1657 520 1726 similes,
550 1666 577 1714 et
599 1659 695 1715 ollcrte
719 1677 783 1727 eos3
812 1666 840 1715 et
866 1659 982 1731 accipiat
1010 1658 1140 1714 sacerdos
1169 1674 1251 1714 uuum
1274 1659 1300 1714 iu

149 1744 305 1799 »uetustum
328 1758 388 1815 pro
417 1737 556 1815 peccatis!
599 1742 635 1798 lle
664 1743 749 1800 altero
778 1759 843 1799 vero
872 1740 937 1815 quid
966 1740 1086 1797 lacieutl
1116 1740 1301 1810 ,llaledictus,‘

150 1828 206 1897 cpit
227 1822 337 1893 ,unusf
383 1824 535 1893 Attendite,
565 1842 619 1898 quo
641 1834 721 1899 pacto
751 1824 837 1899 ligura
858 1825 919 1882 lesu
941 1825 1136 1881 manifestetur·
1174 1824 1215 1893 ,Et
1237 1843 1300 1882 cou-

146 1910 200 1979 ru'te
220 1909 302 1965 illum
329 1922 449 1976 omues,
478 1924 510 1963 ac
536 1907 684 1977 lanciunte3
715 1917 743 1965 ct
770 1909 899 1982 imponite
927 1908 1014 1965 lanam
1043 1910 1199 1965 coccineum
1228 1910 1301 1966 circa

145 2002 191 2065 ert
209 1995 291 2055 eiuse
324 1999 359 2047 et
389 1992 431 2046 sic
458 1990 486 2047 in
513 1991 651 2048 desertum
680 1990 834 2049 emittatur.‘
878 1991 991 2049 Etcum
1022 1993 1058 2048 ita
1089 1992 1187 2049 iactum
1210 1991 1300 2061 luerit,

142 2076 273 2149 p'portat
296 2075 426 2142 hircum,
448 2073 558 2130 abducit
578 2091 639 2131 eum
661 2077 688 2132 iu
711 2093 848 2146 eremum,
871 2083 899 2132 et
918 2075 1006 2132 aufert
1026 2075 1060 2132 alr
1082 2075 1129 2132 illo
1150 2075 1252 2144 lanam,
1275 2085 1301 2133 ct

139 2160 189 2227 pru-t
207 2176 273 2215 eam
297 2172 393 2231 super
417 2156 555 2224 fruticem,
585 2159 631 2232 qui
659 2168 770 2216 vocatur
790 2160 890 2226 rubus,
920 2160 997 2215 cuius
1026 2160 1147 2233 germina
1175 2160 1202 2214 iu
1228 2162 1300 2233 agris

137 2252 220 2316 reperta
243 2242 382 2299 solemus
403 2241 582 2312 manducare3
609 2251 638 2299 ct
657 2242 736 2300 lrtrius
761 2244 846 2300 solius
874 2243 965 2316 vepris
987 2241 1092 2299 fructus
1115 2241 1209 2299 dulces
1231 2251 1301 2299 suut.

167 2454 207 2516 tt)
224 2452 375 2521 μέλλεται
394 2447 485 2498 Cilen.
505 2448 529 2497 in
547 2456 618 2511 textu,
635 2450 699 2500 idem
733 2449 812 2497 tiones
830 2461 877 2493 nun
894 2445 1005 2508 scriptus,
1023 2455 1049 2494 ut
1065 2454 1147 2493 notum
1160 2453 1196 2494 est
1209 2447 1302 2496 exuui-

131 2522 227 2572 eiiitre
246 2522 275 2569 in
295 2531 379 2578 marg.
734 2516 791 2562 lone
803 2513 891 2561 ludnco
901 2511 942 2560 lil).
957 2514 985 2560 dc
999 2511 1195 2559 circumcisione:
1214 2514 1302 2562 ταῦτα

165 2592 205 2651 15)
225 2585 347 2639 σάκκου
363 2583 423 2633 Ο).
734 2570 784 2633 οὖν
801 2580 841 2636 tle
859 2576 943 2635 ἀκοὰς
959 2570 1027 2641 ἦλθε
1040 2575 1090 2634 τὰς
1100 2573 1237 2645 ἡμετέρας
1253 2576 1304 2647 ἀρ·

164 2658 206 2719 16)
223 2654 323 2712 δείξει
346 2651 373 2699 ).
753 2640 954 2715 αιολογούμενα
977 2643 1056 2713 παρὰ
1073 2648 1239 2704 θεσπεσίοις
1257 2641 1302 2699 c'r't'·

166 2725 209 2785 13)
229 2723 288 2772 Cir.
308 2719 413 2779 unche,
434 2720 514 2783 Spmb.
531 2720 565 2778 ll,
583 2720 640 2772 cto.
673 2720 701 2769 il.
730 2667 846 2786 Βρὰσιν,
867 2715 895 2779 ρ)
915 2713 950 2767 τὰ
965 2715 1097 2772 Μωσέως
1111 2710 1144 2765 οὐ
1157 2715 1303 2786 παρέργως

127 2792 188 2842 tate
207 2792 251 2843 tu.
273 2790 302 2837 ἶ.
323 2801 381 2850 sqq.
734 2778 951 2853 διηρμήιέυσαν.
974 2784 1034 2833 llru.

168 2859 211 2921 18)
229 2858 362 2926 οἱμοιως
379 2853 469 2918 alisque
487 2863 587 2905 accentu
604 2856 630 2904 C.
786 2855 829 2916 22)
847 2852 880 2902 lta
900 2868 920 2901 c.
942 2850 1023 2901 ΒΟ)
1041 2851 1120 2907 loss..
1144 2846 1303 2905 tenedum

166 2927 210 2990 19)
230 2921 358 2990 inaniet).
388 2921 447 2970 Turn
459 2937 525 2971 rocc.
535 2919 604 2990 ὑπὲρ
613 2919 701 2991 ἁμαρ·
735 2920 752 2969 C
774 2922 817 2970 lnt.
833 2929 879 2970 ret.
897 2921 957 2970 llcn.

124 2996 184 3046 πιεῖν
204 2988 333 3042 subiunxi
360 3003 388 3037 en
407 2989 488 3037 ΒΟ)
513 3004 586 3053 marg.
605 2991 702 3041 Codicis
785 2989 829 3052 23)
850 2991 985 3056 περιθῆτε
1005 2987 1059 3037 Ο).

124 3062 176 3111 Aet
192 3070 245 3111 ret.
268 3060 318 3108 tnt
786 3057 830 3119 24)
849 3054 900 3107 τὸν
916 3056 984 3104 l'uss.
1007 3056 1031 3104 in
1054 3056 1161 3117 margine
1185 3069 1230 3119 pro
1254 3070 1302 3105 rur.

165 3137 211 3202 ru)
232 3154 272 3179 =
289 3122 702 3202 bgepzbctruaetntopocen.
736 3124 790 3174 lect·
829 3123 887 3172 Tun
907 3120 1009 3190 &nemi
1026 3123 1051 3172 C·

165 3209 212 3271 tt)
234 3207 309 3256 Haec
333 3220 392 3253 sune
419 3207 540 3266 nutando,
568 3220 621 3254 cum
648 3220 702 3267 grn—
788 3207 831 3270 25)
848 3204 1026 3273 deglutitum,
1044 3207 1083 3271 qui
1103 3207 1147 3268 leg.
1166 3212 1233 3269 putat
1252 3201 1303 3275 glu-

123 3276 186 3335 plice
206 3275 352 3337 exprimant
371 3272 458 3321 Christi
478 3274 623 3337 passionem,
642 3289 703 3336 quine
731 3270 795 3342 χόν.
831 3256 916 3323 leusio
947 3283 1045 3323 urrctore
1074 3274 1183 3323 dedimus
1212 3272 1247 3343 ῥα
1267 3274 1301 3337 ln.

122 3346 187 3392 oum
209 3344 334 3392 observat
353 3339 514 3390 Tertullianus
534 3341 703 3390 linirentur
737 3343 761 3391 lu
780 3341 889 3391 BCOV
909 3338 1210 3411 ctmnrg.l'nssiiglupli.
1241 3291 1303 3391 lun

122 3409 243 3463 truens,
271 3415 297 3458 et
323 3407 364 3455 lib.
383 3408 407 3456 3.
439 3417 520 3457 coutrn
544 3408 702 3458 llurciouem:
734 3408 872 3473 βλαστοὺς
890 3407 964 3457 ΒΟ)
982 3427 1002 3459 e.
1021 3408 1120 3469 vossio,
1138 3406 1259 3473 βαστοὺς
1276 3408 1302 3471 C,

123 3477 183 3526 l'rre
213 3485 300 3525 nutem
321 3490 401 3525 eormn
426 3478 581 3525 circundatus
608 3478 701 3526 coccino
734 3475 836 3540 βατούς
855 3478 927 3533 Alco,
947 3478 986 3549 qui
1009 3476 1034 3524 in
1054 3477 1117 3526 notis
1134 3478 1232 3527 scribit:
1269 3479 1302 3538 ,ln

121 3547 263 3595 abdictus
300 3550 322 3592 et
348 3551 501 3606 consputatur
530 3550 552 3593 ct
580 3545 702 3593 currulem
735 3553 797 3594 textu
817 3546 909 3594 Gracco
933 3552 966 3597 οὐ
990 3540 1055 3601 τοὺς
1071 3541 1173 3609 doferic
1191 3554 1304 3610 corrupte

121 3619 142 3661 rt
167 3618 329 3675 rcmrpunctun
360 3628 373 3659 u
399 3613 484 3674 populo
516 3618 584 3660 retra
617 3613 701 3660 cicitu—
735 3612 837 3673 legitur;
860 3626 914 3661 num
925 3609 1012 3676 βαιὸς
1029 3619 1131 3675 orytone
1149 3622 1185 3663 est
1201 3617 1303 3679 pernice.

122 3688 165 3729 te·
194 3680 358 3728 ubiiricbutnr
385 3680 409 3726 iu
432 3681 600 3741 perditionem,
625 3680 701 3727 murri-
735 3687 757 3727 et
780 3675 864 3744 βάτος
886 3682 1008 3742 gniritone
1029 3682 1108 3730 rudus.
1149 3682 1211 3743 Lege
1233 3682 1304 3744 igitur

121 3746 192 3807 tertie
231 3752 332 3795 notetus
361 3748 493 3807 inripuilnrs
529 3747 614 3795 (Aristi
643 3762 701 3810 pue·
735 3734 768 3796 οὗ
785 3746 832 3796 καὶ
856 3744 891 3797 τὰ
907 3743 1020 3811 βάτινα·
1044 3755 1080 3796 cst
1104 3748 1166 3798 euim
1188 3748 1304 3813 βάτηόν

123 3818 217 3869 denir,
234 3817 277 3879 qui
295 3816 401 3862 coccineo
418 3816 571 3865 circumdetur
590 3820 661 3877 ceste,
680 3822 700 3864 et
734 3814 825 3863 lnrctus
857 3814 918 3864 rulu.
958 3815 1061 3866 Galenus
1087 3815 1102 3866 2
1129 3816 1158 3867 de
1185 3814 1303 3865 alimentis

121 3888 285 3947 cumputetur
310 3887 332 3929 ct
361 3882 466 3929 erunibus
488 3883 636 3932 coutumeliis
659 3884 700 3945 as·
735 3883 793 3932 τῶν
820 3878 914 3945 βάτων
939 3881 1050 3952 καρπὸν
1070 3878 1256 3953 ὀνομάζουσιν
1278 3879 1304 3929 οἱ

122 3952 202 4009 dictus
219 3955 291 3998 extre
303 3950 557 4010 ciritctcmcrucificnr
572 3958 615 3998 cet.
636 3952 701 4008 Qunc
734 3946 805 4016 παρ’
826 3947 895 4018 ἡμῖν
912 3944 1058 4020 ἅνθρωποι
1071 3946 1197 4014 βάτινον·
1216 3948 1240 3995 id
1260 3954 1303 4006 Β),

125 4018 226 4081 quidem
248 4016 442 4065 circumstantiae
461 4018 592 4066 uBnmnbn
605 4024 701 4066 notntnc
734 4017 850 4066 ruborum
871 4018 973 4068 lnrctum
992 4019 1115 4068 uominnnt
1131 4015 1239 4065 homiues
1258 4030 1303 4062 nn-

123 4086 170 4134 etni
198 4099 250 4133 nou
273 4082 322 4131 sint
345 4083 368 4132 in
393 4084 528 4147 Scriptum,
555 4093 631 4133 tumen
657 4098 702 4148 per
734 4085 777 4133 stri
799 4080 935 4150 fluctuor)
971 4086 1073 4145 Memini,
1097 4085 1185 4133 Rornae
1207 4081 1303 4143 suepius

124 4152 286 4201 traditionem
314 4151 469 4202 innotuerunt
494 4160 520 4201 ut
546 4152 594 4201 uliu
622 4151 701 4215 plura,
735 4167 772 4201 mc
798 4152 888 4201 ridissc
913 4153 951 4203 dic
976 4154 1038 4203 festo
1063 4155 1087 4201 S.
1109 4147 1216 4198 Androne
1239 4150 1303 4211 Apo·

127 4234 190 4283 quae
213 4221 239 4268 in
258 4219 304 4267 Aac
323 4218 426 4280 epistole
447 4221 610 4279 continentur,
636 4220 701 4283 qrtod
735 4219 792 4268 stoli
810 4221 855 4283 (ΒΟ
873 4236 934 4270 meu.
954 4220 1093 4277 Novembis)
1111 4220 1166 4262 uute
1190 4216 1304 4280 templum

127 4286 356 4350 impraesentiarum
369 4286 495 4336 ostendere
506 4287 702 4349 operaepretium
735 4287 782 4350 ipsi
800 4287 935 4337 dedicntum
947 4287 1025 4350 (Snut’
1037 4285 1130 4335 Andrea
1151 4276 1215 4329 dclln
1228 4283 1305 4347 llnllc)

129 4354 193 4405 duri.
229 4351 328 4417 Antiqui
347 4353 419 4415 igitur
429 4354 532 4404 ilc-bruci
550 4360 646 4419 practer
667 4353 702 4401 le·
736 4354 829 4418 populo
853 4370 933 4405 ramos
962 4353 1032 4403 rendi
1061 4360 1116 4399 cnm
1139 4341 1204 4392 dulci
1227 4352 1306 4403 lructu

128 4436 182 4484 gem
204 4421 324 4485 scriptam
345 4420 466 4473 hebebant
485 4422 603 4489 <praedam
626 4421 703 4472 undi-
735 4422 820 4486 (legno
839 4422 863 4472 dl
881 4420 947 4471 Snut’
964 4420 1058 4471 Audree
1074 4424 1121 4465 retr
