2886 4882
209 249 271 311 606
647 244 783 302 naum
805 243 945 301 PASTOR.

209 413 317 482 ταύτας
348 404 465 477 Βλέπω,
488 405 582 483 φῃμί,
603 401 701 507 κύριε,
722 400 810 481 ὅμοια
836 399 907 465 άντα
935 401 985 463 καὶ
1006 397 1085 481 ξηρά.
1124 395 1317 480 Ἀποκρνθεές
1336 422 1387 477 μοι

211 490 286 591 λέγει
318 494 416 550 Ταῦτα
436 485 471 550 τά
500 485 652 590 δένδρα“
634 512 653 548 α
674 486 788 586 βλέπεις
809 486 840 547 οἱ
859 490 1060 556 κατοικοῦντες
1089 483 1162 545 εἰσὶν
1182 482 1278 544 ἐν
1235 507 1276 567 τρι
1300 483 1388 545 αἰῶνι

211 571 311 639 τούτω
356 569 413 632 Διά
433 573 461 632 τέ
490 561 562 649 ούν,
585 573 674 651 φῃμί,
697 567 793 651 κύριε,
815 565 883 632 εύσεὶ
912 565 983 672 ξηρά
1013 568 1067 630 εἰσι
1096 567 1145 629 καὶ
1174 546 1282 646 δμῶάς
1305 563 1385 642 Ὅτι,

211 627 313 736 φῃσίν,
336 651 401 716 ούτε
423 678 451 716 οι
444 655 582 716 ’δίκαιοι
603 658 756 758 ραίνονται
779 649 844 715 ούτε
866 676 894 714 οι
886 649 1068 732 άμαρτωλολ
1083 649 1165 736 έντιγ
1151 651 1264 712 αἰῶνι
1282 646 1385 732 τούτρι,

212 739 264 802 ’
212 735 407 845 αλλ’ρμοιοί
435 739 521 800 ἰεσ·ιν
545 734 666 842 άγδιρ
669 734 742 799 οἰῶν
770 730 855 808 οὗτος
881 742 942 809 τοῖς
970 737 1095 807 δικαίοις
1115 714 1236 838 χειρῶν
1239 733 1316 808 έστι,
1338 712 1386 796 καλ

212 822 249 885 οὗ
270 824 425 900 φαίνονται
454 817 523 901 μετά
544 827 602 884 τῶν
623 819 801 922 ἁμαρτωλῶν
819 824 1029 892 κατοικοῦντες.
1062 815 1177 899 Ὥσπερ
1204 814 1258 923 γάρ
1293 817 1324 879 ἐν
1346 821 1386 879 τῶ

211 912 327 1008 χειμῶνι
348 931 383 967 τα
371 902 514 1006 δένδρα
534 902 624 984 άποβε
625 901 751 1008 βληκότα
771 899 807 964 τά
827 899 961 981 φύλλα”
944 926 1031 982 ομοια
1022 898 1114 978 ’,εἰσι
1137 897 1239 963 κάλ’
1206 926 1242 964 ου
1265 880 1388 978 φαίνον-

211 1013 257 1052 ται
287 984 323 1051 τά
343 985 426 1093 ξηρά
443 984 514 1050 ποῖά
546 985 666 1051 εἰσιν”
645 983 721 1091 ῃτά
742 991 850 1062 ζῶντα,
879 984 972 1060 οὕτως
1000 985 1031 1048 ἐν
1052 990 1100 1086 τῷ
1119 986 1204 1048 αἰῶνι
1229 981 1323 1070 τούτῳ
1350 981 1388 1046 ού

214 1070 418 1152 φαίνονται’
389 1067 456 1133 ούτε
478 1072 508 1133 οἱ
528 1068 685 1135 δίκαιοι’
656 1068 722 1134 ούτε
735 1094 764 1132 οι
784 1066 955 1152 άμαρτωλοι,
971 1065 1044 1132 άλλά
1059 1048 1165 1142 πάντες
1182 1066 1282 1148 άμοιοί
1303 1049 1387 1130 εἰσιν.

465 1258 603 1316 ΑΡΧΗ
621 1258 800 1316 ΑΛΛΗΣ
820 1256 1145 1315 ΠΑΡΑΒΟΛΗΣ

289 1386 404 1463 Ἕδειξέ
433 1413 482 1467 μοι
511 1385 598 1452 πάλιν
629 1387 754 1491 δένδρα
754 1384 862 1463 πολλά,
885 1413 903 1448 α
887 1383 975 1467 “μέν
994 1388 1178 1466 βλαστῶντα,
1205 1378 1224 1445 δ
1252 1381 1286 1444 δέ
1303 1380 1387 1486 ξῃρά

215 1473 266 1576 κριί
286 1471 359 1578 λέγει
379 1496 430 1552 μοι
453 1472 589 1546 Βλέπεις,
613 1473 701 1577 ρῃσί,
724 1468 759 1532 τά
780 1470 884 1550 δένδρα
905 1475 1012 1546 ταῦτα;
1045 1468 1160 1544 Βλέπω,
1182 1467 1317 1570 ρῃμέμι
1297 1463 1388 1544 κύριε,

214 1547 1390 1754 “‘61365223’5'521:362130‘12025552320‘655„‘222330266202‘33‘

213 1718 306 1824 άγάρ
326 1719 438 1786 αἰῶν’
420 1748 436 1786 ο
460 1720 612 1826 ἐρχόμενος
633 1717 766 1825 θρόνος1
774 1722 832 1785 έστλ
845 1728 905 1796 τοῖς
927 1721 1061 1796 δικαίοις,
1083 1725 1142 1793 τοῖς
1164 1716 1195 1780 δέ
1208 1713 1390 1817 άμαρτωλοῖς

215 1829 328 1886 χειμων.
362 1805 456 1868 Ὅταν
483 1797 538 1868 ούν
558 1802 766 1907 ἐπιλάμψῃ
738 1831 769 1867 το
799 1806 876 1878 ἕλεος
896 1810 949 1866 τοῦ
978 1808 1100 1883 κυρίου,
1120 1799 1183 1865 τότε
1211 1795 1389 1882 φανερωθή-

215 1909 315 1989 σρνται
344 1889 374 1950 οἱ
399 1885 586 1961 δουλεύοντες
612 1894 651 1950 τῶ
671 1886 752 1970 θεῶ,
783 1888 831 1950 καλ
861 1887 966 1961 πάντες
995 1883 1270 1994 ρανερωθήσονται·
1292 1883 1389 1992 ρισπερ

217 1966 321 2069 γάρ
294 1975 334 2032 τῶ
355 1970 438 2046 θέρει
467 1967 532 2044 ένδς
561 1951 683 2032 ἑκάστου
712 1938 835 2075 δένδρου
857 1972 887 2032 οἱ
914 1971 1021 2051 καρποι
1042 1975 1236 2049 φανεροῦνται
1256 1994 1309 2032 και
1297 1968 1389 2031 ’έπι

217 2032 408 2136 γινώσκονται
429 2056 554 2117 ποταποί
576 2054 663 2132 εἰσιν,
694 2052 771 2117 ούτω
799 2053 848 2117 καὶ
869 2060 927 2117 τῶν
948 2056 1068 2118 δικαίων
1089 2078 1117 2117 οι
1109 2052 1244 2133 καρπολ
1264 2053 1390 2130 φανεροὶ

217 2137 330 2201 ἔσονται
350 2136 399 2200 καλ
430 2134 655 2244 γνωσθήσονιαι
687 2136 792 2212 πάντες
820 2161 849 2200 οι
878 2135 1013 2242 εὐθαλεῖς
1048 2134 1141 2211 ὅντες’
1170 2137 1201 2199 ἐν
1233 2142 1273 2220 τῶ
1303 2137 1390 2198 αἰῶνι

216 2219 326 2306 ἐκείνῳ
373 2217 415 2282 T&
446 2221 477 2284 δέ
505 2222 580 2301 έθνῃ
609 2247 659 2284 και
681 2246 709 2284 οι
701 2218 940 2326 άμαρτωλοί,
930 2246 948 2283 α
941 2216 1094 2295 ἐἰδες“
1065 2247 1100 2284 τα
1121 2215 1278 2323 δένδρα
1247 2245 1283 2281 τα
1302 2215 1389 2301 ξηρά

216 2311 342 2406 τριούτοι
373 2300 599 2406 εὑρεθήσονται,
629 2307 711 2388 ξρροι
740 2330 789 2368 και
811 2302 953 2412 άκριρποι,
956 2297 1016 2367 έν
1044 2305 1143 2409 ἐκείνρρ
1163 2309 1204 2389 τῷ
1224 2304 1319 2380 αἰῶνι,
1340 2302 1389 2364 καὶ

216 2384 257 2463 ῶς
278 2383 349 2464 ξύλα
370 2385 651 2469 κατακαυθήσονται,
673 2390 722 2452 καλ
737 2413 859 2494 ρανερρι
880 2386 1074 2491 660[6tat]⁸‘'
1058 2413 1101 2451 οτι
1123 2414 1142 2468 ῃ
1134 2367 1275 2489 ’πρᾶξις
1292 2383 1389 2449 αὐτῶν

215 2468 331 2576 πονηρά
351 2471 487 2578 γέγονεν
488 2472 520 2535 ἐν
541 2478 577 2577 τῇ
597 2476 678 2574 ζωή
676 2469 787 2535 αὐτῶν·
809 2496 838 2534 οι
830 2468 955 2617 ’βμὲν
924 2497 979 2554 γαρ
998 2467 1160 2574 άμαρτριλοι
1174 2469 1388 2549 καυθήσονται,

217 2580 262 2617 οτι
282 2554 411 2659 ήμαρτον
440 2580 491 2618 και
521 2552 556 2619 ού
579 2552 768 2660 μετενόησαν
797 2552 833 2618 τά
854 2554 885 2617 δέ
906 2555 980 2636 έθνῃ
1002 2551 1286 2636 κανθήσο[νται],”
1268 2577 1316 2617 οτι
1335 2550 1390 2616 ούκ

217 2636 393 2720 ἔγνωσαν
365 2663 416 2702 τον
437 2642 571 2702 κτίσαντα
593 2635 706 2712 αύτούς.
750 2635 796 2700 Σύ
811 2628 866 2701 οὖν
884 2637 1121 2746 καρπρφήρῃσον,
1145 2662 1193 2701 ινα
1204 2636 1237 2699 ἐν
1249 2661 1289 2699 τω
1275 2636 1390 2738 θέρει

217 2720 318 2784 ἐκείνω
338 2727 458 2867 γνωσθῇ
481 2741 534 2784 σου
555 2717 573 2785 ύ
594 2717 713 2820 καρπός.
754 2719 885 2824 Ἀπέχου
903 2718 977 2784 δε’
962 2719 1021 2785 απδ
1042 2729 1100 2786 τῶν
1120 2727 1234 2785 πολλῶν
1254 2701 1390 2822 τίράξεων

216 2805 267 2868 ναὶ
289 2786 373 2882 άύ[δέ
373 2810 455 2884 ποτε]
485 2802 572 2868 οὐδέν
600 2800 773 2906 διαμάρτῃς·
802 2830 830 2868 οι
843 2801 906 2905 γάρ
935 2802 970 2867 τά
991 2803 1082 2870 πολλὰ
1102 2801 1279 2886 πράσσοντες
1299 2799 1391 2867 πολλά

217 2912 267 2950 και
283 2883 487 2968 άμαρτάνουσι,
509 2885 722 2995 περισπώμενοι
727 2868 850 2968 περί
820 2914 872 2962 τας
893 2887 1010 2970 πράξεις
1030 2887 1127 2953 αἰετῶν
1148 2889 1198 2985 καί
1210 2887 1302 2990 μηδὲν
1322 2889 1389 2951 δου-

216 2967 348 3044 λεύοντες
369 2997 408 3034 τω
395 2973 518 3075 κυρίω
538 2971 689 3050 έ[αυτῶν].
735 2963 861 3045 Πῶς
826 2996 890 3048 ουν,
912 2970 1050 3076 φησίν,
1032 2999 1048 3036 ο
1071 2973 1201 3047 τοιοῦτος
1220 2968 1345 3078 δύνριταί
1363 2995 1390 3033 τι

218 3036 396 3156 αἰτήσασθαί
415 3051 494 3159 παρά
523 3061 574 3118 τοῦ
595 3057 715 3157 κυρίου
720 3079 767 3117 και
790 3058 905 3158 λαβεῖν,
932 3052 982 3157 μή
995 3053 1143 3120 δουλεύων
1163 3081 1202 3140 τρι
1222 3056 1331 3135 κυρ’;
1325 3053 1391 3117 ·Οἱ

219 3134 404 3210 δουλεύοντες
426 3134 520 3222 αύτῷ,
547 3138 652 3200 ἐκεῖνοι
678 3135 824 3243 λήψονται
853 3134 887 3199 τά
914 3135 1058 3240 αἰτήματα
1088 3135 1200 3214 αύτῶν,
1229 3139 1261 3201 οἰ
1307 3136 1321 3200 έ
1349 3133 1389 3217 μή

219 3216 404 3292 δουλεύοντες
431 3225 471 3304 τῷ
484 3185 607 3303 ιίυρίω,
638 3219 742 3327 ἐκεῐνρι
771 3217 858 3282 ούδέν
886 3219 1039 3302 λήψονται.
1088 3218 1160 3325 Ἐάγ
1188 3187 1220 3282 δέ
1249 3221 1365 3301 μέαντ
1348 3244 1392 3293 τις

217 3304 323 3406 πρᾶξιν
343 3283 511 3404 ἐργάσῃται,
533 3282 654 3365 δύύαται
674 3328 724 3365 και
750 3310 790 3389 τῷ
812 3306 903 3389 ιιυρίω
923 3307 1090 3368 δουλεῦσαι
1121 3301 1157 3368 ού
1185 3302 1253 3409 γάρ
1259 3307 1390 3407 διαφθα-

219 3383 343 3490 ρήσεται
356 3411 376 3466 ῃ
368 3381 514 3449 ’διάνοια
542 3382 633 3449 αύτοῦ
662 3382 719 3450 άτιδ
741 3369 793 3450 τάῦ
813 3368 934 3491 κυρίύν,
956 3385 1027 3450 άλλά
1048 3385 1199 3451 δουλεύσει
1218 3383 1298 3473 αύτῶ
1320 3387 1390 3467 έγων

219 3466 273 3549 τήν
295 3465 484 3533 διάνοιαν’
449 3477 541 3534 αυτού
562 3467 706 3574 καθαράν.
754 3476 852 3534 Ταῦτα
874 3461 928 3533 ούν
950 3468 1000 3534 ἐάν
1020 3468 1154 3576 ποιήσῃς,
1177 3449 1301 3534 δύνασάι
1322 3493 1389 3550 καρ-

218 3558 386 3652 τιοφορήσαι
408 3551 496 3627 εἰς
467 3579 519 3617 τον
533 3551 669 3617 αἰῶνα
640 3578 692 3616 τον
713 3550 888 3634 ἐρχόμενον
900 3552 987 3616 καὶ“
971 3580 1004 3628 ος
1025 3552 1062 3618 άν
1077 3561 1167 3617 ταῦτα
1179 3551 1298 3640 ποιήσῃ,
1320 3577 1389 3633 καρ-

217 3653 389 3715 ποφορῃσει.

450 3824 589 3884 ΑΡΧΗ
607 3823 791 3886 ΑΛΛΗΣ
818 3824 1141 3888 ΠΑΡΑΒΟΛΗΣ

303 3943 321 4002 Ι.
366 3934 526 4017 Νῃστεύων
560 3938 609 3999 καλ
637 3935 810 4040 καθήμενος
838 3933 926 4010 εἰς”
908 3961 978 4019 ορος
1010 3963 1038 4002 τι
1065 3939 1115 4002 καλ
1146 3935 1322 4022 εὐχαριστῶν
1351 3942 1390 4021 τρῖ

216 4022 312 4108 κορίςο
333 4019 399 4102 περὶ
419 4019 528 4084 τούτων
546 4013 591 4083 ῶν
611 4019 729 4101 ἐποίησε
748 4043 799 4101 μετ
801 4015 914 4100 ’ἐμοῦ,
935 4019 1083 4102 βλέπω
1053 4047 1105 4086 τον
1125 4020 1248 4102 ποιμένα
1260 4045 1390 4105 παρακα

272 4192 330 4241 Sim
348 4181 791 4256 Ν.1λθρονοςοιοιαοοδίιιιιι
877 4189 904 4252 3)
923 4190 994 4239 Uncis
1010 4190 1101 4239 ιοοίιιιι
1128 4189 1175 4239 hoc
1199 4188 1254 4239 Ιοοο
1271 4205 1317 4238 nee
1335 4202 1388 4238 τιιο

219 4259 257 4308 ed
275 4272 312 4320 pr.
330 4265 397 4307 ιιοῑιι
414 4271 469 4306 esse
473 4255 572 4337 θέρος
589 4253 763 4316 corrigendum.
822 4256 878 4306 alibi
897 4272 909 4305 ι
928 4258 997 4307 tineis
1016 4264 1157 4320 οοιιειιωρλε
1174 4265 1238 4306 sunl.

268 4326 296 4384 2)
322 4324 350 4372 οἱ
367 4322 497 4377 εύθαλεις
513 4335 605 4379 ortes:
624 4321 699 4371 haec
694 4336 716 4369 ιιι
732 4321 786 4371 cod.

219 4388 256 4437 bis
277 4390 367 4451 scripta
385 4398 447 4440 sunt.
