2886 4882
431 175 452 233 l.
473 173 663 233 ctunuttts
685 174 728 232 dli
751 174 822 233 COR,
844 174 888 233 ΙΙΙ.
910 173 951 231 Ν.
973 174 1004 232 V.
1269 176 1307 237 51

116 376 119 381 -
155 342 234 418 ’φῶ
254 348 358 399 contu
376 340 527 417 gloriosos,
548 341 709 417 insipientes
731 350 826 399 contm
847 341 993 416 sapientes,
1015 343 1127 400 iuvenes
1149 351 1244 401 contra
1266 362 1308 404 se·

154 442 217 483 rests
235 427 464 483 iuurrexeruut.
505 424 581 483 llanc
610 426 646 483 ob
676 443 784 483 causam
813 423 911 500 procul
940 425 1039 482 absunt
1067 427 1168 484 iustitia
1197 435 1224 484 et
1245 447 1305 504 pan,

153 528 189 567 ι
205 510 404 584 unnsquisque
426 509 474 566 llei
497 510 621 567 timorem
644 509 766 578 deserat,
788 517 816 565 et
837 509 864 564 in
887 505 940 564 lide
963 509 1022 564 eius
1044 512 1194 580 caecutiat,
1217 529 1306 587 neque

151 592 304 651 insumus
326 600 543 667 praeceptorum
565 593 624 650 eius
645 592 776 661 ambulet,
797 601 842 648 aut
862 591 941 647 vitam
963 590 1070 648 Christo
1089 593 1197 668 dignam
1217 596 1305 670 degat,

148 678 178 733 el
193 676 349 733 standum
375 692 472 751 pravas
495 676 580 753 ipsius
602 677 841 753 concupiscentias
863 674 985 743 incedat,
1008 674 1127 750 iniquam
1150 685 1177 733 et
1198 679 1306 754 impiam

150 760 244 817 ndum
268 759 457 828 resumendo,
479 776 531 834 per
551 777 631 834 quam
652 778 728 817 murs
751 761 776 816 in
799 758 928 816 muudum
950 758 1066 815 intravit.

157 925 185 983 ll,
219 926 320 985 Uultu
342 927 425 985 mala
447 944 482 984 eu
503 926 553 983 boc
572 926 648 1001 sonte
668 929 725 984 ium
748 928 871 1000 aedquis
891 925 1057 1000 temporibus
1074 929 1277 1001 probauerunt.

199 1043 247 1102 Sic
271 1045 354 1102 enini
382 1044 514 1118 scriptum
543 1051 599 1100 est:
628 1051 666 1112 ,et
688 1042 787 1100 lactum
809 1052 852 1101 est
874 1051 936 1118 post
958 1043 1031 1111 dies,
1062 1043 1159 1100 obtulit
1181 1044 1244 1101 Cain
1272 1063 1305 1103 en

144 1127 253 1185 limbus
277 1136 376 1185 terrae
400 1126 564 1184 sacrificium
586 1126 716 1194 Pomiu03
737 1128 804 1184 Abel
826 1136 914 1184 autem
943 1127 1041 1183 obtulit
1063 1128 1171 1201 etipse
1194 1128 1228 1184 de
1250 1131 1303 1204 pri·

143 1211 265 1284 ngenitis
288 1212 387 1268 osirim
409 1227 519 1267 suarum
544 1210 626 1266 etde
648 1209 773 1284 adipibus
796 1228 896 1269 earum.
938 1209 971 1266 ttt
993 1212 1113 1285 respexit
1128 1210 1199 1268 Peus
1220 1229 1305 1287 super

141 1294 184 1349 tlrl
204 1303 234 1351 et
256 1311 486 1369 supermontem
509 1295 585 1363 eius3
613 1309 697 1368 super
719 1293 784 1351 Cain
812 1303 901 1351 autem
929 1302 957 1350 et
976 1311 1060 1369 super
1088 1295 1222 1352 sacrificia
1244 1296 1303 1354 eius

138 1393 173 1433 rin
191 1377 330 1435 advertit.
372 1377 407 1434 Et
426 1377 602 1434 contristatus
626 1385 668 1434 est
691 1376 754 1433 Cain
778 1378 864 1447 valde,
888 1385 916 1434 et
937 1376 1058 1434 concidit
1080 1379 1153 1435 uultu
1176 1396 1235 1435 suo.
1271 1378 1303 1437 Et

137 1460 273 1520 mausus
298 1460 337 1519 aii
360 1461 439 1519 tana:
461 1477 545 1534 quare
560 1460 643 1517 tristis
666 1461 754 1517 lactus
776 1479 815 1530 es,
838 1469 867 1518 et
881 1477 965 1534 quare
988 1463 1108 1518 concidit
1120 1462 1209 1519 vultus
1223 1465 1303 1520 tuusl

134 1543 219 1615 lettre,
243 1544 271 1603 si
293 1552 376 1603 recte
396 1543 506 1613 oderas,
528 1552 691 1601 nouantem
713 1553 787 1602 recte
810 1544 931 1612 dividas,
951 1546 1093 1619 peccastii
1116 1546 1248 1615 Quiesce,
1270 1547 1304 1603 ad

133 1629 324 1689 ementitur
347 1627 451 1685 donum
473 1636 556 1697 tuum,
579 1636 607 1684 et
628 1636 690 1684 tuac
712 1628 810 1685 iterum
832 1629 885 1685 erit
905 1629 1057 1702 potcstatis.
1100 1628 1132 1684 lit
1152 1629 1218 1687 dixit
1240 1628 1303 1687 Cain

132 1710 239 1770 ΗΜ
263 1710 384 1769 lratmm
406 1728 502 1768 suum:
524 1719 694 1768 transeamus
717 1712 744 1769 in
760 1728 892 1786 campum.
935 1711 968 1768 Et
989 1710 1153 1778 factumest,
1176 1712 1239 1769 dum
1261 1730 1303 1771 es·

132 1804 179 1852 unt
198 1796 230 1852 in
253 1811 377 1869 campo,
398 1795 517 1852 surrexit
538 1794 602 1852 Caio
627 1811 712 1868 super
733 1795 798 1853 luet
821 1795 930 1852 fratrem
952 1812 1031 1852 suum
1054 1803 1081 1852 et
1102 1796 1203 1853 occidit
1224 1794 1304 1854 eum!

130 1876 231 1947 imus,
256 1877 374 1949 tratres,
396 1888 511 1955 propter
524 1877 611 1934 zelum
635 1885 663 1935 ct
684 1878 809 1935 invidiam
828 1878 1007 1936 fratricidium
1025 1880 1208 1937 commissum.
1237 1881 1302 1938 Pro·

131 1970 181 2033 pter
206 1960 305 2021 selum
327 1968 408 2036 pater
433 1968 531 2019 noster
552 1961 635 2018 iacob
658 1978 673 2018 a
693 1962 762 2019 lacie
791 1962 884 2019 iratris
907 1964 950 2020 sui
969 1962 1039 2019 Esau
1068 1964 1178 2037 aufugit
1221 1965 1302 2022 Zelus

130 2044 220 2115 eiecit,
244 2052 283 2101 ut
304 2044 404 2119 loseph
426 2045 460 2102 ad
480 2053 596 2101 mortem
618 2062 705 2119 usquc
726 2047 915 2121 exagitaretur,
937 2055 964 2103 ct
984 2064 1072 2122 usque
1094 2047 1128 2104 ad
1146 2048 1303 2105 servitutem

129 2128 283 2186 medena.
327 2126 407 2186 Zelus
427 2127 531 2185 llosem
553 2146 568 2184 a
591 2127 659 2184 lacis
671 2129 819 2186 Pharaonis
841 2130 915 2205 regis
936 2131 1053 2205 Aegypti
1074 2130 1170 2205 lugere
1192 2148 1302 2206 compu-

130 2210 250 2280 ll,cum
274 2209 436 2286 popularem
458 2228 535 2267 suum
551 2211 686 2269 dicentem
708 2213 831 2269 audiret:
869 2213 941 2286 ,quis
964 2223 990 2271 te
1014 2214 1154 2270 coustituit
1173 2215 1303 2271 arbitrum

130 2303 169 2350 nt
188 2294 316 2351 iudicem
341 2309 425 2368 super
452 2295 523 2351 nost
555 2293 690 2369 Nuiisquid
717 2304 746 2352 tu
774 2297 813 2351 vis
836 2313 880 2353 me
901 2296 1045 2363 occidere,
1076 2295 1303 2368 quemadmodum

129 2376 256 2434 recidisti
279 2377 341 2434 lteri
364 2375 554 2452 Acgyptiuiul‘
587 2378 704 2452 Propter
725 2379 812 2434 zelum
832 2382 921 2434 Aaron
945 2387 973 2434 et
989 2377 1097 2435 blaciam
1119 2387 1192 2434 entra
1215 2388 1303 2436 castra

129 2458 256 2519 stabulati
278 2466 353 2519 suut
393 2460 472 2517 Zelus
492 2461 595 2519 Dadiau
618 2469 646 2518 et
666 2460 766 2517 llliirou
793 2462 867 2517 vivos
886 2459 919 2516 ad
942 2460 1046 2518 inferos
1068 2459 1197 2527 detrusit,
1229 2462 1304 2531 quod

130 2559 185 2601 eun
206 2541 290 2602 lose
314 2542 361 2601 Pei
380 2543 479 2601 famido
501 2544 631 2601 sediu'osc
654 2543 860 2600 contenderent
902 2542 1017 2616 Propter
1038 2540 1127 2598 zelum
1144 2540 1225 2597 llarid
1248 2558 1302 2597 uon

130 2634 233 2684 mm
256 2626 472 2700 alienigenarum
494 2628 619 2685 inuidiam
641 2628 784 2698 sustinuit,
815 2628 864 2684 sed
890 2641 986 2700 regem
1013 2625 1092 2683 etiam
1114 2624 1178 2681 Saul
1206 2641 1302 2700 perse·

130 2720 256 2770 tutorem
280 2717 409 2785 expertus
431 2718 481 2767 est

130 2876 157 2934 l.
199 2878 268 2937 Nost
289 2878 399 2939 nitroso
421 2879 577 2936 novissimis
597 2880 763 2953 temporibus
790 2880 855 2939 iude
880 2886 944 2937 orta
971 2883 1035 2935 sumt
1054 2876 1141 2934 mula.
1183 2876 1258 2932 Petri
1278 2883 1304 2932 et

582 2978 667 3035 Pauli
686 2981 861 3052 martyrium.

215 3092 273 3152 Sed
293 3103 324 3151 ut
345 3102 435 3152 uetera
456 3093 577 3169 exempla
591 3094 785 3168 relinquamus,
809 3094 842 3151 ad
863 3095 1003 3170 proximos
1024 3092 1137 3149 athletas
1156 3090 1304 3147 veniamus.

131 3177 223 3235 Secnli
246 3179 335 3234 nostri
357 3194 490 3253 generosa
513 3178 633 3253 exempla
655 3195 847 3254 proponamus.
890 3179 1007 3252 Propter
1023 3176 1109 3233 zelum
1130 3173 1304 3243 etinvidiam,

131 3261 176 3331 qni
201 3260 332 3318 munnae
353 3269 382 3319 et
401 3261 565 3319 iustissimae
587 3262 720 3320 ccclesiae
732 3263 873 3321 columnae
885 3269 969 3331 erant,
993 3259 1213 3335 persecutionem
1230 3258 1304 3334 passi

130 3430 226 3487 pectore
247 3424 332 3483 diviso,
352 3425 439 3488 absque
451 3424 600 3488 simplicitate
617 3422 704 3471 sordis.
789 3421 817 3484 8)
835 3422 892 3472 Gru.
912 3422 952 3481 rt,
970 3422 1000 3471 dl
1015 3436 1069 3485 sqq.
1106 3421 1147 3470 lls.
1167 3420 1191 3469 in
1211 3419 1306 3469 casibus

133 3490 207 3541 liolte
231 3489 269 3553 (iu
293 3490 410 3541 Scheiner
434 3499 479 3541 etc..
507 3488 644 3541 Zeitschrilt
667 3489 705 3538 latr
739 3489 845 3554 obliquis
863 3490 1005 3552 pli-rumque
1015 3488 1108 3537 exhibet
1120 3487 1198 3552 ζῆλος
1208 3495 1306 3538 neutra-

132 3558 333 3608 manducate
353 3555 705 3623 tt,t.p.tt9.)c0niicitte-
738 3558 799 3607 liter.
830 3556 895 3607 Wott.
931 3558 979 3605 tltr.
1004 3557 1053 3618 lgu.
1086 3556 1117 3605 ad
1139 3555 1213 3605 Trall.
1239 3571 1260 3604 c.
1281 3555 1305 3605 l.

133 3625 241 3689 gendum
265 3640 332 3677 esse:
357 3623 453 3695 ὀρθῶς
479 3622 512 3677 bt
538 3621 578 3693 μὴ
600 3620 706 3695 daubis
739 3623 770 3676 rb
789 3621 998 3691 γὰρζῆλοςκτλ.
1032 3623 1107 3673 Etiam
1127 3621 1158 3674 rd
1171 3617 1307 3675 ὕσσωπον

132 3708 169 3743 sc.
195 3689 231 3745 rb
251 3687 487 3763 προσφερόμενον
510 3693 525 3743 i.
543 3709 563 3742 c.
587 3695 608 3742 εἰ
628 3695 704 3742 rucri-
738 3692 812 3742 habes
829 3693 854 3741 in
873 3691 949 3741 Codd.
968 3692 1023 3742 blss.
1039 3691 1083 3754 Ep.
1101 3691 1223 3742 barnabae
1241 3706 1261 3739 c.
1282 3689 1306 3740 8.

132 3762 213 3823 ficium
230 3769 356 3812 correcte
375 3763 493 3821 diuisisti,
515 3760 629 3824 optimam
648 3775 705 3823 par·
738 3767 788 3809 not.
809 3759 846 3809 16.

134 3836 183 3878 ten
201 3827 244 3877 ribi
260 3829 390 3879 retinuisti.
418 3828 446 3878 ll.
463 3829 501 3878 erl.
518 3829 553 3877 tv.
791 3842 818 3905 9)
836 3842 894 3893 gg„¹
908 3843 948 3893 37⁸

186 3893 215 3959 5)
233 3896 282 3947 le.
293 3912 351 3946 ame
362 3896 707 3978 uoitrecipiturdouumtuum,
794 3908 837 3974 10)
856 3912 931 3961 ΕΜ,
951 3911 974 3970 p,
995 3910 1032 3961 qq·

135 3963 220 4045 uoto:
241 3961 316 4033 autc
340 3965 391 4015 σοῦ
413 3980 430 4028 η
455 3959 638 4042 anmfuoupi,
656 3960 706 4015 ab·
792 3976 833 4041 tt)
852 3980 920 4030 uam.
941 3979 979 4038 ir,
1000 3978 1038 4029 ta.
1058 3979 1097 4029 15.

137 4046 187 4082 ων
204 4046 219 4080 t
237 4046 259 4082 e.
278 4048 293 4081 n
312 4037 334 4081 te
354 4037 429 4083 ertum
445 4037 481 4081 est
503 4032 582 4082 odium
601 4031 676 4080 illius.
792 4045 833 4110 η)
852 4047 920 4096 Num.
942 4047 981 4107 16,
999 4047 1039 4097 33,

137 4167 390 4253 mfm'e'dm'lm
403 4181 580 4231 ‘ml'm‘lm’
618 4164 706 4242 'em‘
739 4199 847 4259 inuideri,
866 4198 962 4263 phrasis
980 4197 1041 4246 benc
1059 4208 1152 4257 graeca.
1178 4190 1234 4241 tter.

189 4235 213 4297 i)
231 4244 440 4301 κατειργασατο
458 4233 495 4283 ed.
513 4248 563 4296 pn,
587 4232 652 4296 qued
669 4246 707 4281 iu-

137 4302 184 4352 rito
204 4303 248 4352 Ua.
271 4301 382 4353 nonnulli
407 4307 527 4351 mutarunt
551 4301 576 4349 in
598 4313 707 4369 nortep-
789 4298 847 4363 Cap.
858 4299 883 4348 tt.
921 4298 945 4361 l)
963 4297 1004 4348 Sic
1018 4296 1065 4344 luc.
1082 4292 1210 4358 supplerit,
1226 4292 1306 4358 spatio

135 4363 270 4436 ptumo.
744 4363 1109 4472 locuuueacciuatinsdimensq.
1132 4361 1181 4415 Cir.
1193 4360 1307 4423 catut.

371 4446 374 4457 ¹
1066 4447 1083 4497 4
