2886 4882
194 226 255 291 208
527 226 725 287 llllll'Ylllllll
746 227 773 285 S.
795 227 929 286 lunnnu.
959 227 980 287 l.
1001 227 1034 289 ll.

305 484 587 540 ΜΑΡΤΥΡΙΟΝ
612 483 705 537 ΤΟΥ
728 483 868 538 Arion
892 485 1263 540 ΙΕΡΟΜΛΡΤΥΡΟΣ

465 567 693 622 ΙΓΝΛΤΙΟΥ
717 568 811 623 ΤΟΥ
837 569 1095 624 θΕΟΦΟΡΟΥ.

373 713 391 768 l.
433 713 538 789 lpnotli
559 730 628 769 euro
646 715 799 787 pastoralis
818 723 844 768 et
863 717 993 785 martyrii
1015 717 1190 772 desiderium.

268 818 362 903 ’Ἀρτιι
390 817 595 899 διαδεξαμένου
624 816 677 900 τήν
696 816 849 901 Ῥωμαίων
880 818 972 902 άρχήν
997 828 1157 905 Τραϊανοῦ,
1175 818 1367 906 Ἰγνάτιος,ό

194 912 247 969 τοῦ
268 900 430 968 ἀποστόλου
448 900 585 965 Ἰωάννου
607 900 770 984 μαθητής,’
792 900 867 987 ἀνήρ
888 899 938 985 ήνΒ
960 913 1020 980 τοῖς
1049 911 1139 970 πᾶσιν
1166 902 1366 980 ἆποστολικδς,

194 990 244 1052 καί
265 987 405 1069 ἐκυβέρνα
425 982 479 1066 τήν
500 987 653 1066 ἐκκλησίαν
670 983 840 1066 Ἀντιοχέων
859 989 999 1069 ἐπιμελῶς
1010 991 1029 1065 ,⁴
1051 988 1131 1064 τοῦςέ
1150 989 1241 1052 πάλαι
1266 997 1367 1070 χειμῶ-

193 1097 248 1147 νας
269 1069 351 1152 μόλις
372 1065 547 1152 παραγαγῶν
567 1075 625 1132 τῶν
645 1077 759 1133 πολλῶν
780 1071 828 1134 ἐπί
848 1079 1030 1152 Δομετιανοῦ
1051 1075 1201 1156 διωγμῶν,
1230 1071 1366 1153 καθάπερ

164 1153 371 1236 ,κυβερνήτης
399 1149 528 1237 ἀγαθός,
556 1158 597 1237 τῷ
625 1154 704 1216 οίακι
731 1159 784 1234 τῆς
810 1161 972 1237 προσευχῆς
999 1155 1049 1218 καὶ
1076 1164 1127 1237 τῆς
1147 1159 1294 1236 νηστείας,
1316 1156 1366 1218 καί

192 1244 228 1326 τῇ
249 1241 378 1319 συνεχεία
398 1243 450 1316 τής
470 1236 670 1312 διδασκαλίας,
691 1241 731 1322 τῷ
751 1234 827 1324 τόνφ
847 1245 888 1324 τῷ
913 1241 1126 1325 πνευματικῷ,“
1153 1237 1227 1319 πρός
1247 1237 1299 1320 τήν
1320 1236 1365 1314 ζ’.

194 1329 249 1402 λην
274 1319 327 1402 τήν
354 1319 551 1399 αντικετμίνην
578 1317 719 1400 ἀντεῖχεν·
747 1319 885 1396 δεδοικὼς
907 1319 948 1403 μή
969 1347 1032 1384 τινα
1053 1330 1112 1386 τῶν
1142 1320 1365 1407 όλιγοψόχωνή

195 1402 403 1486 άιιεραιοτέρων
424 1399 565 1488 άποβάλη.
613 1409 774 1487 Τοιγαροῦν
793 1401 971 1487 ηὐφραίνετο
992 1405 1045 1486 μέν
1066 1407 1114 1470 ἐπὶ
1133 1413 1173 1493 τῷ
1194 1413 1246 1487 τής
1266 1409 1365 1487 ἐκκλη-

194 1490 260 1562 σίας
287 1485 449 1574 άσαλεότςο,
478 1485 666 1567 λωφήσαντος
692 1484 767 1570 πρός
796 1488 894 1573 ὀλίγον
924 1495 977 1552 τοῦ
1010 1492 1153 1573 διωγμοῦ·
1174 1486 1313 1571 ἤσχαλλεν
1334 1490 1366 1553 δέ

193 1569 267 1636 καθ’
292 1569 412 1654 ἑαυτὸν,
435 1569 475 1645 ῶς
495 1567 582 1651 μήπω
609 1576 663 1651 τῆς
686 1567 777 1645 ὄντως
804 1573 846 1647 είς
869 1569 995 1654 Χριστόν
1022 1570 1136 1657 ἀγάπης
1164 1571 1364 1654 ἐφαψάμενος,

194 1656 267 1736 μηδὲ
287 1663 340 1738 τῆς
356 1656 464 1728 τελείας
481 1661 534 1717 τοῦ
554 1659 691 1735 μαθητοῦ
719 1653 831 1730 τάξεως.
869 1653 998 1720 Ἐνενόιι
1024 1655 1078 1740 γάρ
1104 1653 1157 1738 τήν
1184 1655 1232 1719 διὰ
1258 1682 1364 1738 μαρτυ-

195 1742 262 1817 ρίου
292 1740 446 1823 γινομένην
477 1734 632 1821 ὁμολογίαν
665 1742 765 1800 πλεῖον
796 1735 886 1801 αῦτῦν
920 1746 1162 1822 προσοικεωῦσαν
1195 1748 1234 1827 τῷ
1262 1743 1362 1826 κυρίῳ.

185 1819 284 1885 Ὅθεν
307 1824 397 1885 ἐτεσιν
418 1817 527 1902 ὀλίγοις
548 1821 588 1883 ἐτι
615 1820 790 1902 παραμένων
817 1827 852 1908 τῇ
878 1822 1030 1907 ἐκκλησίᾳ,
1058 1825 1108 1888 καί
1133 1821 1250 1904 λόχνοτί
1279 1826 1364 1905 δίκην

193 1907 300 1967 θεῖκοῦ
321 1901 375 1984 τήν
398 1901 519 1965 ἑκάστου
540 1904 671 1981 φωτίζων
691 1900 825 1967 διάνοιαν
846 1903 895 1967 διά
915 1911 968 1986 τῆς
995 1913 1054 1969 τῶν
1083 1909 1216 1986 [θείωνβ
1244 1913 1366 1992 γραφῶν

192 1984 367 2081 ἐξηγήσεως,
389 1985 577 2070 ἐπετύγχανεν
597 1991 655 2048 τῶν
673 1983 737 2048 κατ’
763 1983 857 2068 εῦχήν.

417 2172 420 2177 ·
473 2153 506 2212 ll.
551 2152 679 2227 Ιςκολίαι
699 2171 718 2210 o
742 2153 865 2208 Ιλοίυκο
886 2154 1092 2212 condemnatur.

281 2267 428 2344 Τραϊανοῦ
448 2257 503 2345 γάρ
523 2257 594 2342 μετά
614 2266 705 2323 ταῦτα
725 2255 843 2345 ἐννάτφι
865 2257 920 2322 ἐτει
935 2264 987 2338 τής
1000 2255 1091 2322 αὐτοῦ
1104 2261 1260 2340 βασιλείας,
1279 2259 1365 2341 ἐπαρ-

195 2340 302 2420 θέντος
323 2345 370 2408 ἐπί
390 2351 426 2432 τή
448 2347 515 2432 νίκη
535 2350 571 2432 τῇ
592 2340 665 2409 κατά
686 2349 819 2407 Σκυθῶν
840 2342 890 2404 καί
911 2341 1030 2405 Δακῶῶ
1051 2343 1100 2405 καί
1122 2342 1224 2447 ίτέρωγ
1251 2350 1366 2406 πολλῶν

195 2427 302 2507 ἐθνῶν,
322 2428 373 2492 καὶ
394 2429 565 2508 νομίσαντος
586 2427 627 2491 ἐτι
648 2428 756 2491 λείπειν
775 2423 855 2572 αῦτγλ
874 2422 948 2508 πρός
968 2431 1065 2489 πᾶσαν
1084 2423 1233 2511 ῦποταγην
1253 2424 1286 2491 τό
1307 2433 1366 2490 τῶν

193 2518 364 2595 χριστιανῶν
391 2511 528 2594 θεοσεβὲς
556 2508 702 2592 σῦστημα,
734 2510 786 2574 καί
812 2533 826 2573 ε
865 2507 905 2590 μή
933 2506 986 2591 τήν
1013 2514 1071 2572 τῶν
1093 2510 1252 2593 δαιμόνωνΒ
1273 2511 1365 2573 ἕλοιτο

193 2598 327 2679 λατρείαν
347 2592 417 2676 μετὰ
437 2592 555 2660 πάντων
575 2591 736 2658 ῦπεισιέναι
757 2599 815 2657 τῶν
835 2593 944 2669 ἐθνῶν,
966 2591 1094 2699 διωγμόν
1113 2593 1267 2675 ῦπομένειν
1287 2591 1364 2656 άπει-

193 2678 349 2761 λήσαντος,
369 2676 492 2753 πάντας*
512 2674 581 2752 τοῦς
602 2675 728 2758 εῦσεβῶς
748 2682 854 2752 ζῶντας
875 2673 896 2757 ἢ
915 2672 1003 2739 θύειν
1022 2702 1042 2756 η
1063 2684 1197 2741 τελευτᾶν
1226 2675 1365 2761 κατηνάγ-

195 2766 288 2837 καζεν.
335 2761 407 2825 Τότε
427 2764 527 2825 τοίνυν
547 2763 694 2841 φοβηθείς
721 2757 794 2838 ῦπέρ
820 2764 873 2838 τῆς
889 2757 1059 2839 Ἀντιοχέων
1085 2760 1239 2841 ἐκκλησίας
1260 2755 1277 2821 δ
1304 2785 1365 2844 γεν-

195 2852 278 2918 ναῖος
298 2850 350 2907 τοῦ
375 2850 503 2925 Χριστοῦ
525 2840 713 2924 στρατιώτης,
733 2841 885 2914 ἐκουσίωςΒ
903 2837 987 2923 ήγετο
1018 2839 1093 2921 πρὸς
1117 2841 1275 2924 Τραϊανόν,
1303 2841 1365 2904 διά-

194 2951 283 3011 γοντα
304 2927 355 3008 μὲν
374 2924 439 2991 κατ’
464 2927 574 2990 ἐκεῖνον
594 2922 647 2987 τόν
665 2922 769 3007 καιρόν
790 2920 864 2987 κατά
882 2920 936 3003 τήν
953 2920 1146 3004 Ἀντιόχειαν,
1167 2923 1365 2999 σπουδάζοντα

195 3008 228 3072 δέ
248 3010 295 3072 ἐπὶ
311 3007 467 3092 Ἀρμενίαν
486 3009 536 3071 καί
558 3005 712 3087 Πάρθους.
730 3017 735 3025 ’
754 3002 806 3081 Ὡς
827 3004 859 3068 δέ
885 3003 958 3068 κατά
986 3005 1144 3087 πρόσωπον
1169 3010 1235 3090 ἔστη
1260 3015 1365 3091 Τραϊα·

245 3180 303 3242 Cup.
320 3180 337 3229 l.
375 3179 398 3243 l)
417 3180 504 3229 Notum
523 3188 575 3249 est²
596 3176 722 3227 Troianum
740 3189 761 3223 ο.
796 3176 851 3226 dum
869 3177 975 3233 ridetur,
1000 3178 1115 3240 ignatium
1138 3178 1212 3228 luisse
1230 3179 1362 3228 eruditorem

194 3245 228 3297 us
245 3260 269 3309 p.
288 3245 344 3296 Chr.
356 3262 378 3296 n.
396 3248 488 3297 Nervae
505 3244 645 3310 Imperatori
664 3257 762 3292 succes·
797 3244 822 3296 S.
840 3245 947 3306 loannis,
972 3245 1027 3294 licet
1055 3246 1084 3295 de
1115 3255 1223 3311 tempore
1254 3255 1276 3295 el
1299 3246 1362 3301 loco,

193 3312 263 3362 elsae.
305 3314 360 3364 Sive
393 3322 470 3364 entem
498 3315 602 3376 lgnetius
630 3309 762 3360 secuudum
796 3312 846 3362 sire
867 3312 891 3360 in
917 3312 1064 3373 Palaestino,
1092 3313 1142 3362 sire
1167 3314 1290 3377 insyria,
1313 3314 1362 3361 sive

195 3378 316 3429 llseerium
334 3388 358 3430 et
375 3381 505 3432 llurtonunt
524 3397 544 3432 o.
563 3382 607 3431 101
623 3377 761 3441 martyrium
796 3379 877 3441 potius
895 3395 940 3428 uno
961 3394 1014 3428 curn
1033 3382 1057 3430 S.
1076 3380 1210 3445 Polycarpo
1229 3381 1305 3444 (quod
1323 3395 1362 3428 ns-

194 3446 276 3507 subiit,
293 3447 343 3497 sire
360 3464 382 3498 a.
402 3450 448 3500 112
467 3449 598 3498 secundum
620 3447 694 3505 ulios,
712 3445 761 3494 sive
795 3447 884 3495 seritur
905 3462 925 3495 e.
948 3447 982 3510 3.)
1006 3447 1030 3495 in
1054 3447 1107 3497 Asin
1134 3449 1233 3507 Minori,
1257 3448 1362 3496 nondum

195 3527 218 3563 ε.
236 3514 293 3575 115,
310 3516 345 3565 uti
364 3515 457 3566 videtur
474 3515 623 3575 Greswellio‚
640 3514 689 3561 siro
708 3511 762 3574 opi·
797 3521 897 3562 eonslet.
923 3513 1004 3562 smol.

193 3581 306 3631 uentibus
323 3582 446 3632 Pearsono
464 3592 488 3633 et
506 3583 601 3632 Clerieo
615 3598 636 3630 o.
649 3580 702 3639 116,
719 3593 763 3628 vox
848 3580 875 3643 ³)
894 3580 956 3642 lego
974 3578 1004 3631 ἐν
1021 3595 1066 3643 pro
1086 3570 1126 3644 ήν,
1146 3581 1210 3645 quod
1231 3581 1255 3629 in
1274 3580 1362 3631 Codice

188 3640 263 3714 Ἄρτι
273 3663 322 3698 non
335 3649 364 3698 de
375 3650 520 3713 imperatore
533 3665 609 3712 nuper
617 3649 681 3697 lucto
694 3646 765 3694 intel·
798 3661 843 3694 suo
860 3662 908 3695 non
927 3647 1030 3696 halrebut
1048 3656 1092 3697 vet.
1109 3649 1161 3707 lut,
1180 3648 1297 3711 porticulo
1310 3648 1364 3707 καὶ,

195 3711 238 3777 ligi
255 3722 347 3779 potest,
365 3717 408 3766 sed
427 3718 457 3767 de
474 3717 570 3766 novello
588 3724 625 3764 est
642 3712 766 3777 cupienda.
801 3728 862 3777 quoe
881 3714 996 3776 seqnitur,
1019 3714 1104 3763 deleto.
1129 3716 1209 3764 δ’νιίιίι.

247 3782 275 3845 2)
292 3784 327 3832 De
347 3783 491 3846 discipulatu
510 3785 534 3833 S.
552 3782 635 3845 lguotii
652 3781 696 3830 suh
708 3794 764 3828 curu
850 3779 878 3842 4)
896 3781 953 3830 Voc.
970 3778 1117 3849 ἐπιμελῶς,
1136 3797 1206 3845 quiam
1219 3783 1363 3844 luterpretes

194 3856 219 3900 el
237 3849 386 3900 institutione
408 3852 433 3899 S.
449 3851 546 3899 loannis
564 3848 672 3912 Apostoli
691 3846 763 3896 ulturn
798 3854 853 3895 rell.
872 3847 1007 3910 excludunt,
1027 3849 1184 3897 Petonnonno
1202 3849 1279 3898 serius
1296 3849 1362 3896 ride·

194 3916 268 3967 silent
294 3917 432 3980 Scriptores
454 3916 632 3977 Ecclesiastioi3
662 3927 763 3978 quorum
797 3920 836 3961 tur
860 3914 948 3963 addito.
982 3914 1007 3963 ln
1036 3930 1123 3977 graeco
1148 3914 1288 3978 exemplari,
1315 3930 1362 3977 quo

212 3981 305 4048 leuique
317 3998 408 4045 omnes,
426 3982 450 4032 in
465 3982 605 4032 enarrandis
621 3984 763 4031 Sanctorum
797 3994 854 4028 usus
872 3988 907 4029 est
925 3982 1056 4041 Armenius,
1074 3982 1175 4031 subinde
1188 3982 1260 4031 luisse
1269 3980 1364 4028 videtur

218 4050 314 4115 myrtis
338 4050 463 4113 occupati,
492 4056 632 4113 parentum,
662 4047 762 4111 petrino,
797 4045 861 4103 τοὺς
885 4044 1004 4105 πολλοὺς
1020 4051 1166 4117 χειμῶνας
1187 4048 1364 4115 Δομετιανοῦ

194 4117 356 4183 nullumque
367 4116 513 4177 memorium,
526 4124 550 4165 ot
558 4108 693 4165 uuiversum
705 4113 762 4161 illo·
796 4115 845 4164 τοῦ
850 4109 1300 4184 βασιλέωςπαραγαγῶνααθάπερ
1306 4113 1363 4163 κτλ.

193 4194 248 4233 m
264 4184 326 4234 vitoe
342 4183 509 4248 praecedentis
521 4182 646 4242 rationem,
666 4180 761 4230 institu·
847 4180 874 4244 5)
890 4175 923 4238 ὃς
945 4190 1000 4231 onte
1024 4179 1088 4240 τοὺς
1111 4181 1194 4231 inserit
1217 4181 1318 4231 (λεαίνων
1343 4197 1363 4230 c.

192 4254 256 4310 tur,
286 4250 442 4315 reliquasque
470 4245 652 4320 περιστάσεις
675 4246 761 4297 litteris
793 4254 839 4297 vet
856 4247 900 4296 lnt
920 4247 999 4297 Goion.

193 4313 309 4365 undere
327 4317 481 4381 posterisque
498 4317 592 4367 trudere
606 4313 759 4379 neglexerint
845 4310 1245 4394 ο)11ε,ιῷπνςύμαω,ωιιε.
1272 4316 1364 4378 Legen-

119 4374 445 4600 ΑΜ
460 4386 574 4437 Actorum
590 4384 638 4435 llde
653 4390 760 4434 stutuen·
794 4381 850 4432 dum
867 4389 909 4430 σοι
925 4382 975 4433 τοῦ
991 4396 1161 4451 πνευματος,
1180 4391 1221 4434 out
1230 4383 1270 4451 τῷ
1281 4398 1364 4436 πνευ·
