2886 4882
517 251 689 309 umanum
709 252 879 312 austum.
908 252 938 310 Χ.
1222 328 1228 337 .
1273 254 1313 318 23

133 418 196 472 Tria
236 416 363 489 dogmata
400 419 426 472 in
465 417 601 474 intellectu
636 421 851 493 comprehendit.
901 422 986 478 Porro
1023 423 1059 478 ait
1094 422 1146 478 illis
1184 424 1312 483 Dominus

132 518 159 555 m
184 500 411 556 deuteronomio:
434 509 470 567 ,et
493 502 634 575 disponam
649 503 682 559 ad
700 503 831 577 populum
845 505 916 560 bunc
935 513 1078 578 praecepta
1096 504 1173 563 mea‘
1217 508 1312 565 Nonne

132 601 204 656 ergo
235 583 390 639 mandatum
421 584 468 640 llei
496 593 553 652 est,
583 602 617 641 ne
644 587 826 642 manducent?
870 587 929 655 Est,
964 587 1012 642 sed
1042 588 1130 644 lloses
1161 591 1188 646 iu
1214 592 1311 665 spiritu

133 667 245 721 locutus
279 675 328 722 est.
375 668 545 741 Quapropter
574 669 614 724 sic
644 667 753 735 ,sucm‘
781 672 832 736 ait,
865 671 941 743 quasi
975 670 1093 725 diceret:
1122 689 1177 728 nnn
1214 674 1312 730 adhae-

134 750 212 805 rebis
236 749 394 805 hominibus
420 750 531 817 talibus,
563 752 608 823 qui
631 752 733 808 similes
756 761 818 808 sunt
841 755 941 827 porcis.
986 752 1052 808 llam
1074 769 1135 808 cum
1158 755 1184 809 in
1207 756 1311 812 deliciis

132 835 236 900 visunt,
261 832 364 888 Domini
387 835 429 888 sui
450 833 659 900 obliviscuutar;
683 851 743 891 cum
757 845 845 892 autem
863 836 1047 892 destituuntur
1068 837 1240 904 necessariis,
1263 839 1312 894 llo·

132 918 241 971 minum
265 925 423 988 agnoscunt.
464 917 496 971 Et
517 917 626 990 quidem
650 935 765 991 porcus,
795 920 903 992 qnando
934 919 1065 984 comedit,
1095 919 1232 975 dominum
1256 937 1312 976 non

134 1001 226 1064 norit3
252 999 360 1071 quando
382 1007 471 1054 autem
489 1002 583 1068 esurit,
606 1000 715 1068 clamat;
738 1010 764 1058 et
785 1011 897 1074 accepta
918 1003 1014 1059 itcrnm
1036 1018 1098 1057 esea
1120 1009 1199 1060 tacet.
1250 1003 1314 1070 ,Nec

132 1080 341 1147 manducabis:
364 1084 466 1155 inquit,
489 1084 630 1156 aquilam,
651 1101 739 1157 neque
761 1087 931 1159 accipitrem,
956 1102 1043 1158 neque
1071 1084 1195 1152 milvum,
1223 1102 1312 1158 neque

133 1163 270 1221 corruam-⁴
311 1165 371 1221 Non
393 1166 562 1234 adhaerebis,
584 1167 656 1234 dicit,
680 1168 711 1223 iis
735 1168 906 1237 hominibus,
929 1170 976 1241 qui
999 1169 1125 1224 nesciant
1147 1167 1198 1223 sibi
1219 1166 1313 1224 labere

131 1267 165 1304 ac
189 1248 294 1304 sudore
317 1264 413 1320 parare
435 1251 549 1317 rictum,
582 1250 630 1305 sed
659 1251 744 1306 aliena
766 1252 875 1325 rapiunt
896 1253 1005 1326 inique;
1033 1259 1061 1307 et
1090 1267 1149 1306 cum
1172 1250 1313 1307 videantur

133 1335 161 1388 in
184 1330 359 1405 simplicitate
390 1332 541 1399 ambulare,
572 1342 657 1389 tamen
686 1333 744 1389 aliis
773 1335 942 1391 insidiantur.
983 1335 1015 1390 nt
1042 1351 1104 1390 arcs
1134 1334 1217 1401 istae,
1246 1334 1310 1389 dum

130 1416 245 1472 otiosae
267 1414 380 1480 sedent,
403 1424 551 1488 quaerant,
574 1418 712 1489 quomodo
736 1418 834 1473 alienas
857 1436 953 1474 carnes
977 1419 1121 1485 devorent,
1143 1426 1261 1489 suntque
1284 1417 1311 1471 in

129 1498 238 1555 malitia
259 1513 308 1552 sua
330 1498 484 1570 pestiferae.
526 1500 589 1567 ,Nec
612 1499 811 1567 inanducabis,‘
833 1501 933 1574 inquit,
956 1517 1130 1568 muraenam,
1153 1516 1242 1573 neque
1263 1515 1310 1572 po·

129 1583 247 1657 lypum,
270 1597 360 1654 neque
384 1579 503 1656 sepiam!
547 1582 625 1651 Non,
644 1584 740 1656 inquit,
763 1584 930 1652 adhaerebis,
954 1601 1003 1640 nec
1026 1583 1119 1640 similis
1142 1583 1197 1639 eris
1219 1583 1310 1637 buius·

130 1665 211 1721 modi
235 1663 405 1732 hominibus,
429 1667 474 1738 qui
496 1666 523 1720 in
545 1675 704 1740 perpetuum
727 1667 801 1739 impii
823 1677 894 1734 sunt,
917 1676 944 1723 ct
966 1669 999 1722 ad
1015 1675 1129 1722 mortem
1152 1673 1216 1720 sunt
1237 1665 1310 1720 adiu·

130 1749 238 1814 dicati;
261 1747 487 1820 quemadmodum
510 1749 553 1804 isti
575 1749 714 1823 pisciculi,
738 1749 789 1804 suli
812 1749 960 1817 maledicti,
984 1752 1010 1805 in
1033 1748 1168 1823 profundo
1191 1747 1310 1803 volutan-

130 1842 187 1898 tur,
209 1847 264 1886 nec
286 1840 315 1885 ut
336 1830 432 1902 reliqui
455 1832 544 1905 pisces
556 1840 706 1906 emergunt,
729 1833 778 1888 sed
801 1833 922 1899 interra,
946 1850 1014 1906 quae
1035 1833 1060 1887 in
1077 1831 1212 1904 profundo
1228 1831 1310 1887 maris

130 1924 184 1983 est,
210 1913 323 1986 degunt.
366 1912 420 1969 Sed
443 1923 471 1970 et
491 1911 638 1988 ,leporem,‘
661 1916 763 1988 inquit,
786 1933 849 1982 ,nou
872 1914 1016 1972 comedes‘
1059 1914 1258 1983 Quamobrem?
1281 1913 1310 1969 ld

130 2007 183 2065 est,
209 2013 266 2052 non
288 1997 342 2051 eris
365 2014 513 2069 puerorum
536 2007 697 2071 corruptor,
726 2016 775 2055 nce
798 2000 911 2055 similem
934 2008 959 2055 te
981 1999 1079 2055 talibus
1099 1997 1221 2068 efficies,
1244 2013 1310 2069 quo·

130 2083 209 2136 niam
223 2079 301 2152 lepus
312 2081 390 2136 annis
401 2082 514 2154 singulis
530 2098 659 2154 spurcum
675 2081 762 2139 cubile
778 2082 946 2156 multiplicat.
978 2082 1048 2150 Quot
1057 2081 1128 2137 enim
1140 2096 1226 2136 annos
1238 2080 1310 2146 vivit,

132 2173 175 2219 tot
199 2162 283 2218 habet
303 2162 442 2219 foramina.
484 2164 547 2232 ,Sed
569 2182 620 2220 nec
642 2165 772 2239 hyaenam
785 2162 978 2222 manducabis.‘
1016 2166 1075 2221 Non
1097 2163 1222 2237 prolecto
1245 2163 1309 2228 eris,

135 2248 241 2319 inquit,
264 2246 381 2314 adulter,
406 2264 494 2320 neque
518 2257 664 2321 corruptor
684 2265 847 2322 puerorum,
877 2266 965 2322 neque
990 2247 1086 2304 talibus
1108 2244 1310 2302 assimilaberis.

133 2330 245 2398 lluarel
267 2328 332 2396 Quia
356 2330 427 2386 istud
451 2330 550 2386 animal
572 2332 707 2387 annuatim
730 2348 820 2386 sexum
835 2340 924 2399 mutat,
946 2339 973 2386 et
987 2331 1068 2385 modo
1089 2327 1119 2383 stt
1140 2344 1206 2394 mas,
1228 2327 1308 2383 modo

135 2414 247 2469 femina.
289 2411 342 2469 Sed
364 2423 392 2469 et
413 2414 553 2470 mustelam
577 2415 649 2469 iusto
671 2414 734 2469 odic
749 2421 911 2486 prosecutus
934 2421 983 2468 est.
1025 2410 1193 2473 Dissimilem,
1214 2408 1330 2480 inquit„

135 2505 162 2552 te
187 2494 332 2568 praebebis
354 2497 418 2552 viris
439 2495 498 2563 illis,
522 2513 591 2570 quos
613 2496 737 2552 audimus
759 2513 807 2551 ore
831 2496 936 2568 impuro
950 2494 1096 2565 nequitiam
1117 2498 1239 2563 patrare,
1259 2505 1311 2544 nee

138 2739 213 2787 [ruere
235 2723 273 2771 dal
293 2724 363 2771 eaelo
378 2723 401 2771 in
416 2723 540 2771 cuisono:
560 2731 656 2785 gellano
668 2721 710 2785 poi
749 2722 812 2770 llaec
832 2729 909 2769 atatem
933 2733 976 2767 roa
1001 2714 1120 2778 significat
1140 2728 1247 2792 spurcam
1269 2729 1311 2795 ca:

139 2793 162 2840 le
185 2792 239 2841 loro
257 2799 344 2850 trecce,
363 2808 376 2840 o
397 2790 484 2851 flagelli
501 2790 598 2839 intorno
617 2791 638 2839 le
659 2792 710 2838 lor·
745 2791 804 2840 bile.
825 2788 889 2852 quod
907 2784 923 2853 ἡ
942 2785 1049 2853 λεβηρὶς
1064 2781 1217 2860 (cuniculus)¹
1229 2796 1278 2829 stre
1295 2798 1312 2844 η

138 2859 188 2906 biti
213 2874 226 2907 e
252 2859 334 2919 gambe
360 2858 397 2906 de’
422 2859 502 2907 carneri
523 2874 535 2905 e
558 2858 629 2906 simili
656 2873 711 2905 cro·
744 2856 857 2924 λίπορις
871 2855 998 2921 (praetenuis
1012 2865 1098 2901 nontam
1115 2849 1313 2912 multiplicabat

140 2927 235 2985 stacei,
262 2926 331 2974 eeol
355 2926 409 2975 lero
433 2926 507 2974 becco
532 2925 667 2974 larandone
688 2924 711 2972 la
744 2925 806 2973 inter
825 2940 907 2973 omnes
925 2923 959 2973 rei
977 2920 1098 2970 venaticae
1116 2917 1220 2983 quodem
1238 2916 1311 2995 mode

141 2994 237 3052 bucria,
253 2993 270 3041 li
290 2994 412 3043 dirorano.
744 2991 836 3055 peritos
845 2991 1012 3040 satisconstat.
1041 2987 1120 3050 Lepus
1133 2984 1229 3050 quidem
1248 2999 1314 3050 rpu-

195 3060 241 3124 20)
260 3061 326 3112 nolu
347 3056 712 3125 fidvreC,man.sec.rdsuprn.
747 3074 804 3115 πας
823 3073 942 3121 nunqnam
961 3055 1035 3115 lodit,
1060 3062 1083 3102 et
1101 3069 1162 3117 quae
1180 3052 1252 3100 babet
1270 3065 1311 3099 cu-

196 3129 241 3193 21)
262 3130 303 3178 Sic
321 3080 397 3178 podd.
423 3128 499 3177 nostri
524 3142 620 3183 onmes,
644 3123 713 3176 ἀλλὰ
746 3126 803 3174 bilia
821 3123 889 3174 καθ’
910 3121 1017 3190 ἡμέραν
1034 3121 1115 3184 potius
1133 3125 1243 3196 renouat,
1264 3131 1312 3193 non

145 3198 208 3258 rulg.
244 3197 334 3246 Deinde
351 3197 492 3258 scripsimus
504 3189 579 3244 κάτω
597 3193 712 3252 cant,
746 3190 804 3242 κατ’
830 3186 966 3243 ἐνιαυτόν.
1001 3191 1078 3247 Quare
1103 3187 1216 3236 Cotelern
1235 3199 1313 3260 versio

143 3263 216 3314 κατὰ
235 3263 283 3312 ΒΓ,
301 3273 325 3313 et
343 3264 397 3312 libri
415 3264 485 3325 impr.
746 3261 775 3308 ab
793 3259 887 3308 llelelio
906 3257 1005 3321 repetita
1026 3257 1136 3319 quonlam
1154 3255 1218 3315 lepus
1243 3265 1312 3300 cnara

195 3331 239 3393 22)
257 3331 325 3393 Apud
343 3332 410 3379 Voss.
437 3345 564 3393 perperam
582 3327 678 3391 irrepsit
698 3323 714 3377 ὀ
746 3329 847 3388 riopulis
858 3318 1314 3386 ailiamruriltiplicctabauctorismcntc

145 3407 200 3448 ante
219 3400 315 3465 φησίν.
747 3409 846 3457 prorsus
860 3393 936 3442 alienu
960 3407 1013 3441 esse
1026 3389 1126 3438 ridetur.
1156 3387 1250 3436 llcctius
1269 3391 1314 3433 ret.

195 3467 240 3529 23)
261 3466 373 3531 γένηται
397 3465 484 3514 EOl'.
747 3463 789 3511 lnt.
813 3464 870 3525 *qaia
894 3463 959 3524 lepus
983 3457 1082 3519 rinqalir
1108 3457 1176 3504 annia
1203 3455 1262 3515 [ecit
1284 3453 1316 3500 nd

195 3549 478 3612 24qnq4073215¹0q
516 3548 574 3596 pei„
592 3540 714 3613 ἀφόδευ.
747 3530 909 3608 adselluudum
933 3528 1026 3609 rippale
1050 3526 1176 3585 serantina.
1213 3520 1261 3570 cn.
1280 3519 1315 3568 illl

146 3631 193 3667 σιν
211 3617 333 3675 coln,
352 3617 390 3665 nic
409 3615 483 3664 rubro
501 3615 531 3664 ad
550 3629 622 3675 uterq.
642 3609 715 3679 dcpd-
747 3596 913 3663 ⁰²²⁰‘l1190t’0‘
932 3595 975 3656 hp.
993 3593 1040 3652 ¹8¹¹·
1059 3591 1088 3639 ”ll
1107 3590 1168 3652 EPh·
1191 3604 1211 3637 ⁶·
1233 3588 1270 3639 ¹⁶·

145 3698 250 3753 ρευσιν.
288 3685 361 3733 llecta
387 3684 455 3733 huius
480 3683 527 3731 loci
548 3681 715 3744 interpretatio
799 3663 843 3749 25)
861 3663 912 3750 Vll·
926 3661 999 3748 Clem.
1014 3659 1077 3708 ΜΗ·
1091 3657 1193 3720 Ρθθίῖθὸ·
1206 3652 1233 3706 fl·
1245 3672 1265 3705 ⁰·
1277 3657 1315 3707 10-

146 3751 236 3815 pendet
251 3750 280 3799 ab
293 3751 334 3800 illa
350 3752 416 3800 roris
430 3747 636 3818 unidoqddpoc,
655 3764 715 3812 quae
747 3747 771 3794 Ρ·
789 3730 844 3780 ²²⁰·
864 3730 921 3780 ²2¹·
940 3728 996 3779 ²²⁷3·

146 3819 277 3882 praecedit
314 3820 366 3868 Non
391 3826 427 3867 est
443 3831 568 3881 puerorum
588 3823 715 3880 comptor,
798 3815 841 3875 26)
860 3810 966 3863 tatto
988 3826 1008 3858 c.
1027 3810 1089 3871 rrrlg.

147 3895 171 3935 ut
189 3887 214 3936 in
231 3886 334 3950 periodo
351 3885 516 3950 subsequenti,
533 3899 615 3934 ueceo
629 3883 716 3932 dicitur
799 3883 842 3942 at)
861 3881 946 3930 Scribo
965 3876 997 3929 οὐ
1013 3875 1080 3946 μὴν,
1098 3872 1186 3945 φησὶν
1204 3890 1224 3922 c.
1239 3871 1314 3931 lov,

147 3969 232 4013 sensa,
257 3969 306 4018 qne
325 3954 406 4003 llcdca
433 3946 643 4020 παιδοφθόρος,
671 3950 715 3999 scd
747 3947 779 4002 οὐ
796 3947 842 4019 μὴ,
860 3947 930 4016 φησὶ
950 3947 995 3996 Bb'
1015 3945 1075 4006 vulg.
1203 4006 1209 4019 1
1293 4003 1298 4014 .

147 4021 261 4079 denotat,
288 4021 327 4085 qui
347 4022 370 4070 in
388 4020 509 4070 excidium
530 4033 609 4069 rerum
632 4018 716 4068 dome·
799 4017 844 4079 28)
864 4017 912 4065 Cir.
932 4015 1005 4063 Clem.
1031 4013 1093 4061 Alea.
1118 4010 1134 4059 l.
1159 4008 1173 4056 l.
1193 4004 1269 4053 toret.
1292 4018 1316 4051 111

146 4089 261 4137 sticarum
295 4103 387 4151 pronus
424 4087 575 4151 dispersione
606 4087 716 4135 fortunae
748 4093 824 4135 nostr.
842 4086 889 4134 loc.
908 4091 930 4133 et
950 4096 1003 4145 sqq.

146 4163 219 4219 atque
248 4154 405 4217 dissipatione
437 4154 539 4204 lamiline
563 4155 656 4204 ruinam
679 4153 716 4201 in-
800 4153 844 4215 29)
862 4144 986 4212 cillanem
1004 4147 1067 4225 θ’).
1099 4143 1151 4192 ldox
1169 4139 1219 4217 leg.
1243 4138 1317 4203 γίνε-

147 4222 293 4285 teritumque
302 4222 429 4277 accelerat,
441 4222 544 4286 ideoque
555 4221 619 4270 illins
631 4220 718 4283 perdit.
751 4237 797 4271 ται
821 4236 842 4270 c.
860 4219 949 4269 nostris
973 4214 1096 4270 omnibus,
1121 4207 1204 4257 codtce
1224 4205 1241 4254 F
1269 4218 1317 4253 uon

148 4291 181 4339 lc
197 4288 259 4338 illud
278 4290 373 4353 quidem
391 4291 422 4340 ob
441 4290 568 4348 Venerem,
588 4288 655 4338 caius
673 4303 718 4336 na·
751 4296 859 4352 excepto,
877 4288 909 4352 γί
928 4298 1005 4336 reret
1024 4279 1103 4357 viriq*
1263 4339 1268 4350 Ι

147 4371 258 4406 merosus
278 4371 289 4405 s
308 4357 404 4406 clunem
425 4357 495 4406 nimis
512 4357 660 4419 frequentat:
688 4354 717 4402 ad
803 4356 848 4416 30)
865 4301 953 4420 pristis
966 4350 983 4398 B
996 4349 1021 4406 V,
1037 4344 1125 4412 γαλῆν
1137 4341 1154 4390 C
1168 4341 1195 4390 ⁰·
1211 4337 1319 4392 S⁰b¹¹¹d⁰

148 4439 191 4473 eas
217 4420 268 4488 τὴν
336 4417 442 4477 'devere
463 4423 593 4487 allegorice
618 4424 718 4474 reseras.
752 4420 887 4491 ἐμίσησεν
904 4417 960 4467 0V·
