2886 4882
260 233 384 293 lGNthl
406 233 568 292 uuisioni
589 235 631 292 hl)
653 236 917 300 anatoclmnsns
945 242 986 302 iv.
1009 245 1037 305 V.
1059 245 1102 308 Vb
1122 246 1175 306 Vll.
1246 247 1306 312 309

214 437 255 492 lV.
298 437 363 492 Naro
387 444 414 491 et
437 436 621 509 Evangelistae
644 431 789 506 dicentes‚¹
811 456 894 497 unum
916 443 1002 499 solum
1025 461 1117 503 verum
1140 449 1221 506 ileum
1244 467 1306 510 esse

130 525 245 589 l‘atrem,
268 521 347 576 etiarn
370 511 424 585 ea,²
447 537 515 591 spirae
537 520 569 575 ad
592 519 732 577 [laurinum
755 531 877 579 nostruin
900 523 987 581 lesum
1004 527 1138 586 Christum
1159 535 1305 605 pertinent,

129 623 184 662 noa
207 605 463 678 praetermiserunt,
494 604 541 657 scd
570 604 661 676 potius
691 599 925 678 perscripserunt³
948 609 1084 666 dicentes:
1109 612 1147 679 ,ln
1169 618 1304 692 principio

128 696 186 745 erat
209 686 342 749 Verbum,
366 694 393 741 et
414 685 530 740 Verbum
553 695 610 741 erat
633 687 703 759 apud
729 687 833 758 Deum,
857 688 975 746 etheus
998 701 1056 747 erat
1078 691 1215 752 Verbum.⁴
1246 699 1305 757 lico

128 781 186 829 erat
208 773 234 826 in
256 770 392 843 principio
416 769 486 841 apud
510 767 601 823 Deum.
632 771 724 824 Omnia
746 773 907 845 peripsum
929 773 998 830 lacta
1021 784 1091 843 sunt,
1114 786 1141 833 et
1162 780 1221 836 sine
1243 781 1304 854 ipso

128 856 228 911 lactum
252 861 293 908 est
317 850 419 909 nichil‘
463 852 517 906 Sed
540 861 567 906 et
590 852 623 908 de
644 853 830 910 incarnatione
854 857 912 911 eius
935 855 1133 915 subiunrerunt
1155 856 1305 920 dicentem⁶

127 939 169 1004 ‚m
189 936 304 992 Verbum
326 951 390 989 caro
416 934 513 988 lactum
538 943 587 999 est,
611 943 638 990 et
660 935 788 991 habitavit
801 937 827 991 in
850 937 949 993 nobis.‘
992 940 1024 995 Et
1047 937 1173 998 iterum:⁶
1195 944 1304 1014 ,Liber,‘

128 1021 260 1093 inquiunt,
283 1018 475 1091 ,generationis
497 1017 557 1072 lesu
580 1017 697 1085 Christi,
723 1018 771 1074 lilii
794 1013 895 1088 David*
917 1021 962 1076 tilii
987 1022 1140 1080 Abraham‘
1182 1029 1304 1100 Apostoli

127 1120 236 1177 quoque
260 1095 371 1156 Christi*
395 1108 565 1166 asserentes,
597 1102 660 1172 quia
680 1100 749 1157 [leus
778 1118 848 1157 unus
876 1113 933 1173 est,
967 1106 1125 1163 adiecerunt
1153 1103 1305 1168 dicentes?

126 1187 210 1255 ,Unus
233 1186 312 1250 Deus,
334 1201 404 1239 uncis
425 1191 452 1238 et
474 1184 607 1238 mediator
622 1184 667 1239 bei
691 1193 718 1239 et
740 1185 896 1241 bominum!
937 1187 969 1242 Et
989 1189 1023 1244 de
1046 1191 1229 1248 incarnatione
1245 1195 1303 1250 εἰη,

126 1261 181 1324 ac¹⁰
203 1267 330 1342 passione
354 1283 407 1321 non
431 1266 614 1336 erubuerunt;
638 1267 687 1322 sed
706 1269 797 1340 potius
821 1267 981 1326 fiducialiter
1003 1271 1303 1334 subiunreruntdicen·

127 1345 204 1408 tes:¹¹
224 1350 319 1420 ,llomo
343 1349 466 1404 Christus
490 1349 573 1416 lesus,
597 1351 642 1420 qui
664 1349 738 1405 dedit
759 1359 846 1406 semet
868 1353 955 1426 ipsum
978 1370 1028 1426 pro
1051 1357 1136 1413 seculi
1150 1355 1222 1414 vita.‘

211 1490 239 1546 V.
284 1491 376 1546 Omnis
399 1507 480 1562 ergo,
503 1489 549 1561 qui
573 1505 654 1544 ainaim
677 1489 760 1545 Deum
783 1494 943 1562 annunciat,
969 1495 1106 1568 intercipit
1125 1507 1214 1555 eutem
1229 1500 1303 1557 Chri·

127 1579 161 1633 sti
185 1574 362 1640 divinitatem,
390 1571 461 1627 lilius
483 1579 525 1627 est
547 1571 665 1637 Diaboli,
698 1580 725 1626 et
753 1573 878 1631 inimicus
908 1578 996 1632 omnis
1019 1578 1144 1635 iustitiae.
1187 1582 1237 1650 Qui
1258 1601 1304 1640 au·

127 1668 180 1715 tem
211 1674 266 1713 non
295 1654 441 1712 confitetur
464 1654 599 1708 Christum
631 1652 714 1709 lilium
737 1672 798 1711 esse
819 1657 893 1725 eius,
925 1661 971 1731 qui
992 1660 1058 1715 lecit
1077 1664 1223 1733 mundum,
1254 1665 1304 1723 sod

128 1742 238 1798 alterius
273 1739 411 1794 cuiusdam
443 1736 588 1808 incogniti,
618 1745 727 1810 praeter
749 1755 810 1794 cum
849 1758 928 1812 quem
951 1743 1091 1815 praedicat
1112 1745 1166 1802 Len
1189 1756 1216 1803 et
1236 1748 1302 1805 Pro·

129 1826 244 1899 phetae,
276 1822 320 1877 hic
351 1837 479 1892 organum
510 1827 552 1874 est
579 1821 665 1892 ipsius
687 1819 799 1876 Diaboli.
842 1822 1000 1897 Quicunque
1032 1835 1120 1883 autem
1143 1829 1304 1886 incarnatio·

128 1923 190 1963 nem
215 1897 325 1961 Christi¹
347 1912 471 1970 recusat,
494 1911 521 1958 et
543 1919 652 1957 erucem
675 1904 734 1958 eius
757 1904 912 1974 erubescit,
935 1916 1048 1980 propter
1071 1926 1150 1982 quam
1174 1928 1224 1984 ego
1247 1913 1303 1968 vin·

127 1997 187 2045 ctus
209 1979 298 2054 sum,²
328 1986 371 2042 bic
393 1994 435 2041 est
456 1985 647 2040 Antichristus.
690 1985 849 2060 Quicunque
871 2005 935 2045 vero
959 2007 1055 2063 purum
1078 1992 1216 2050 homiaem
1238 1995 1303 2052 dicit

128 2089 189 2128 esse
218 2072 368 2135 Christum,
405 2067 565 2124 maledictus
595 2076 637 2123 est
663 2069 813 2126 secuudum
844 2071 945 2128 dictum
976 2069 1156 2146 Prophetae,8
1191 2094 1246 2133 aon
1274 2078 1301 2134 in

127 2156 208 2211 Deum
232 2154 334 2219 fidens,
366 2151 415 2207 sed
445 2152 470 2206 in
500 2151 636 2207 hominem
666 2159 776 2208 tantum.
819 2152 968 2228 Propterea
993 2161 1020 2211 et
1041 2157 1228 2215 infructuosus
1249 2167 1300 2228 cst,

127 2237 353 2311 quemadmodum
375 2234 550 2302 tamariscus,
574 2227 655 2306 quae⁴
677 2243 719 2290 est
741 2237 769 2291 in
791 2236 909 2292 deserto.

208 2386 250 2441 Vl.
295 2386 365 2441 llaec
395 2384 485 2440 scribo
515 2382 607 2451 vobis,
652 2400 711 2439 ciam
743 2385 792 2438 sim
824 2383 923 2440 Christi
953 2385 1087 2442 novellum
1118 2386 1218 2455 olivae,
1246 2404 1302 2445 non

127 2462 282 2545 ignorans,¹
315 2483 362 2523 vos
391 2467 481 2523 taliter
502 2483 615 2540 sapere:
644 2467 693 2521 sed
721 2467 914 2540 praeeustodio
938 2483 1001 2535 vos,
1032 2470 1103 2524 sicut
1130 2477 1208 2542 pater
1229 2468 1300 2526 filios

126 2571 200 2609 suos.
244 2551 337 2607 Videte
357 2567 423 2624 ergo
445 2550 578 2623 malignos
601 2549 752 2622 operarios,
774 2548 898 2604 inimicos
923 2552 1014 2606 erucis
1038 2550 1152 2620 Christi,
1184 2569 1299 2623 quorum

127 2637 189 2692 sinis
220 2635 357 2701 interitus,
386 2650 501 2706 quorum
524 2632 596 2687 beus
624 2637 795 2700 deuteron,
826 2647 942 2704 quorum
970 2633 1054 2706 gloria
1083 2634 1109 2689 in
1139 2633 1300 2692 confusione

126 2709 243 2776 eorum.²
286 2717 379 2773 Videte
400 2733 481 2772 canes
503 2714 631 2782 rabidos,
661 2723 804 2788 serpentes
834 2707 928 2789 supra³
949 2723 1046 2790 pectus
1068 2725 1212 2789 repentes,
1240 2716 1300 2774 dra·

126 2818 209 2858 eones
229 2815 400 2874 squamosos,
421 2800 538 2873 aspides,
561 2797 711 2865 basiliscos,
733 2797 867 2871 scorpios.
909 2798 941 2855 lli
965 2800 1036 2855 enim
1058 2808 1122 2857 sunt
1142 2800 1221 2855 thoes
1242 2799 1299 2857 vul·

126 2903 188 2959 pes,
212 2885 262 2940 sed
284 2892 312 2940 et
333 2875 439 2938 simiae⁴
460 2883 576 2939 humana
599 2881 743 2940 imitantes.

207 3016 260 3075 vit.
304 3016 378 3072 Pauli
401 3023 428 3070 et
444 3015 517 3071 Petri
543 3015 607 3071 laeti
630 3016 695 3071 estis
718 3013 861 3087 discipuli:
885 3013 968 3070 nolite
990 3006 1118 3088 perdere¹
1138 3012 1300 3087 depositum,

128 3100 200 3175 quod
221 3100 298 3156 vobis
321 3097 584 3154 commendaverunt
627 3098 788 3154 Mementote
819 3096 899 3171 digne
920 3095 1071 3152 beatissimi
1094 3095 1186 3151 Evodii
1208 3095 1300 3152 Pasto-

126 3186 164 3240 ris
186 3185 283 3251 vcstri,
310 3183 355 3255 qui
386 3183 490 3255 primus
519 3181 594 3237 vebis
623 3181 656 3236 ab
678 3179 814 3254 Apostolis
843 3180 955 3235 antistes
986 3178 1127 3234 ordinatus
1149 3186 1198 3234 est
1240 3177 1302 3233 lion

127 3267 323 3324 confundamus
345 3274 465 3338 patrem3
495 3265 543 3320 sed
566 3262 717 3319 efficiamur
739 3264 806 3319 certi
831 3262 893 3327 lilii,
922 3270 948 3317 et
970 3279 1024 3317 nou
1048 3262 1200 3318 adulterini.
1244 3259 1301 3315 Sei-

126 3350 176 3418 tis,
206 3348 320 3422 qualiter
348 3356 524 3403 conversatus
547 3363 605 3401 sum
629 3347 700 3402 lutei·
719 3337 792 3402 vos.²
834 3345 906 3413 Quae
928 3360 995 3417 ergo
1022 3360 1155 3417 praesens
1178 3343 1301 3399 dicebam

125 3432 212 3500 vobis,
234 3433 301 3487 baec
323 3447 396 3486 nune
418 3438 445 3485 et
467 3429 565 3484 absens
587 3428 687 3484 scribo.
720 3428 748 3484 Si
771 3429 832 3500 quis
854 3444 909 3483 uon
932 3426 1019 3500 diligit
1041 3427 1180 3483 bominum
1203 3425 1300 3492 lesum,

126 3544 333 3553 ——-

176 3595 203 3651 4)
221 3593 292 3640 Voce.
312 3593 351 3639 hoc
376 3594 425 3636 eret
444 3559 467 3635 hi
490 3588 611 3650 principio
630 3587 693 3648 optut
780 3585 807 3647 2)
826 3590 922 3648 propter
939 3558 1005 3646 qoem
1022 3584 1111 3631 cinctas
1130 3598 1171 3646 epo
1184 3596 1235 3632 sum
1243 3582 1299 3644 hog.

128 3663 202 3720 decim,
222 3666 243 3707 ct
261 3662 318 3709 dciii
338 3663 386 3705 eret
407 3656 498 3702 acidam
517 3654 569 3702 heic
587 3669 692 3717 sequim-
777 3653 803 3716 3)
822 3653 866 3700 lcr.
889 3651 927 3708 li,
945 3650 967 3698 ti.

126 3737 165 3776 trir
182 3728 205 3775 in
224 3727 272 3774 Pal.
292 3726 378 3774 deleta.
397 3721 431 3771 Cl.
450 3723 483 3770 lo.
506 3722 526 3781 1,
550 3722 628 3785 lsqq.
778 3720 805 3783 4)
825 3718 1011 3767 troosnioritium
1029 3715 1092 3778 quod
1108 3715 1159 3766 Pal.
1173 3717 1229 3779 [leg.

178 3794 205 3856 s)
225 3795 259 3843 10.
281 3794 302 3853 i,
323 3793 361 3842 ii.

176 3859 202 3924 6)
221 3861 301 3909 blatth.
323 3860 344 3914 1,
367 3857 386 3904 l.
779 3853 836 3915 Cap.
857 3852 891 3899 il.
928 3849 953 3913 1)
970 3852 1076 3911 iquorem
1094 3849 1144 3898 Pal.

178 3927 265 3991 7))111
284 3927 361 3976 llooid
380 3937 426 3972 om.
446 3921 495 3971 Pel.
521 3921 628 3972 Subinde
647 3925 693 3984 filii
780 3921 795 3969 2
826 3923 928 3982 ipsoram
945 3916 1056 3977 Pablleg.
1075 3915 1211 3977 enuntia,
1223 3915 1297 3976 lsssq.

127 3996 211 4045 chade
231 3995 279 4043 Pal.
299 3995 353 4053 neg.
779 3987 794 4036 3
827 3988 860 4035 lta
879 3985 928 4033 Pal.
947 3985 1012 4046 lleg,
1032 3997 1101 4046 seper
1119 3984 1180 4044 vulp.

177 4061 204 4125 8)
225 4061 310 4111 Christi
329 4072 419 4123 quoquc
438 4057 484 4104 inv.
501 4057 557 4118 lleq.
783 4051 810 4116 4)
830 4055 888 4101 sime
906 4052 961 4113 llep.

176 4129 296 4193 CllCor.
315 4128 339 4184 8,
357 4126 379 4174 4.
398 4126 421 4174 6.
441 4123 491 4173 Gal.
510 4125 533 4183 3,
553 4124 593 4172 20.

179 4195 221 4259 10)
242 4205 311 4259 etque
330 4192 379 4242 Pel.
400 4191 455 4253 [leg.
780 4187 837 4249 Cap.
857 4186 903 4234 llll.
941 4184 965 4247 1)
981 4183 1081 4245 prodere
1100 4179 1149 4228 Pal.

181 4262 223 4326 11)
241 4263 321 4311 lTim.
340 4260 363 4319 2,
382 4260 443 4321 5sq.
779 4252 808 4317 2)
824 4250 1151 4303 conversetussimoobiseum
1164 4247 1223 4308 cu,
1240 4263 1295 4298 coo-

181 4329 238 4392 Cap.
264 4329 289 4376 v.
339 4327 363 4387 l)
392 4325 478 4373 Christi
509 4325 694 4373 incomotionem
728 4327 832 4369 ocreatus
854 4336 905 4368 saro
922 4318 1040 4367 vobiscum
1057 4315 1113 4376 lleg.
1143 4312 1298 4369 Ceterumol.
1338 4344 1341 4348 ,

125 4406 217 4460 uenep.
236 4396 291 4457 llcg.
729 4387 739 4436 l
750 4388 805 4437 Cor.
827 4387 865 4445 lb,
884 4384 924 4435 22.
