2886 4882
459 219 483 277 1.
502 221 688 279 mantuus
709 224 751 280 hl)
774 225 846 281 con.
880 226 932 287 tx.
954 227 1021 286 xxt.
1286 229 1326 291 69

157 405 178 443 aa
198 386 323 461 profert,
352 405 417 444 non
450 388 604 458 haesitans,
633 407 723 465 neque
750 401 857 448 mutans
886 393 1032 467 quidquam
1064 414 1160 454 coram
1190 415 1259 472 quae
1290 400 1323 457 ab

157 473 184 526 ln
208 472 326 529 decreta
361 481 442 530 sunt.
483 473 651 548 Abyssorum
679 475 886 549 investigabilia,
916 485 942 531 ct
970 478 1097 550 profundi
1126 482 1320 539 inenarrabiles

156 557 321 611 istitubones
345 557 459 613 eisdem
482 555 588 630 legibus
609 559 792 616 continentur.
837 558 921 615 lloles
943 561 1065 617 immensi
1089 566 1182 631 maris,
1205 582 1256 638 per
1278 584 1320 622 or·

156 641 300 694 arammem
326 640 395 696 eius
419 641 448 696 in
470 641 591 696 cumulos
613 650 810 715 coagmentata,
839 644 1030 716 circumposita
1053 644 1104 700 sibi
1127 647 1243 704 claustra
1265 666 1319 706 non

155 723 347 795 aaasgreditur,
370 724 424 779 scd
447 732 529 797 prout
549 725 574 780 ei
597 727 742 799 praecepit,
767 728 801 782 ita
823 725 896 784 facit.
940 727 1009 781 llinit
1030 728 1116 783 euim:
1147 730 1208 794 ,bue
1233 748 1319 803 usque

155 806 234 873 mim,
259 813 291 862 et
315 807 345 862 in
373 814 401 863 tc
435 808 495 880 ipso
523 815 699 865 conterentur
721 810 821 866 lluctus
841 806 897 866 tui‘
939 810 1062 866 Oceanus
1090 811 1243 866 hominibus
1272 814 1318 868 im·

153 889 327 959 permeabilis,
354 899 385 946 et
407 891 454 962 qni
476 899 550 946 trans
573 891 659 964 ipsum
683 901 746 948 suut
767 895 875 961 muudi,
908 893 1012 949 eisdem
1032 893 1136 948 bornuni
1164 894 1317 966 dispositio·

152 972 208 1026 aba<
229 972 444 1046 gubernamur.
486 973 604 1041 Vernae,
633 977 765 1045 aestivae,
796 976 963 1032 autumnales
993 986 1020 1033 et
1048 976 1184 1050 hyemales
1218 986 1317 1050 tempa-

151 1064 212 1110 staes
236 1057 265 1111 in
292 1073 369 1129 pace
391 1056 459 1112 aliae
482 1057 540 1113 aliis
568 1059 727 1114 succedunt.
771 1060 916 1116 l'entorum
947 1062 1078 1116 stationes
1108 1060 1236 1133 peculiari
1267 1078 1317 1116 suo

150 1151 251 1211 uapore
274 1156 385 1196 munus
410 1156 488 1195 strum
516 1141 575 1196 sine
602 1141 767 1198 offendiculo
798 1142 916 1210 oheuut3
948 1143 1036 1200 fontes
1064 1144 1143 1200 etiam
1172 1159 1315 1216 perennes,

148 1223 265 1278 »tusum
292 1232 323 1279 et
350 1224 494 1280 sanitatem
516 1223 597 1291 facti,
620 1224 703 1281 ubera
725 1227 784 1282 sine
807 1226 915 1283 delectu
937 1226 969 1281 ad
996 1228 1075 1282 vitam
1106 1226 1243 1282 hominum
1274 1244 1316 1282 su·

146 1307 306 1363 tteatandam
331 1306 482 1380 praebent,
512 1315 541 1362 et
562 1307 684 1364 animalia
706 1311 816 1364 minima
837 1311 862 1365 in
886 1326 952 1383 pace
981 1319 1008 1366 et
1041 1309 1189 1366 concordia
1220 1316 1316 1365 coetus

145 1406 193 1444 nos
214 1390 339 1445 faciunt.
383 1389 454 1446 llaec
477 1392 566 1446 omnia
585 1408 698 1465 magnus
721 1393 810 1465 opifex
839 1402 866 1448 et
894 1393 1012 1449 orrrnium
1035 1393 1164 1449 horuiuus
1194 1393 1220 1448 iu
1253 1410 1316 1448 eon·

143 1472 221 1529 cordia
247 1482 278 1529 et
303 1490 375 1547 pace
400 1472 458 1530 lieri
480 1474 573 1541 iussit,
595 1474 768 1531 benefaciens
791 1475 930 1542 omuibus,
953 1476 1205 1550 superabundanter
1227 1484 1320 1532 autem

141 1556 225 1624 robis,
250 1558 304 1629 qui
330 1555 365 1612 ad
388 1558 576 1614 miserationes
597 1559 656 1615 eius
684 1559 871 1631 confugimus,
895 1576 945 1632 per
966 1559 1106 1615 barnuinum
1130 1559 1217 1615 lesum
1241 1559 1315 1615 Chri·

140 1649 213 1709 atam,
238 1642 287 1696 eui
313 1638 403 1712 gloria
423 1649 451 1697 et
470 1641 598 1698 maiestas
619 1643 645 1698 in
668 1643 760 1699 secula
781 1642 944 1699 soculorum.
985 1644 1076 1697 haren.

136 1825 192 1882 111.
242 1825 473 1898 Obtemperernns
493 1827 561 1890 Deo,
583 1844 639 1884 non
660 1828 802 1885 seditionis
822 1827 991 1895 auctoribus,
1013 1844 1048 1883 ne
1066 1829 1214 1884 innumera
1237 1828 1313 1884 illins

247 1941 389 2014 beneficia
410 1943 489 1999 nobis
509 1945 539 1999 in
559 1945 812 2000 condemnationem
833 1945 939 2000 cedant.
980 1942 1199 2001 adhortationes.

212 2075 330 2139 Videte,
353 2073 459 2142 dilecti,
483 2091 518 2132 ue
540 2076 671 2133 beneficia
693 2079 767 2144 eius,
791 2094 859 2150 quae
880 2076 961 2133 rrrulta
984 2086 1061 2143 sunt,
1084 2075 1163 2132 nobis
1187 2077 1312 2133 omnibus

134 2166 156 2217 in
177 2158 444 2215 condemnationem
466 2160 577 2227 cedant,
599 2161 652 2216 nisi
675 2160 754 2231 digne
778 2160 822 2216 illo
844 2161 961 2217 viventes
989 2159 1059 2215 bona
1089 2168 1115 2215 ct
1143 2169 1254 2233 accepta
1285 2163 1310 2217 in

134 2250 287 2315 esnspeetu
311 2241 371 2296 eius
390 2258 450 2297 cum
479 2244 625 2300 concordia
655 2243 808 2299 fecerimus.
849 2243 918 2298 bien
946 2245 1016 2298 enim
1050 2241 1163 2298 alicubi:
1191 2246 1312 2318 ,spiritus

133 2326 239 2383 bomini
261 2325 378 2379 lucerua
400 2332 524 2382 scrutans
547 2343 674 2383 cavernas
703 2323 822 2382 ventris.‘
865 2324 1089 2391 Consideremus,
1117 2341 1196 2397 quam
1225 2344 1311 2399 prope

132 2413 178 2477 sit,
202 2418 231 2465 et
254 2408 334 2481 quad
363 2409 557 2480 cogitationum
586 2417 741 2466 nostrarum
770 2414 798 2462 et
826 2407 1040 2479 colloquiorum,
1071 2423 1140 2477 quae
1171 2405 1311 2476 habemus,

132 2492 197 2549 mhil
221 2495 318 2566 ipsum
342 2489 428 2546 lateat
471 2495 592 2566 Aequum
615 2500 658 2549 cst
679 2492 777 2565 igitur,
799 2497 829 2545 ut
852 2506 905 2544 non
935 2491 1019 2544 simus
1047 2487 1202 2559 transfugae
1226 2504 1240 2541 a
1267 2505 1311 2543 vo·

131 2576 233 2632 laetate
259 2575 331 2631 eius.
375 2572 505 2633 Homines
527 2578 623 2633 stultos
646 2582 673 2631 et
695 2573 871 2646 insipientes,
893 2569 978 2626 elatos
1000 2579 1028 2626 et
1050 2572 1075 2626 iu
1110 2570 1246 2625 sermonis
1268 2571 1311 2626 sui

132 2660 261 2716 muntia
295 2657 443 2732 gloriantes
475 2661 566 2734 potius
599 2675 679 2733 nquam
711 2657 794 2712 Deum
831 2654 1008 2711 attendamus.
1056 2653 1196 2710 hominum
1221 2652 1309 2710 lesum

134 2742 291 2809 tharistum,
318 2741 395 2796 cuius
417 2745 527 2817 sanguis
549 2761 600 2818 pro
622 2741 701 2798 nobis
724 2740 800 2797 datus
822 2746 876 2806 est,
900 2739 944 2812 pie
970 2754 1144 2806 veneremur,
1173 2739 1312 2812 praeposi·

133 2836 174 2882 tos
196 2832 316 2882 nostros
337 2839 521 2894 revereamur,
545 2829 669 2883 seniores
691 2833 801 2880 nostros
829 2818 1010 2890 honoremus,
1036 2824 1146 2878 iuvenes
1174 2823 1200 2877 in
1232 2822 1312 2879 disci·

133 2910 205 2984 plina
226 2906 337 2964 timoris
359 2906 405 2962 bei
428 2910 598 2974 erudiamus,
621 2925 720 2965 uxores
743 2915 850 2964 nostras
872 2906 906 2962 ad
928 2905 954 2961 id
985 2906 1058 2979 quod
1080 2906 1180 2962 bonum
1203 2915 1245 2961 est
1274 2906 1312 2961 ili-

132 2995 265 3066 rigamus.
308 2988 442 3047 dmahiles
464 2994 593 3050 castitatis
625 3008 716 3048 mores
739 2991 897 3058 ostendant,
920 3008 1014 3063 puram
1037 2999 1064 3046 et
1085 2989 1218 3045 sinceram
1240 3007 1311 3045 mau-

132 3074 290 3132 suetudinis
312 3089 376 3129 suae
397 3076 559 3132 voluntatem
581 3076 777 3142 demonstrent,
798 3075 904 3147 liuguae
928 3090 992 3129 suae
1013 3073 1226 3129 moderationem
1247 3089 1312 3129 voce

134 3159 308 3215 manifestam
330 3156 442 3228 faciant,
465 3160 622 3215 charitatem
645 3174 720 3214 suam
743 3159 802 3213 sinc
829 3173 1008 3230 personarum
1038 3157 1196 3229 acceptione
1227 3156 1309 3211 omni·

134 3242 183 3298 hus
207 3242 296 3297 iteum
315 3247 406 3296 sancte
429 3243 584 3299 timentibus
607 3242 746 3315 aequalem
768 3240 919 3297 exhibeant.
960 3239 1049 3295 Liberi
1080 3240 1162 3294 vestri
1191 3238 1308 3311 discipli·

135 3344 182 3383 nae
205 3325 309 3381 Christi
332 3325 479 3399 participes
502 3328 571 3394 sint;
602 3328 708 3382 discant
736 3334 865 3398 quantum
897 3322 1034 3378 humilitas
1060 3322 1132 3396 apud
1155 3322 1238 3377 heum
1266 3339 1309 3377 va·

135 3410 201 3478 leat,
227 3407 294 3482 quid
317 3418 392 3464 casta
414 3409 530 3465 clraritas
551 3410 622 3484 apud
644 3410 726 3465 heum
754 3409 857 3483 possit,
888 3406 1112 3480 quemadmodum
1141 3407 1223 3463 timor
1250 3405 1308 3461 eius

135 3519 347 3530 ’.-

135 3571 275 3621 diiudicarit
314 3570 409 3634 Lipsius
449 3588 472 3634 p.
512 3571 565 3621 151.
608 3579 657 3620 not.
683 3570 707 3619 3.
743 3569 812 3617 etiam
837 3568 859 3615 in
890 3568 936 3615 bec
967 3567 1078 3615 imitatur.
1115 3566 1182 3615 Rern.
1206 3565 1248 3624 ll,
1268 3565 1309 3616 36.

135 3640 149 3686 l.
186 3656 208 3688 r.
744 3637 791 3683 tttr.
809 3637 882 3697 hptrr.
905 3636 925 3688 l,
945 3636 968 3683 6.

181 3708 211 3762 31
229 3705 303 3755 h'olte
333 3707 397 3755 roni.
445 3704 531 3757 adrani
571 3721 605 3754 sc.
638 3704 707 3755 deor)
793 3703 850 3764 Cap.
868 3702 923 3749 1111.
966 3701 991 3762 ll
1010 3702 1078 3749 Pron.
1100 3703 1195 3762 attat.
1214 3717 1240 3751 ea
1258 3717 1309 3751 me·

133 3773 160 3822 11.
180 3773 219 3823 ed
237 3772 275 3820 111.
742 3771 817 3818 nroriu
848 3768 975 3831 prolatum.
1011 3768 1075 3817 llaec
1105 3780 1126 3819 ct
1149 3786 1203 3834 sqq.
1233 3784 1308 3832 usque

182 3842 211 3903 d)
230 3840 291 3888 lien.
312 3840 333 3899 l,
352 3842 375 3891 9.
742 3836 772 3885 ad
801 3839 870 3884 tlnem
896 3853 916 3885 e.
935 3837 973 3885 22.
999 3836 1043 3884 leri
1069 3853 1120 3887 rum
1148 3836 1307 3898 discrepantia

184 3909 210 3971 b)
230 3907 281 3956 lob.
300 3909 341 3967 38,
363 3909 400 3958 to.
419 3909 457 3956 Ps.
478 3908 532 3967 toa,
551 3910 574 3958 9.
741 3904 871 3954 renitantur
898 3920 910 3951 a
930 3903 1002 3953 Cleua.
1021 3904 1084 3953 illes.
1105 3906 1192 3953 Strom.
1214 3903 1248 3959 ll',
1270 3902 1307 3951 11.

181 3977 210 4038 up
228 3975 282 4025 lob.
300 3976 341 4034 33,
361 3976 409 4025 ll.v
745 3988 768 4035 p.
788 3973 844 4021 611.

182 4045 210 4107 ἵ)
231 4042 308 4094 Clem.
326 4044 389 4092 Alex.
408 4045 495 4092 Strom.
515 4043 539 4101 V,
556 4044 591 4092 12.
611 4057 634 4105 p.
646 4042 703 4092 693.
789 4040 815 4101 2)
834 4040 882 4087 611.
903 4039 997 4101 Lipsius
1017 4038 1031 4087 Ι.
1052 4053 1072 4086 c.
1093 4053 1117 4100 p.
1130 4036 1169 4085 28.

183 4113 210 4170 8)
234 4113 261 4163 l..
297 4108 446 4175 ἐπιταγαῖς
480 4110 515 4159 vel
555 4106 705 4174 denrayaie
789 4107 883 4166 ancti.
911 4106 954 4168 Ep.
972 4105 1099 4170 l’olpearpi
1122 4102 1151 4150 ad
1170 4102 1230 4150 Phil.
1248 4117 1267 4151 c.
1285 4101 1310 4153 4.

130 4180 179 4230 lan.
199 4179 262 4229 Pell.
791 4174 818 4238 4)
837 4175 961 4223 Praestare
981 4174 1072 4223 videtur
1090 4169 1164 4219 Clam.
1176 4168 1238 4217 illex.
1258 4165 1307 4219 did
1330 4199 1336 4208 ·

179 4247 210 4313 9]
229 4245 391 4306 Paulumrlp.
409 4258 457 4292 nou
476 4242 554 4290 solum
577 4242 600 4290 iu
626 4245 704 4301 linem,
740 4247 787 4308 τῆς
805 4244 891 4309 σιγῆς.
929 4241 1086 4302 compescant
1112 4234 1217 4296 linguam
1240 4252 1306 4286 suam

129 4317 173 4365 sed
197 4317 222 4364 in
246 4311 372 4364 exordium
396 4326 423 4359 ac
449 4309 552 4359 medinm
569 4311 630 4373 Epp.
649 4323 704 4356 sua-
738 4312 857 4361 mutieres.

128 4398 181 4435 rum
199 4380 371 4446 δοξοὶογίαν
391 4378 595 4437 introducentem,
623 4383 705 4426 noster
791 4379 818 4442 5)
836 4379 884 4427 ca.
905 4377 915 4427 l
937 4375 997 4424 Tim.
1015 4375 1037 4432 5,
1056 4369 1096 4421 2l.
