2886 4882
355 233 731 308 55555515555558.)
754 238 885 295 lGNATll.
914 240 1022 299 111.1V.
1217 241 1282 303 3731

92 387 176 471 λεύς,
200 415 379 471 ομακαριος
390 417 438 453 και
452 389 543 471 μόνος
558 391 711 474 δυνάστης
759 392 947 477 Τραϊανὸςί
919 418 1014 460 επεν·
1028 403 1281 508 κραβατοπυρίαις

95 494 130 536 σε
151 472 274 576 ἇυαιρῶ,
295 473 402 577 555⁸
367 502 406 555 μη
428 475 614 582 μετανοήσῃς,
653 475 790 581 Ἰγνάτιος
812 474 907 542 εἶπεν·
930 478 1027 558 καλὸν,
1050 473 1074 545 ῶ
1095 483 1276 563 βασιλεῦ,
1253 513 1274 568 5

95 558 131 620 ἐκ
154 563 255 660 κακῶν
275 555 420 638 μετάνοια
440 586 458 639 5
451 557 512 620 δὲ
533 562 562 636 ἐξ
584 559 706 663 ἀγαθῶν
727 558 869 636 ύπόδικός
896 562 986 626 ἐστιν·
1015 535 1125 626 55⁸
1095 593 1129 627 τα
1158 571 1276 671 κρείττω

95 638 155 744 γάρ
176 637 231 743 χρή
252 639 398 723 τρέχειν
378 649 465 722 ημᾶς,
488 641 542 705 οὐκ
565 641 654 707 ἐπὶ
626 670 660 705 τα
672 648 794 750 χείρονα
839 644 982 727 Τραϊανός
997 642 1091 711 εἶπεν
1115 658 1175 723 τοῖς
1193 649 1277 728 ὄνυξι

96 721 153 787 τδυ
174 730 266 787 νῶτον
287 724 378 788 αὐτοῦ
399 727 604 828 καταξέσαυτες
591 728 774 831 λέγετε
743 726 836 814 αὐτῷ·
858 732 995 831 πείσθητι
1015 738 1054 814 τῷ
1076 729 1274 831 αὐτοκράτορι,

97 808 151 871 καλ
171 813 269 871 θῦσον
290 817 351 884 τοῖς
370 818 453 882 θεοις
475 808 547 874 κατά
568 809 600 874 τό
625 813 719 915 δογμρι
739 818 791 891 τῆς
813 810 981 918 συγκλήτου.
1022 794 1160 897 Ἰγνάτιος
1177 814 1274 879 είπευ

98 887 207 994 ἐγῶ
178 916 211 953 το
233 888 328 974 δόγμα
349 900 400 955 τοῦ
422 900 496 955 θεοῦ
518 893 711 975 φοβοῦμαι
683 921 714 957 το
727 895 824 1041 55705·
846 894 900 959 οὐκ
915 897 1030 960 ἔσονταί
1044 900 1201 961 σοιθεολ”
1185 923 1276 1000 ετεροι

97 970 177 1054 πλήν
198 975 280 1054 ἐμοῦ,
301 973 388 1038 καλό
407 975 556 1051 θυσιάζωυ
576 986 659 1052 θεοῖς
673 978 702 1041 iv
703 980 778 1059 ἐροις
794 977 1082 1062 ἐξολοθρευθήσεται.
1112 979 1279 1088 συγκλήτου

100 1057 133 1121 δέ
149 1057 200 1120 καλ
211 1060 310 1138 βασιλ
311 1086 350 1133 ως
364 1085 541 1142 παραυομειυ
554 1086 588 1140 με
610 1061 784 1125 κελευόντων
805 1087 861 1126 ουκ
881 1085 1012 1127 ακουσω·
1034 1089 1070 1127 ου
1079 1067 1197 1170 ληιμηη
1219 1063 1256 1147 γά
1374 1067 1377 1072 ’

98 1139 257 1224 πρόσωπον
285 1142 437 1220 δυνάστου,
468 1146 498 1206 οῖ
523 1153 638 1207 θεῖοι
621 1142 705 1224 νόμοι
727 1144 961 1250 δραγορεήουσιν
983 1145 1087 1210 καῖ’
1054 1172 1109 1211 ουκ
1131 1129 1181 1234 ἐάγη
1203 1173 1274 1254 μετα

100 1231 216 1288 πολλῶν
238 1225 285 1287 ἐπί
306 1229 402 1289 κακία.
451 1226 593 1335 Τραῖρνδς
614 1224 707 1291 είπεν
740 1226 807 1304 ὅξος
828 1227 883 1292 σῦν
913 1229 977 1293 άλσλ
1007 1231 1152 1311 καταχέετε
1183 1229 1274 1295 αὐτοῦ

99 1314 158 1371 τῶν
179 1315 306 1391 πληγῶν,
332 1290 484 1407 Ἰήνάτιος
514 1307 607 1373 είπευ
635 1310 729 1375 πάντα
759 1337 809 1391 μοι
830 1320 918 1376 ταῦτα
931 1310 1021 1418 5555
1043 1321 1095 1393 τῆς
1126 1320 1177 1416 τρῦ
1198 1321 1280 1378 θεού-

100 1387 256 1475 ὁμολογίας
275 1389 412 1495 γινόμενα
434 1396 497 1456 ἰσθι
519 1402 635 1473 μισθῶν
657 1391 729 1458 εἶναι
750 1394 883 1477 πρόξευα.
906 1394 960 1460 οὐκ
981 1394 1110 1502 άξηαγάρ
1125 1394 1160 1458 τά
1175 1395 1274 1478 παθή-

101 1501 177 1554 ματα
206 1482 258 1538 τοῦ
289 1483 345 1539 νῦν
375 1484 479 1580 καιροῦ
523 1476 597 1559 πρός
625 1476 678 1558 τήν
709 1478 867 1581 μέλλουσαν
899 1479 988 1554 δόξαν
1015 1478 1272 1560 ἀποκαλυφθῆναι.

105 1556 249 1666 Τραβανδς
270 1555 363 1623 εἶπεν
386 1569 484 1639 φεῖσαι
507 1569 629 1663 σεαυτοῦ
650 1559 794 1662 λοιπὸη,’
784 1559 866 1643 άυερ,
888 1588 937 1625 και
927 1558 1054 1707 ⁸555]
1053 1571 1114 1636 τοῖς
1134 1583 1272 1644 προστατ-

100 1643 232 1750 τρμέηοις
252 1663 307 1719 σοι,
329 1644 390 1707 ἐπεὶ
397 1647 511 1752 χείροσι
524 1643 666 1726 χρήσομαι
682 1643 753 1708 κατά
776 1666 830 1708 σου
840 1642 1034 1725 βασάνοις.’
1034 1643 1242 1753 Ιγνάτιος
1176 1642 1269 1709 εἶπεν·

101 1728 144 1801 τίς
164 1723 248 1830 ήμᾶς
261 1730 373 1831 χωρίσει
395 1725 451 1790 άπδ
474 1735 526 1809 τῆς
547 1727 661 1831 ἀγάπης
681 1736 734 1792 τοῦ
758 1734 900 1811 Χριστοῦ,
922 1732 1029 1832 θλίψις
1047 1756 1066 1810 5
1088 1731 1271 1812 στενοχωρία,

101 1837 120 1890 η
106 1806 326 1916 ’διωγμδς,“
305 1837 324 1891 η
356 1809 497 1915 λιμὸς,
464 1839 495 1914 5
528 1810 684 1914 γυμνότης,
705 1840 724 1894 η
711 1808 937 1889 '⁸'⁸n‚555vvo9
911 1810 1097 1918 ημοήχαιρα,Ι
1118 1813 1274 1893 πέπεισμαι

102 1888 174 1977 γάρ,
195 1919 240 1957 οτι
261 1919 326 1957 ουτε
347 1892 421 1975 ζωή,
444 1892 510 1958 οὐτε
533 1894 660 1970 θάνατος
681 1897 817 1999 ἐηστήσαί
836 1921 870 1977 με
890 1903 942 1976 τῆς
968 1894 1113 1976 εὐσεβείας
1140 1895 1278 1977 δυνηθή-

103 1998 195 2051 σεται,
226 1975 417 2081 θαρρήσυυτα
447 1986 482 2064 τη
511 1978 633 2082 δυνάμει
661 1987 713 2041 τοῦ
737 1985 880 2083 Χριστοῦ
927 1978 1070 2083 Τραϊανὸς
1098 1975 1189 2042 είπεν·
1217 1980 1273 2043 οίει

103 2064 222 2140 νικῆσαί
241 2086 275 2167 με
296 2068 332 2140 τῆ
353 2065 502 2168 καρτερίᾳ,
532 2061 702 2165 φιλόηικου
712 2060 766 2146 γάρ
792 2059 903 2138 ζῶονύ
931 2060 1097 2146 ῦυθρωπος.
1135 2059 1273 2165 Ἰγνάτιος

102 2139 195 2206 εἶπεν·
219 2143 274 2208 οὐκ
284 2123 403 2247 οίρμαι,
425 2144 496 2208 άλλά
518 2144 643 2209 πιστεύω
662 2152 702 2209 τῶ
723 2145 835 2230 θεῷ,”
818 2172 862 2209 οτι
883 2147 1001 2225 ἐνίκησα
1021 2146 1072 2209 καλ
1092 2143 1210 2249 νικήσω,
1221 2146 1272 2208 ίυα

102 2234 245 2330 πεισθῇς,
277 2225 387 2335 555605
417 2233 501 2336 μεταξ
503 2226 520 2290 5
549 2211 695 2336 εὐσεβείας
722 2210 773 2292 καί
807 2227 946 2309 ἀσεβείας.
1003 2225 1146 2331 Τραϊανός
1175 2224 1269 2291 εἶπεν·

102 2309 237 2415 λαβόντες
265 2310 355 2375 αὐτὸν
383 2338 432 2374 και
463 2313 630 2392 περιθέντες
651 2310 730 2395 αὐτῶ
757 2314 864 2417 σίδηρα
888 2312 937 2374 καὶ
964 2309 1031 2386 τοῦς
1059 2310 1152 2385 πόδας
1180 2308 1271 2374 αὐτοῦ

102 2390 376 2475 ὐσφαλισάμενοι’
349 2420 389 2470 εις
410 2392 442 2458 τό
465 2395 559 2472 ξύλου,
580 2374 716 2499 βάλλετε9
731 2392 820 2458 αὐτόν
842 2391 932 2468 εἰς’
901 2419 955 2475 την
976 2395 1116 2474 ἐσωτέραν
1125 2390 1261 2539 55555555

101 2479 150 2541 καλ
171 2479 271 2577 μηδείς
292 2476 380 2542 αὐτὸν
402 2477 475 2553 ὅλως
496 2480 543 2541 ἐπὶ
563 2487 616 2559 τῆς
636 2475 795 2585 555559‘
778 2476 887 2583 οράτω·
913 2477 962 2538 καλ
983 2485 1058 2580 τρεῖς
1084 2476 1125 2557 ήμ
1127 2477 1193 2559 ίρας
1220 2447 1270 2540 καί

102 2568 176 2644 τρεῖς
203 2559 310 2635 νύκτας
338 2559 424 2644 άρτου
450 2560 503 2665 μή
511 2562 640 2644 φαγίτω,
668 2563 718 2623 ίνα
745 2585 815 2641 μετα
841 2584 891 2634 τας
918 2568 993 2642 τρεῖς
1021 2556 1131 2663 ημέρρις
1148 2562 1271 2663 θηρίρις

101 2642 271 2725 βληθείς
242 2644 318 2708 ούτω
337 2653 389 2748 τρῦ
410 2652 461 2751 ζήν
479 2642 637 2753 ύπεξέλθγ.
667 2642 865 2744 ήσύγηλητος
892 2639 985 2706 είπευ
1014 2640 1110 2706 καλ’
1090 2651 1173 2746 ημεῖς
1200 2639 1270 2723 σύμ-

102 2744 200 2809 ψηφοι
221 2735 273 2808 τῆς
300 2727 374 2791 κατά
402 2726 492 2833 αὐτου
500 2728 689 2832 άποφασερις
715 2725 874 2810 γινόμεθα·
896 2724 1006 2800 πάντας
1033 2724 1087 2810 γάρ
1118 2723 1185 2805 ’μῦς
1207 2724 1270 2788 ἐνύ-

102 2813 182 2892 βρισε
213 2809 283 2917 μετὰ
307 2819 360 2875 τοῦ
380 2810 604 2914 αὐτοκράτορος,
626 2809 666 2893 μὴ
689 2813 764 2887 ε’ίξας
783 2817 876 2873 θῦσαι
904 2818 964 2884 τοῖς
987 2818 1087 2884 θεοῖς,
1108 2806 1170 2872 αλλ’
1196 2804 1271 2872 είναι

103 2892 277 2999 Χριστιανὸς
298 2894 561 3002 διαβεβαρούμεηος,
601 2894 738 2980 Ἰγνάτιος
765 2890 857 2958 εἶπεν·
892 2889 1089 2997 εὐλογητὸς*
1072 2918 1088 2954 ο
1118 2889 1191 2964 θεὸς
1219 2891 1269 2954 ιιαλ

100 2976 199 3083 πατήρ
216 2985 268 3042 τοῦ
288 2976 434 3059 κυρίου.’
413 2985 497 3058 ημῶν
513 2977 611 3059 Ἰησοῦ
646 2985 786 3079 Χριστοῦ,
808 2976 840 3052 ὃς
859 2983 894 3062 τῇ
919 2983 1011 3062 πολλῇ
1038 2972 1128 3079 αὐτοῦ
1155 2968 1266 3055 άγαθό-

100 3086 161 3142 τηιι
181 3059 287 3142 ήξίωσὲ
308 3087 341 3142 με
363 3060 505 3125 κοινωνόν
526 3070 584 3126 τῶν
583 3060 786 3169 παθημάτων
805 3086 858 3170 τρο
845 3038 1000 3161 Χριρτοῦ
1021 3054 1112 3120 αὐτοῦ
1132 3055 1270 3139 γενέσθαι

100 3143 210 3208 καῖ’
171 3171 301 3228 μαρτυρα
321 3153 372 3226 τῆς
392 3144 534 3227 θεότητος
556 3144 646 3209 αὐτοῦ
668 3144 766 3226 ἀληθῆ
787 3145 836 3207 καὶ
857 3141 967 3216 πιστόν.

185 3304 226 3358 IV
273 3301 316 3382 T5
339 3295 370 3358 δε
390 3298 469 3402 τρίτη
490 3295 582 3380 ημίρα
606 3293 749 3402 Τρριϊαυδς
768 3288 1099 3394 προσκαλεσάμενοςτήυ
1113 3287 1273 3394 σύγκλητον

101 3403 152 3441 και
181 3374 233 3441 τδν
262 3360 386 3460 ἐπάρχου
406 3381 538 3484 πρόεισιν
560 3360 656 3443 ἐπι“
627 3404 660 3484 τρ
684 3378 895 3460 ἀμφιθέατρον,
916 3374 1131 3458 συνδραμόντος
1148 3372 1199 3437 καλ
1219 3376 1273 3436 τοῦ

101 3458 197 3541 δημου
217 3459 379 3542 Ῥωμαίων
401 3461 543 3568 ήκουσαν
553 3460 634 3564 γάρ
640 3461 685 3525 ὅτι
706 3488 722 3525 ο
715 3461 899 3535 ’ἐπίσκοπος
919 3462 1058 3565 Συρίας
1057 3457 1149 3538 μέλλει
1169 3464 1272 3558 θηριο-

101 3552 214 3649 μαχεῖυ·
237 3548 286 3608 καὶ
307 3543 485 3610 ἐκίλευσενό
508 3543 692 3651 αὐτοκράτωρ
710 3548 886 3648 είσαχθηναι
906 3541 1005 3645 αὐτου.
1035 3538 1075 3615 59
1087 3540 1118 3643 δὲ
1130 3536 1272 3602 ἐθεάσατο

102 3625 209 3704 αὐτόν,
234 3630 290 3732 ἐιγη
314 3627 400 3731 πρὸς
411 3627 514 3692 αὐτόν·
538 3628 593 3733 ἐγῶ
614 3626 800 3709 θαυμάζω,
791 3628 835 3691 ότι
854 3632 906 3730 ζής
926 3623 995 3706 μετά
1016 3620 1156 3696 τοσαύτας
1176 3624 1274 3698 αίκίας

102 3711 151 3773 καὶ
171 3713 322 3819 τοσαύτην
335 3710 429 3791 λιμόν.
457 3714 507 3776 καί
527 3720 582 3822 νῦν
597 3715 741 3817 πείσθητί
766 3736 831 3792 μοι,
854 3708 933 3782 ὅπως
964 3732 1014 3771 και
1039 3713 1097 3770 τῶν
1122 3705 1273 3813 προκειμέ-

103 3820 161 3858 νων
181 3803 280 3859 κακῶν
307 3792 486 3882 ὐπαλλαγῇς·
517 3799 565 3860 καλ
585 3794 663 3878 ήμᾶς
684 3805 736 3860 τοῦ
763 3799 866 3858 λοιποῦ
886 3794 991 3891 φίλους
1017 3787 1142 3865 ἔξυς’
1175 3786 1273 3862 νάτως

103 3872 196 3942 εἶπεν·
217 3875 315 3984 ἐοιηάς
343 3904 392 3982 μοι
396 3877 531 4024 ἑμορφήν
560 3880 611 3960 μὲν
639 3881 712 3983 ἔχειν
740 3875 922 3979 55555505,
941 3870 1068 3957 τρόπους
1097 3871 1128 3934 δέ
1142 3794 1272 3933 Ιύλωποῦ

103 3963 229 4036 σείοντος
248 3963 314 4065 μὲν
321 3989 356 4049 τη
377 3963 477 4068 κίρκῳ,
497 3957 735 4067 ἐπιβουλεύοντος
756 3961 787 4023 δὲ
804 3966 843 4066 τῇ
865 3955 970 4064 γνώμη,
983 3948 1272 4061 555555550555-

103 4070 178 4124 ματα
207 4026 400 4151 πλαττόμενος
425 4046 473 4109 καί
504 4044 714 4125 βουλευόμενος
742 4042 832 4124 μηδεν
856 4040 943 4125 ύχιίς.
980 4038 1069 4185 άκοιχε
1099 4043 1171 4136 γοῦν
1202 4030 1272 4115 μετδι

103 4127 324 4208 555556559,⁸
300 4155 340 4203 ως
362 4127 458 4204 οὐδείς
480 4155 528 4209 μοι
551 4128 635 4213 λόγος
655 4130 744 4192 ἐσται1
763 4133 816 4190 τοῦ
837 4131 950 4207 θνητοῦ
972 4123 1021 4187 καλ
1043 4115 1182 4200 ἐπικήρον
1203 4119 1272 4199 βίου

161 4328 202 4389 12)
221 4328 312 4390 λείψει
332 4331 381 4380 Ιίτιῑ.
761 4326 785 4391 1)
805 4327 876 4376 Forte
894 4321 962 4375 ἐστλ,

157 4394 200 4458 13)
218 4390 316 4458 βάλετε
335 4397 385 4446 Vnt.
