<?xml version="1.0" encoding="UTF-8"?>
<!DOCTYPE html PUBLIC "-//W3C//DTD XHTML 1.0 Transitional//EN"
    "http://www.w3.org/TR/xhtml1/DTD/xhtml1-transitional.dtd">
<html xmlns="http://www.w3.org/1999/xhtml" xml:lang="en" lang="en">
 <head>
  <title>
</title>
<meta http-equiv="Content-Type" content="text/html;charset=utf-8" />
  <meta name='ocr-system' content='tesseract 3.04.00' />
  <meta name='ocr-capabilities' content='ocr_page ocr_carea ocr_par ocr_line ocrx_word'/>
</head>
<body>
  <div class='ocr_page' id='page_1' title='image "./patrumapostolic00polygoog/patrumapostolic00polygoog_0548.png"; bbox 0 0 2886 4882; ppageno 0'>
   <div class='ocr_carea' id='block_1_1' title="bbox 266 226 1282 310">
    <p class='ocr_par' dir='ltr' id='par_1_1' title="bbox 266 226 1282 310">
     <span class='ocr_line' id='line_1_1' title="bbox 266 226 1282 310; baseline 0.019 -26"><span class='ocrx_word' id='word_1_1' title='bbox 266 226 404 285; x_wconf 71' lang='lat' dir='ltr'><strong>trebues</strong></span> <span class='ocrx_word' id='word_1_2' title='bbox 425 228 564 287; x_wconf 78' lang='lat' dir='ltr'><strong>lusson.</strong></span> <span class='ocrx_word' id='word_1_3' title='bbox 604 230 701 289; x_wconf 83' lang='lat' dir='ltr'>LIBER</span> <span class='ocrx_word' id='word_1_4' title='bbox 722 233 765 288; x_wconf 90' lang='lat' dir='ltr'><strong>lll.</strong></span> <span class='ocrx_word' id='word_1_5' title='bbox 808 233 942 295; x_wconf 74' lang='lat' dir='ltr'><strong>stultis.</strong></span> <span class='ocrx_word' id='word_1_6' title='bbox 965 234 1000 292; x_wconf 79' lang='lat' dir='ltr'><strong>lt</strong></span> <span class='ocrx_word' id='word_1_7' title='bbox 1019 236 1063 295; x_wconf 81' lang='grc' dir='ltr'>ΙΙΙ.</span> <span class='ocrx_word' id='word_1_8' title='bbox 1084 233 1127 310; x_wconf 78' lang='grc' dir='ltr'><strong>(Ι)</strong></span> <span class='ocrx_word' id='word_1_9' title='bbox 1223 237 1282 303; x_wconf 80' lang='grc'><strong>487</strong></span> 
     </span>
    </p>
   </div>
   <div class='ocr_carea' id='block_1_2' title="bbox 103 394 1280 2693">
    <p class='ocr_par' dir='ltr' id='par_1_2' title="bbox 103 394 1280 2693">
     <span class='ocr_line' id='line_1_2' title="bbox 105 394 1279 475; baseline 0.012 -24"><span class='ocrx_word' id='word_1_10' title='bbox 105 412 170 468; x_wconf 81' lang='lat' dir='ltr'><strong>orgo</strong></span> <span class='ocrx_word' id='word_1_11' title='bbox 192 394 339 449; x_wconf 77' lang='lat' dir='ltr'>similitudo</span> <span class='ocrx_word' id='word_1_12' title='bbox 362 396 450 467; x_wconf 83' lang='lat' dir='ltr'><strong>posita</strong></span> <span class='ocrx_word' id='word_1_13' title='bbox 473 396 542 450; x_wconf 91' lang='lat' dir='ltr'><strong>est</strong></span> <span class='ocrx_word' id='word_1_14' title='bbox 536 413 561 451; x_wconf 90' lang='lat' dir='ltr'><strong>m</strong></span> <span class='ocrx_word' id='word_1_15' title='bbox 585 398 711 472; x_wconf 92' lang='lat' dir='ltr'><strong>personis</strong></span> <span class='ocrx_word' id='word_1_16' title='bbox 734 414 874 454; x_wconf 87' lang='lat' dir='ltr'><strong>servorum</strong></span> <span class='ocrx_word' id='word_1_17' title='bbox 896 398 958 467; x_wconf 88' lang='lat' dir='ltr'><strong>Ilei,</strong></span> <span class='ocrx_word' id='word_1_18' title='bbox 982 405 1111 475; x_wconf 89' lang='lat' dir='ltr'><strong>pauperis</strong></span> <span class='ocrx_word' id='word_1_19' title='bbox 1132 413 1160 462; x_wconf 89' lang='lat' dir='ltr'><strong>et</strong></span> <span class='ocrx_word' id='word_1_20' title='bbox 1181 405 1279 465; x_wconf 88' lang='lat' dir='ltr'><strong>divitis.</strong></span> 
     </span>
     <span class='ocr_line' id='line_1_3' title="bbox 105 477 1280 562; baseline 0.013 -30"><span class='ocrx_word' id='word_1_21' title='bbox 105 477 351 546; x_wconf 79' lang='lat' dir='ltr'><strong>Quemadmodum,</strong></span> <span class='ocrx_word' id='word_1_22' title='bbox 396 479 522 550; x_wconf 90' lang='lat' dir='ltr'><strong>inquam,</strong></span> <span class='ocrx_word' id='word_1_23' title='bbox 566 478 692 546; x_wconf 88' lang='lat' dir='ltr'><strong>domine,</strong></span> <span class='ocrx_word' id='word_1_24' title='bbox 732 480 887 537; x_wconf 87' lang='lat' dir='ltr'><strong>demonstra</strong></span> <span class='ocrx_word' id='word_1_25' title='bbox 924 482 998 537; x_wconf 82' lang='lat' dir='ltr'><strong>milri.</strong></span> <span class='ocrx_word' id='word_1_26' title='bbox 1051 486 1136 553; x_wconf 77' lang='lat' dir='ltr'><strong>dudi,</strong></span> <span class='ocrx_word' id='word_1_27' title='bbox 1183 489 1280 562; x_wconf 80' lang='lat' dir='ltr'><strong>inquit.</strong></span> 
     </span>
     <span class='ocr_line' id='line_1_4' title="bbox 105 560 1279 644; baseline 0.009 -29"><span class='ocrx_word' id='word_1_28' title='bbox 105 561 182 616; x_wconf 84' lang='lat' dir='ltr'><strong>llives</strong></span> <span class='ocrx_word' id='word_1_29' title='bbox 206 560 315 632; x_wconf 90' lang='lat' dir='ltr'><strong>quidem</strong></span> <span class='ocrx_word' id='word_1_30' title='bbox 344 577 411 633; x_wconf 92' lang='lat' dir='ltr'><strong>opes</strong></span> <span class='ocrx_word' id='word_1_31' title='bbox 432 560 528 628; x_wconf 80' lang='lat' dir='ltr'><strong>hubet3</strong></span> <span class='ocrx_word' id='word_1_32' title='bbox 550 562 582 617; x_wconf 93' lang='lat' dir='ltr'><strong>ad</strong></span> <span class='ocrx_word' id='word_1_33' title='bbox 613 561 695 617; x_wconf 81' lang='lat' dir='ltr'><strong>boum</strong></span> <span class='ocrx_word' id='word_1_34' title='bbox 726 580 791 618; x_wconf 88' lang='lat' dir='ltr'><strong>vero</strong></span> <span class='ocrx_word' id='word_1_35' title='bbox 821 565 900 638; x_wconf 91' lang='lat' dir='ltr'><strong>inops</strong></span> <span class='ocrx_word' id='word_1_36' title='bbox 929 573 978 620; x_wconf 85' lang='lat' dir='ltr'><strong>est.</strong></span> <span class='ocrx_word' id='word_1_37' title='bbox 1020 565 1176 623; x_wconf 87' lang='lat' dir='ltr'><strong>Protractus</strong></span> <span class='ocrx_word' id='word_1_38' title='bbox 1207 573 1279 644; x_wconf 82' lang='lat' dir='ltr'><strong>enim</strong></span> 
     </span>
     <span class='ocr_line' id='line_1_5' title="bbox 105 642 1278 725; baseline 0.009 -25"><span class='ocrx_word' id='word_1_39' title='bbox 105 646 177 700; x_wconf 88' lang='lat' dir='ltr'><strong>circa</strong></span> <span class='ocrx_word' id='word_1_40' title='bbox 208 642 312 698; x_wconf 87' lang='lat' dir='ltr'><strong>divitias</strong></span> <span class='ocrx_word' id='word_1_41' title='bbox 342 659 404 696; x_wconf 92' lang='lat' dir='ltr'><strong>suas</strong></span> <span class='ocrx_word' id='word_1_42' title='bbox 434 643 556 715; x_wconf 76' lang='lat' dir='ltr'><strong>exiguam</strong></span> <span class='ocrx_word' id='word_1_43' title='bbox 585 643 737 700; x_wconf 90' lang='lat' dir='ltr'><strong>orationem</strong></span> <span class='ocrx_word' id='word_1_44' title='bbox 767 645 799 700; x_wconf 90' lang='lat' dir='ltr'><strong>ad</strong></span> <span class='ocrx_word' id='word_1_45' title='bbox 830 645 970 702; x_wconf 85' lang='lat' dir='ltr'><strong>Dominum</strong></span> <span class='ocrx_word' id='word_1_46' title='bbox 998 647 1137 720; x_wconf 76' lang='lat' dir='ltr'>possidet,</span> <span class='ocrx_word' id='word_1_47' title='bbox 1163 667 1278 725; x_wconf 89' lang='lat' dir='ltr'><strong>eamque</strong></span> 
     </span>
     <span class='ocr_line' id='line_1_6' title="bbox 105 718 1278 803; baseline 0.006 -22"><span class='ocrx_word' id='word_1_48' title='bbox 105 725 185 782; x_wconf 85' lang='lat' dir='ltr'><strong>babet</strong></span> <span class='ocrx_word' id='word_1_49' title='bbox 215 726 328 780; x_wconf 87' lang='lat' dir='ltr'><strong>inertem</strong></span> <span class='ocrx_word' id='word_1_50' title='bbox 357 733 384 780; x_wconf 90' lang='lat' dir='ltr'><strong>et</strong></span> <span class='ocrx_word' id='word_1_51' title='bbox 412 718 522 780; x_wconf 68' lang='grc' dir='ltr'><strong>[οῑιιοιιι8</strong></span> <span class='ocrx_word' id='word_1_52' title='bbox 553 726 706 799; x_wconf 77' lang='lat' dir='ltr'><strong>nullamque</strong></span> <span class='ocrx_word' id='word_1_53' title='bbox 737 728 789 782; x_wconf 87' lang='lat' dir='ltr'><strong>vim</strong></span> <span class='ocrx_word' id='word_1_54' title='bbox 819 729 889 800; x_wconf 92' lang='lat' dir='ltr'><strong>apud</strong></span> <span class='ocrx_word' id='word_1_55' title='bbox 920 729 1060 785; x_wconf 85' lang='lat' dir='ltr'><strong>[lominum</strong></span> <span class='ocrx_word' id='word_1_56' title='bbox 1083 732 1278 803; x_wconf 76' lang='lat' dir='ltr'><strong>possidentem.</strong></span> 
     </span>
     <span class='ocr_line' id='line_1_7' title="bbox 105 800 1279 904; baseline 0.007 -40"><span class='ocrx_word' id='word_1_57' title='bbox 105 808 217 877; x_wconf 81' lang='lat' dir='ltr'><strong>Quando</strong></span> <span class='ocrx_word' id='word_1_58' title='bbox 239 816 326 863; x_wconf 88' lang='lat' dir='ltr'><strong>autem</strong></span> <span class='ocrx_word' id='word_1_59' title='bbox 352 800 484 864; x_wconf 83' lang='lat' dir='ltr'><strong>relicitur⁴</strong></span> <span class='ocrx_word' id='word_1_60' title='bbox 507 826 610 881; x_wconf 86' lang='lat' dir='ltr'><strong>pauper</strong></span> <span class='ocrx_word' id='word_1_61' title='bbox 639 826 653 863; x_wconf 89' lang='lat' dir='ltr'><strong>a</strong></span> <span class='ocrx_word' id='word_1_62' title='bbox 681 809 779 876; x_wconf 88' lang='lat' dir='ltr'><strong>divite,</strong></span> <span class='ocrx_word' id='word_1_63' title='bbox 809 819 1036 904; x_wconf 77' lang='lat' dir='ltr'><strong>praestanturque</strong></span> <span class='ocrx_word' id='word_1_64' title='bbox 1059 813 1083 869; x_wconf 92' lang='lat' dir='ltr'><strong>ei</strong></span> <span class='ocrx_word' id='word_1_65' title='bbox 1117 830 1185 886; x_wconf 88' lang='lat' dir='ltr'><strong>quae</strong></span> <span class='ocrx_word' id='word_1_66' title='bbox 1215 824 1279 872; x_wconf 88' lang='lat' dir='ltr'><strong>sunt</strong></span> 
     </span>
     <span class='ocr_line' id='line_1_8' title="bbox 105 890 1280 988; baseline 0.006 -42"><span class='ocrx_word' id='word_1_67' title='bbox 105 890 270 957; x_wconf 88' lang='lat' dir='ltr'><strong>necessaria,</strong></span> <span class='ocrx_word' id='word_1_68' title='bbox 292 890 593 962; x_wconf 88' lang='lat' dir='ltr'><strong>credetutiquedives,</strong></span> <span class='ocrx_word' id='word_1_69' title='bbox 615 892 742 984; x_wconf 84' lang='lat' dir='ltr'><strong>quonium</strong></span> <span class='ocrx_word' id='word_1_70' title='bbox 765 893 788 947; x_wconf 91' lang='lat' dir='ltr'><strong>si</strong></span> <span class='ocrx_word' id='word_1_71' title='bbox 806 895 977 998; x_wconf 78' lang='lat' dir='ltr'><strong>operetnrip</strong></span> <span class='ocrx_word' id='word_1_72' title='bbox 997 910 1155 988; x_wconf 82' lang='lat' dir='ltr'><strong>pauperem,</strong></span> <span class='ocrx_word' id='word_1_73' title='bbox 1177 898 1280 970; x_wconf 87' lang='lat' dir='ltr'><strong>poterit</strong></span> 
     </span>
     <span class='ocr_line' id='line_1_9' title="bbox 106 969 1279 1050; baseline 0.009 -22"><span class='ocrx_word' id='word_1_74' title='bbox 106 974 175 1047; x_wconf 90' lang='lat' dir='ltr'><strong>apud</strong></span> <span class='ocrx_word' id='word_1_75' title='bbox 190 972 273 1028; x_wconf 86' lang='lat' dir='ltr'><strong>[lenm</strong></span> <span class='ocrx_word' id='word_1_76' title='bbox 289 972 443 1028; x_wconf 91' lang='lat' dir='ltr'><strong>mercedem</strong></span> <span class='ocrx_word' id='word_1_77' title='bbox 458 990 550 1046; x_wconf 86' lang='lat' dir='ltr'><strong>operis</strong></span> <span class='ocrx_word' id='word_1_78' title='bbox 566 991 695 1029; x_wconf 80' lang='lat' dir='ltr'><strong>invenire</strong></span> <span class='ocrx_word' id='word_1_79' title='bbox 739 974 865 1047; x_wconf 78' lang='lat' dir='ltr'><strong>lntellrgit</strong></span> <span class='ocrx_word' id='word_1_80' title='bbox 879 969 972 1040; x_wconf 86' lang='lat' dir='ltr'><strong>enim</strong></span> <span class='ocrx_word' id='word_1_81' title='bbox 983 993 1111 1050; x_wconf 83' lang='lat' dir='ltr'><strong>pauperis</strong></span> <span class='ocrx_word' id='word_1_82' title='bbox 1127 979 1279 1039; x_wconf 78' lang='lat' dir='ltr'><strong>orationem</strong></span> 
     </span>
     <span class='ocr_line' id='line_1_10' title="bbox 104 1055 1278 1135; baseline 0.006 -23"><span class='ocrx_word' id='word_1_83' title='bbox 104 1057 208 1112; x_wconf 84' lang='lat' dir='ltr'><strong>beatam</strong></span> <span class='ocrx_word' id='word_1_84' title='bbox 230 1073 307 1123; x_wconf 89' lang='lat' dir='ltr'><strong>esse,</strong></span> <span class='ocrx_word' id='word_1_85' title='bbox 330 1063 357 1111; x_wconf 91' lang='lat' dir='ltr'><strong>et</strong></span> <span class='ocrx_word' id='word_1_86' title='bbox 376 1055 491 1110; x_wconf 90' lang='lat' dir='ltr'><strong>adeundi</strong></span> <span class='ocrx_word' id='word_1_87' title='bbox 514 1055 548 1111; x_wconf 94' lang='lat' dir='ltr'><strong>ad</strong></span> <span class='ocrx_word' id='word_1_88' title='bbox 570 1055 653 1112; x_wconf 85' lang='lat' dir='ltr'><strong>Deum</strong></span> <span class='ocrx_word' id='word_1_89' title='bbox 681 1057 733 1112; x_wconf 89' lang='lat' dir='ltr'><strong>vim</strong></span> <span class='ocrx_word' id='word_1_90' title='bbox 756 1074 879 1129; x_wconf 76' lang='lat' dir='ltr'><strong>maguam</strong></span> <span class='ocrx_word' id='word_1_91' title='bbox 908 1057 1017 1115; x_wconf 90' lang='lat' dir='ltr'><strong>babere.</strong></span> <span class='ocrx_word' id='word_1_92' title='bbox 1060 1060 1183 1116; x_wconf 85' lang='lat' dir='ltr'><strong>Praestat</strong></span> <span class='ocrx_word' id='word_1_93' title='bbox 1209 1077 1278 1135; x_wconf 75' lang='lat' dir='ltr'><strong>ergo</strong></span> 
     </span>
     <span class='ocr_line' id='line_1_11' title="bbox 105 1129 1278 1231; baseline 0.003 -37"><span class='ocrx_word' id='word_1_94' title='bbox 105 1139 178 1195; x_wconf 84' lang='lat' dir='ltr'><strong>dives</strong></span> <span class='ocrx_word' id='word_1_95' title='bbox 201 1139 314 1230; x_wconf 83' lang='lat' dir='ltr'><strong>pauperi</strong></span> <span class='ocrx_word' id='word_1_96' title='bbox 334 1139 424 1194; x_wconf 84' lang='lat' dir='ltr'><strong>omnia</strong></span> <span class='ocrx_word' id='word_1_97' title='bbox 444 1139 502 1194; x_wconf 92' lang='lat' dir='ltr'><strong>siue</strong></span> <span class='ocrx_word' id='word_1_98' title='bbox 526 1138 617 1206; x_wconf 89' lang='lat' dir='ltr'><strong>dubio,</strong></span> <span class='ocrx_word' id='word_1_99' title='bbox 639 1129 682 1194; x_wconf 81' lang='lat' dir='ltr'><strong>ac⁶</strong></span> <span class='ocrx_word' id='word_1_100' title='bbox 697 1156 802 1231; x_wconf 87' lang='lat' dir='ltr'><strong>pauper</strong></span> <span class='ocrx_word' id='word_1_101' title='bbox 822 1140 1034 1197; x_wconf 83' lang='lat' dir='ltr'><strong>subministratis</strong></span> <span class='ocrx_word' id='word_1_102' title='bbox 1049 1142 1101 1197; x_wconf 91' lang='lat' dir='ltr'><strong>sibi</strong></span> <span class='ocrx_word' id='word_1_103' title='bbox 1123 1142 1157 1197; x_wconf 92' lang='lat' dir='ltr'><strong>ad</strong></span> <span class='ocrx_word' id='word_1_104' title='bbox 1179 1143 1278 1207; x_wconf 85' lang='lat' dir='ltr'><strong>victum</strong></span> 
     </span>
     <span class='ocr_line' id='line_1_12' title="bbox 105 1220 1278 1298; baseline 0.006 -23"><span class='ocrx_word' id='word_1_105' title='bbox 105 1221 267 1276; x_wconf 87' lang='lat' dir='ltr'><strong>necessariis</strong></span> <span class='ocrx_word' id='word_1_106' title='bbox 289 1222 388 1293; x_wconf 79' lang='lat' dir='ltr'><strong>gratias</strong></span> <span class='ocrx_word' id='word_1_107' title='bbox 410 1220 465 1292; x_wconf 81' lang='lat' dir='ltr'><strong>agit</strong></span> <span class='ocrx_word' id='word_1_108' title='bbox 485 1220 539 1276; x_wconf 86' lang='lat' dir='ltr'><strong>Deo</strong></span> <span class='ocrx_word' id='word_1_109' title='bbox 562 1238 613 1294; x_wconf 93' lang='lat' dir='ltr'><strong>pro</strong></span> <span class='ocrx_word' id='word_1_110' title='bbox 636 1238 678 1290; x_wconf 93' lang='lat' dir='ltr'><strong>oo,</strong></span> <span class='ocrx_word' id='word_1_111' title='bbox 701 1222 748 1293; x_wconf 89' lang='lat' dir='ltr'><strong>qni</strong></span> <span class='ocrx_word' id='word_1_112' title='bbox 771 1221 864 1278; x_wconf 84' lang='lat' dir='ltr'><strong>tribuit</strong></span> <span class='ocrx_word' id='word_1_113' title='bbox 886 1223 932 1278; x_wconf 89' lang='lat' dir='ltr'><strong>illi.</strong></span> <span class='ocrx_word' id='word_1_114' title='bbox 974 1223 1115 1291; x_wconf 81' lang='lat' dir='ltr'><strong>Quomodo</strong></span> <span class='ocrx_word' id='word_1_115' title='bbox 1139 1241 1204 1298; x_wconf 82' lang='lat' dir='ltr'><strong>ergo</strong></span> <span class='ocrx_word' id='word_1_116' title='bbox 1230 1224 1278 1288; x_wconf 85' lang='lat' dir='ltr'><strong>ille</strong></span> 
     </span>
     <span class='ocr_line' id='line_1_13' title="bbox 105 1303 1278 1381; baseline 0.004 -22"><span class='ocrx_word' id='word_1_117' title='bbox 105 1304 178 1359; x_wconf 86' lang='lat' dir='ltr'><strong>dives</strong></span> <span class='ocrx_word' id='word_1_118' title='bbox 201 1303 309 1358; x_wconf 81' lang='lat' dir='ltr'><strong>festinat</strong></span> <span class='ocrx_word' id='word_1_119' title='bbox 320 1319 369 1376; x_wconf 92' lang='lat' dir='ltr'><strong>pro</strong></span> <span class='ocrx_word' id='word_1_120' title='bbox 392 1319 520 1375; x_wconf 88' lang='lat' dir='ltr'><strong>paupere,</strong></span> <span class='ocrx_word' id='word_1_121' title='bbox 542 1303 653 1375; x_wconf 89' lang='lat' dir='ltr'><strong>nequid</strong></span> <span class='ocrx_word' id='word_1_122' title='bbox 674 1303 698 1358; x_wconf 92' lang='lat' dir='ltr'><strong>ei</strong></span> <span class='ocrx_word' id='word_1_123' title='bbox 716 1303 802 1360; x_wconf 87' lang='lat' dir='ltr'><strong>desit</strong></span> <span class='ocrx_word' id='word_1_124' title='bbox 797 1322 823 1360; x_wconf 88' lang='grc' dir='ltr'><strong>ιιι</strong></span> <span class='ocrx_word' id='word_1_125' title='bbox 840 1307 912 1361; x_wconf 92' lang='lat' dir='ltr'><strong>omni</strong></span> <span class='ocrx_word' id='word_1_126' title='bbox 925 1306 977 1361; x_wconf 84' lang='lat' dir='ltr'><strong>vita</strong></span> <span class='ocrx_word' id='word_1_127' title='bbox 991 1323 1052 1362; x_wconf 89' lang='lat' dir='ltr'><strong>sua:</strong></span> <span class='ocrx_word' id='word_1_128' title='bbox 1074 1307 1114 1363; x_wconf 90' lang='lat' dir='ltr'><strong>sic</strong></span> <span class='ocrx_word' id='word_1_129' title='bbox 1131 1315 1157 1362; x_wconf 88' lang='lat' dir='ltr'><strong>et</strong></span> <span class='ocrx_word' id='word_1_130' title='bbox 1174 1323 1278 1381; x_wconf 84' lang='lat' dir='ltr'><strong>pauper</strong></span> 
     </span>
     <span class='ocr_line' id='line_1_14' title="bbox 105 1384 1278 1461; baseline 0.005 -21"><span class='ocrx_word' id='word_1_131' title='bbox 105 1394 164 1440; x_wconf 89' lang='lat' dir='ltr'><strong>orat</strong></span> <span class='ocrx_word' id='word_1_132' title='bbox 178 1403 228 1458; x_wconf 89' lang='lat' dir='ltr'><strong>pro</strong></span> <span class='ocrx_word' id='word_1_133' title='bbox 241 1386 328 1442; x_wconf 82' lang='lat' dir='ltr'><strong>divite.</strong></span> <span class='ocrx_word' id='word_1_134' title='bbox 371 1384 490 1456; x_wconf 83' lang='lat' dir='ltr'><strong>Uterque</strong></span> <span class='ocrx_word' id='word_1_135' title='bbox 504 1402 569 1458; x_wconf 82' lang='lat' dir='ltr'><strong>ergo</strong></span> <span class='ocrx_word' id='word_1_136' title='bbox 584 1386 684 1440; x_wconf 90' lang='lat' dir='ltr'><strong>suntin</strong></span> <span class='ocrx_word' id='word_1_137' title='bbox 700 1402 791 1458; x_wconf 91' lang='lat' dir='ltr'><strong>opere.</strong></span> <span class='ocrx_word' id='word_1_138' title='bbox 833 1387 908 1444; x_wconf 76' lang='lat' dir='ltr'><strong>Alter</strong></span> <span class='ocrx_word' id='word_1_139' title='bbox 919 1389 989 1444; x_wconf 91' lang='lat' dir='ltr'><strong>enim</strong></span> <span class='ocrx_word' id='word_1_140' title='bbox 1002 1396 1131 1461; x_wconf 88' lang='lat' dir='ltr'><strong>operatur</strong></span> <span class='ocrx_word' id='word_1_141' title='bbox 1143 1391 1278 1459; x_wconf 80' lang='lat' dir='ltr'><strong>oratioue,</strong></span> 
     </span>
     <span class='ocr_line' id='line_1_15' title="bbox 104 1467 1278 1539; baseline 0.005 -16"><span class='ocrx_word' id='word_1_142' title='bbox 104 1469 131 1523; x_wconf 93' lang='lat' dir='ltr'><strong>in</strong></span> <span class='ocrx_word' id='word_1_143' title='bbox 162 1485 213 1539; x_wconf 89' lang='lat' dir='ltr'><strong>qna</strong></span> <span class='ocrx_word' id='word_1_144' title='bbox 242 1467 337 1524; x_wconf 87' lang='lat' dir='ltr'><strong>beatus</strong></span> <span class='ocrx_word' id='word_1_145' title='bbox 368 1473 425 1534; x_wconf 92' lang='lat' dir='ltr'><strong>est,</strong></span> <span class='ocrx_word' id='word_1_146' title='bbox 453 1476 480 1523; x_wconf 92' lang='lat' dir='ltr'><strong>et</strong></span> <span class='ocrx_word' id='word_1_147' title='bbox 509 1467 586 1524; x_wconf 89' lang='lat' dir='ltr'><strong>reddi</strong></span> <span class='ocrx_word' id='word_1_148' title='bbox 616 1468 680 1523; x_wconf 81' lang='lat' dir='ltr'><strong>lacit</strong></span> <span class='ocrx_word' id='word_1_149' title='bbox 710 1469 899 1525; x_wconf 87' lang='lat' dir='ltr'><strong>mercedcma</strong></span> <span class='ocrx_word' id='word_1_150' title='bbox 926 1471 1048 1526; x_wconf 83' lang='lat' dir='ltr'><strong>Domino.</strong></span> <span class='ocrx_word' id='word_1_151' title='bbox 1091 1470 1219 1528; x_wconf 86' lang='lat' dir='ltr'><strong>Similiter</strong></span> <span class='ocrx_word' id='word_1_152' title='bbox 1249 1479 1278 1529; x_wconf 86' lang='lat' dir='ltr'><strong>et</strong></span> 
     </span>
     <span class='ocr_line' id='line_1_16' title="bbox 105 1549 1275 1627; baseline 0.008 -23"><span class='ocrx_word' id='word_1_153' title='bbox 105 1549 178 1605; x_wconf 89' lang='lat' dir='ltr'><strong>dives</strong></span> <span class='ocrx_word' id='word_1_154' title='bbox 201 1550 234 1605; x_wconf 90' lang='lat' dir='ltr'><strong>de</strong></span> <span class='ocrx_word' id='word_1_155' title='bbox 255 1551 307 1618; x_wconf 82' lang='lat' dir='ltr'><strong>liis,</strong></span> <span class='ocrx_word' id='word_1_156' title='bbox 331 1567 399 1623; x_wconf 85' lang='lat' dir='ltr'><strong>quae</strong></span> <span class='ocrx_word' id='word_1_157' title='bbox 420 1551 527 1622; x_wconf 90' lang='lat' dir='ltr'><strong>accepit</strong></span> <span class='ocrx_word' id='word_1_158' title='bbox 547 1568 561 1605; x_wconf 94' lang='lat' dir='ltr'><strong>a</strong></span> <span class='ocrx_word' id='word_1_159' title='bbox 583 1551 714 1617; x_wconf 85' lang='lat' dir='ltr'><strong>llomino,</strong></span> <span class='ocrx_word' id='word_1_160' title='bbox 736 1551 794 1606; x_wconf 91' lang='lat' dir='ltr'><strong>sine</strong></span> <span class='ocrx_word' id='word_1_161' title='bbox 816 1550 983 1608; x_wconf 89' lang='lat' dir='ltr'><strong>dubitatione</strong></span> <span class='ocrx_word' id='word_1_162' title='bbox 1006 1559 1126 1625; x_wconf 88' lang='lat' dir='ltr'><strong>praestat</strong></span> <span class='ocrx_word' id='word_1_163' title='bbox 1151 1554 1275 1627; x_wconf 85' lang='lat' dir='ltr'><strong>pauperi.</strong></span> 
     </span>
     <span class='ocr_line' id='line_1_17' title="bbox 103 1632 1278 1707; baseline 0.006 -21"><span class='ocrx_word' id='word_1_164' title='bbox 103 1632 162 1688; x_wconf 89' lang='lat' dir='ltr'><strong>Hoc</strong></span> <span class='ocrx_word' id='word_1_165' title='bbox 184 1650 293 1705; x_wconf 91' lang='lat' dir='ltr'><strong>quoque</strong></span> <span class='ocrx_word' id='word_1_166' title='bbox 316 1650 385 1705; x_wconf 91' lang='lat' dir='ltr'><strong>opus</strong></span> <span class='ocrx_word' id='word_1_167' title='bbox 408 1649 533 1704; x_wconf 77' lang='lat' dir='ltr'><strong>maguum</strong></span> <span class='ocrx_word' id='word_1_168' title='bbox 548 1640 590 1688; x_wconf 91' lang='lat' dir='ltr'><strong>est</strong></span> <span class='ocrx_word' id='word_1_169' title='bbox 611 1641 807 1706; x_wconf 86' lang='lat' dir='ltr'><strong>acceptumque</strong></span> <span class='ocrx_word' id='word_1_170' title='bbox 822 1633 944 1702; x_wconf 88' lang='lat' dir='ltr'><strong>llomino,</strong></span> <span class='ocrx_word' id='word_1_171' title='bbox 968 1636 1031 1707; x_wconf 87' lang='lat' dir='ltr'><strong>quia</strong></span> <span class='ocrx_word' id='word_1_172' title='bbox 1052 1633 1127 1692; x_wconf 84' lang='lat' dir='ltr'><strong>dives</strong></span> <span class='ocrx_word' id='word_1_173' title='bbox 1146 1636 1278 1695; x_wconf 76' lang='lat' dir='ltr'><strong>intellexit</strong></span> 
     </span>
     <span class='ocr_line' id='line_1_18' title="bbox 104 1714 1278 1788; baseline 0.004 -19"><span class='ocrx_word' id='word_1_174' title='bbox 104 1722 131 1769; x_wconf 87' lang='lat' dir='ltr'><strong>et</strong></span> <span class='ocrx_word' id='word_1_175' title='bbox 153 1714 257 1769; x_wconf 86' lang='lat' dir='ltr'><strong>Ilomini</strong></span> <span class='ocrx_word' id='word_1_176' title='bbox 280 1732 349 1787; x_wconf 92' lang='lat' dir='ltr'><strong>opus</strong></span> <span class='ocrx_word' id='word_1_177' title='bbox 372 1714 436 1770; x_wconf 81' lang='lat' dir='ltr'><strong>feeit</strong></span> <span class='ocrx_word' id='word_1_178' title='bbox 458 1715 485 1769; x_wconf 91' lang='lat' dir='ltr'><strong>iu</strong></span> <span class='ocrx_word' id='word_1_179' title='bbox 507 1731 663 1788; x_wconf 88' lang='lat' dir='ltr'><strong>pauperem.</strong></span> <span class='ocrx_word' id='word_1_180' title='bbox 705 1715 741 1771; x_wconf 83' lang='lat' dir='ltr'><strong>Es</strong></span> <span class='ocrx_word' id='word_1_181' title='bbox 757 1715 836 1773; x_wconf 90' lang='lat' dir='ltr'><strong>donis</strong></span> <span class='ocrx_word' id='word_1_182' title='bbox 858 1716 963 1774; x_wconf 81' lang='lat' dir='ltr'><strong>[loiriini</strong></span> <span class='ocrx_word' id='word_1_183' title='bbox 980 1716 1046 1773; x_wconf 89' lang='lat' dir='ltr'><strong>lecit</strong></span> <span class='ocrx_word' id='word_1_184' title='bbox 1066 1725 1094 1773; x_wconf 90' lang='lat' dir='ltr'><strong>et</strong></span> <span class='ocrx_word' id='word_1_185' title='bbox 1107 1719 1278 1786; x_wconf 81' lang='lat' dir='ltr'><strong>ministravit,</strong></span> 
     </span>
     <span class='ocr_line' id='line_1_19' title="bbox 105 1796 1277 1872; baseline 0.004 -22"><span class='ocrx_word' id='word_1_186' title='bbox 105 1806 132 1851; x_wconf 92' lang='lat' dir='ltr'><strong>et</strong></span> <span class='ocrx_word' id='word_1_187' title='bbox 154 1805 228 1852; x_wconf 90' lang='lat' dir='ltr'><strong>recte</strong></span> <span class='ocrx_word' id='word_1_188' title='bbox 251 1796 396 1870; x_wconf 80' lang='lat' dir='ltr'><strong>complevit</strong></span> <span class='ocrx_word' id='word_1_189' title='bbox 416 1796 595 1853; x_wconf 86' lang='lat' dir='ltr'><strong>ministerium</strong></span> <span class='ocrx_word' id='word_1_190' title='bbox 616 1815 703 1854; x_wconf 91' lang='lat' dir='ltr'><strong>suum.</strong></span> <span class='ocrx_word' id='word_1_191' title='bbox 746 1798 823 1871; x_wconf 77' lang='lat' dir='ltr'><strong>Apud</strong></span> <span class='ocrx_word' id='word_1_192' title='bbox 849 1801 972 1857; x_wconf 86' lang='lat' dir='ltr'><strong>homines</strong></span> <span class='ocrx_word' id='word_1_193' title='bbox 1002 1817 1068 1872; x_wconf 77' lang='lat' dir='ltr'><strong>ergo</strong></span> <span class='ocrx_word' id='word_1_194' title='bbox 1098 1800 1186 1855; x_wconf 89' lang='lat' dir='ltr'><strong>ulmus</strong></span> <span class='ocrx_word' id='word_1_195' title='bbox 1219 1815 1277 1861; x_wconf 77' lang='lat' dir='ltr'><strong>noe</strong></span> 
     </span>
     <span class='ocr_line' id='line_1_20' title="bbox 103 1879 1277 1956; baseline 0.004 -23"><span class='ocrx_word' id='word_1_196' title='bbox 103 1887 212 1952; x_wconf 88' lang='lat' dir='ltr'><strong>putatur</strong></span> <span class='ocrx_word' id='word_1_197' title='bbox 235 1879 343 1936; x_wconf 83' lang='lat' dir='ltr'><strong>adferre</strong></span> <span class='ocrx_word' id='word_1_198' title='bbox 364 1879 490 1947; x_wconf 82' lang='lat' dir='ltr'><strong>fructum,</strong></span> <span class='ocrx_word' id='word_1_199' title='bbox 513 1888 541 1935; x_wconf 91' lang='lat' dir='ltr'><strong>et</strong></span> <span class='ocrx_word' id='word_1_200' title='bbox 562 1882 687 1937; x_wconf 90' lang='lat' dir='ltr'><strong>nesciunt</strong></span> <span class='ocrx_word' id='word_1_201' title='bbox 702 1897 789 1954; x_wconf 87' lang='lat' dir='ltr'><strong>neque</strong></span> <span class='ocrx_word' id='word_1_202' title='bbox 809 1881 968 1956; x_wconf 79' lang='lat' dir='ltr'><strong>intelligunt,</strong></span> <span class='ocrx_word' id='word_1_203' title='bbox 992 1882 1065 1954; x_wconf 90' lang='lat' dir='ltr'><strong>quod</strong></span> <span class='ocrx_word' id='word_1_204' title='bbox 1081 1899 1143 1938; x_wconf 89' lang='lat' dir='ltr'><strong>cum</strong></span> <span class='ocrx_word' id='word_1_205' title='bbox 1166 1881 1277 1939; x_wconf 75' lang='lat' dir='ltr'><strong>siccitas</strong></span> 
     </span>
     <span class='ocr_line' id='line_1_21' title="bbox 104 1962 1276 2038; baseline 0.004 -22"><span class='ocrx_word' id='word_1_206' title='bbox 104 1962 195 2029; x_wconf 82' lang='lat' dir='ltr'><strong>suerit,</strong></span> <span class='ocrx_word' id='word_1_207' title='bbox 218 1962 305 2018; x_wconf 89' lang='lat' dir='ltr'><strong>ulmus</strong></span> <span class='ocrx_word' id='word_1_208' title='bbox 322 1979 419 2035; x_wconf 81' lang='lat' dir='ltr'><strong>equam</strong></span> <span class='ocrx_word' id='word_1_209' title='bbox 442 1963 545 2020; x_wconf 91' lang='lat' dir='ltr'><strong>habens</strong></span> <span class='ocrx_word' id='word_1_210' title='bbox 566 1965 651 2020; x_wconf 91' lang='lat' dir='ltr'><strong>nutrit</strong></span> <span class='ocrx_word' id='word_1_211' title='bbox 663 1964 753 2031; x_wconf 87' lang='lat' dir='ltr'><strong>vitem,</strong></span> <span class='ocrx_word' id='word_1_212' title='bbox 773 1965 888 2038; x_wconf 84' lang='lat' dir='ltr'><strong>vitisque</strong></span> <span class='ocrx_word' id='word_1_213' title='bbox 908 1981 1057 2038; x_wconf 85' lang='lat' dir='ltr'><strong>perennem</strong></span> <span class='ocrx_word' id='word_1_214' title='bbox 1073 1981 1169 2037; x_wconf 81' lang='lat' dir='ltr'><strong>aquam</strong></span> <span class='ocrx_word' id='word_1_215' title='bbox 1189 1963 1276 2036; x_wconf 86' lang='lat' dir='ltr'><strong>possi·</strong></span> 
     </span>
     <span class='ocr_line' id='line_1_22' title="bbox 104 2038 1277 2120; baseline 0.003 -21"><span class='ocrx_word' id='word_1_216' title='bbox 104 2045 172 2100; x_wconf 90' lang='lat' dir='ltr'><strong>dens</strong></span> <span class='ocrx_word' id='word_1_217' title='bbox 194 2044 305 2118; x_wconf 92' lang='lat' dir='ltr'><strong>duplum</strong></span> <span class='ocrx_word' id='word_1_218' title='bbox 328 2046 371 2101; x_wconf 87' lang='lat' dir='ltr'><strong>dat</strong></span> <span class='ocrx_word' id='word_1_219' title='bbox 392 2045 509 2101; x_wconf 78' lang='lat' dir='ltr'><strong>fructum</strong></span> <span class='ocrx_word' id='word_1_220' title='bbox 530 2055 558 2102; x_wconf 91' lang='lat' dir='ltr'><strong>et</strong></span> <span class='ocrx_word' id='word_1_221' title='bbox 579 2063 628 2120; x_wconf 90' lang='lat' dir='ltr'><strong>pro</strong></span> <span class='ocrx_word' id='word_1_222' title='bbox 643 2065 673 2103; x_wconf 91' lang='lat' dir='ltr'><strong>se</strong></span> <span class='ocrx_word' id='word_1_223' title='bbox 696 2055 724 2102; x_wconf 90' lang='lat' dir='ltr'><strong>et</strong></span> <span class='ocrx_word' id='word_1_224' title='bbox 742 2064 793 2120; x_wconf 94' lang='lat' dir='ltr'><strong>pro</strong></span> <span class='ocrx_word' id='word_1_225' title='bbox 817 2047 898 2104; x_wconf 91' lang='lat' dir='ltr'><strong>ulmo.</strong></span> <span class='ocrx_word' id='word_1_226' title='bbox 941 2046 987 2102; x_wconf 87' lang='lat' dir='ltr'><strong>Sic</strong></span> <span class='ocrx_word' id='word_1_227' title='bbox 1009 2055 1036 2103; x_wconf 90' lang='lat' dir='ltr'><strong>et</strong></span> <span class='ocrx_word' id='word_1_228' title='bbox 1058 2038 1204 2120; x_wconf 79' lang='lat' dir='ltr'><strong>pauperes⁷</strong></span> <span class='ocrx_word' id='word_1_229' title='bbox 1224 2063 1277 2119; x_wconf 92' lang='lat' dir='ltr'><strong>pro</strong></span> 
     </span>
     <span class='ocr_line' id='line_1_23' title="bbox 103 2127 1278 2203; baseline 0.003 -22"><span class='ocrx_word' id='word_1_230' title='bbox 103 2127 239 2200; x_wconf 92' lang='lat' dir='ltr'><strong>locuplete</strong></span> <span class='ocrx_word' id='word_1_231' title='bbox 261 2129 392 2184; x_wconf 87' lang='lat' dir='ltr'><strong>adeuntes</strong></span> <span class='ocrx_word' id='word_1_232' title='bbox 415 2128 583 2184; x_wconf 88' lang='lat' dir='ltr'><strong>orationibus</strong></span> <span class='ocrx_word' id='word_1_233' title='bbox 605 2130 662 2185; x_wconf 90' lang='lat' dir='ltr'><strong>suis</strong></span> <span class='ocrx_word' id='word_1_234' title='bbox 684 2129 718 2184; x_wconf 84' lang='lat' dir='ltr'><strong>ad</strong></span> <span class='ocrx_word' id='word_1_235' title='bbox 747 2129 887 2185; x_wconf 82' lang='lat' dir='ltr'><strong>Dominum</strong></span> <span class='ocrx_word' id='word_1_236' title='bbox 908 2136 1008 2201; x_wconf 77' lang='lat' dir='ltr'><strong>augent</strong></span> <span class='ocrx_word' id='word_1_237' title='bbox 1035 2128 1139 2184; x_wconf 86' lang='lat' dir='ltr'><strong>divitias</strong></span> <span class='ocrx_word' id='word_1_238' title='bbox 1169 2144 1278 2203; x_wconf 78' lang='lat' dir='ltr'><strong>eorum,</strong></span> 
     </span>
     <span class='ocr_line' id='line_1_24' title="bbox 104 2209 1277 2283; baseline 0 -18"><span class='ocrx_word' id='word_1_239' title='bbox 104 2227 254 2282; x_wconf 90' lang='lat' dir='ltr'><strong>rursusque</strong></span> <span class='ocrx_word' id='word_1_240' title='bbox 288 2210 439 2283; x_wconf 86' lang='lat' dir='ltr'><strong>locupletes</strong></span> <span class='ocrx_word' id='word_1_241' title='bbox 470 2217 693 2283; x_wconf 87' lang='lat' dir='ltr'><strong>praestantesque</strong></span> <span class='ocrx_word' id='word_1_242' title='bbox 722 2210 890 2282; x_wconf 89' lang='lat' dir='ltr'><strong>pauperibus</strong></span> <span class='ocrx_word' id='word_1_243' title='bbox 920 2226 1097 2282; x_wconf 86' lang='lat' dir='ltr'><strong>quaecuuque</strong></span> <span class='ocrx_word' id='word_1_244' title='bbox 1124 2209 1176 2265; x_wconf 90' lang='lat' dir='ltr'><strong>illis</strong></span> <span class='ocrx_word' id='word_1_245' title='bbox 1207 2227 1277 2283; x_wconf 83' lang='lat' dir='ltr'><strong>opus</strong></span> 
     </span>
     <span class='ocr_line' id='line_1_25' title="bbox 104 2284 1275 2364; baseline 0 -17"><span class='ocrx_word' id='word_1_246' title='bbox 104 2300 180 2358; x_wconf 89' lang='lat' dir='ltr'><strong>sunl,</strong></span> <span class='ocrx_word' id='word_1_247' title='bbox 209 2292 318 2364; x_wconf 88' lang='lat' dir='ltr'><strong>replent</strong></span> <span class='ocrx_word' id='word_1_248' title='bbox 349 2291 451 2346; x_wconf 86' lang='lat' dir='ltr'><strong>animas</strong></span> <span class='ocrx_word' id='word_1_249' title='bbox 479 2308 583 2347; x_wconf 87' lang='lat' dir='ltr'><strong>eorum.</strong></span> <span class='ocrx_word' id='word_1_250' title='bbox 633 2284 765 2346; x_wconf 78' lang='lat' dir='ltr'><strong>Fuerunt⁸</strong></span> <span class='ocrx_word' id='word_1_251' title='bbox 800 2308 867 2361; x_wconf 83' lang='lat' dir='ltr'><strong>ergo</strong></span> <span class='ocrx_word' id='word_1_252' title='bbox 896 2290 974 2346; x_wconf 91' lang='lat' dir='ltr'><strong>ambo</strong></span> <span class='ocrx_word' id='word_1_253' title='bbox 1005 2299 1149 2347; x_wconf 87' lang='lat' dir='ltr'><strong>consortes</strong></span> <span class='ocrx_word' id='word_1_254' title='bbox 1183 2292 1275 2362; x_wconf 83' lang='lat' dir='ltr'><strong>operis</strong></span> 
     </span>
     <span class='ocr_line' id='line_1_26' title="bbox 105 2371 1276 2446; baseline -0.002 -17"><span class='ocrx_word' id='word_1_255' title='bbox 105 2375 192 2446; x_wconf 89' lang='lat' dir='ltr'><strong>aequi.</strong></span> <span class='ocrx_word' id='word_1_256' title='bbox 236 2373 395 2444; x_wconf 86' lang='lat' dir='ltr'><strong>Quicunque</strong></span> <span class='ocrx_word' id='word_1_257' title='bbox 424 2389 490 2445; x_wconf 80' lang='lat' dir='ltr'><strong>ergo</strong></span> <span class='ocrx_word' id='word_1_258' title='bbox 521 2372 588 2426; x_wconf 79' lang='lat' dir='ltr'><strong>boec</strong></span> <span class='ocrx_word' id='word_1_259' title='bbox 613 2373 649 2427; x_wconf 87' lang='lat' dir='ltr'><strong>ita</strong></span> <span class='ocrx_word' id='word_1_260' title='bbox 670 2371 803 2438; x_wconf 81' lang='lat' dir='ltr'><strong>feceriut,</strong></span> <span class='ocrx_word' id='word_1_261' title='bbox 826 2388 880 2426; x_wconf 95' lang='lat' dir='ltr'><strong>non</strong></span> <span class='ocrx_word' id='word_1_262' title='bbox 904 2371 1067 2426; x_wconf 87' lang='lat' dir='ltr'><strong>deserentur</strong></span> <span class='ocrx_word' id='word_1_263' title='bbox 1089 2387 1103 2425; x_wconf 94' lang='lat' dir='ltr'><strong>a</strong></span> <span class='ocrx_word' id='word_1_264' title='bbox 1126 2371 1197 2438; x_wconf 79' lang='lat' dir='ltr'><strong>Deo,</strong></span> <span class='ocrx_word' id='word_1_265' title='bbox 1226 2371 1276 2427; x_wconf 87' lang='lat' dir='ltr'><strong>sed</strong></span> 
     </span>
     <span class='ocr_line' id='line_1_27' title="bbox 104 2450 1276 2529; baseline -0.003 -18"><span class='ocrx_word' id='word_1_266' title='bbox 104 2464 183 2512; x_wconf 88' lang='lat' dir='ltr'><strong>erunt</strong></span> <span class='ocrx_word' id='word_1_267' title='bbox 205 2456 327 2526; x_wconf 85' lang='lat' dir='ltr'><strong>inscripti</strong></span> <span class='ocrx_word' id='word_1_268' title='bbox 350 2455 376 2508; x_wconf 90' lang='lat' dir='ltr'><strong>in</strong></span> <span class='ocrx_word' id='word_1_269' title='bbox 399 2453 469 2509; x_wconf 87' lang='lat' dir='ltr'><strong>libro</strong></span> <span class='ocrx_word' id='word_1_270' title='bbox 491 2454 643 2509; x_wconf 87' lang='lat' dir='ltr'><strong>viventium.</strong></span> <span class='ocrx_word' id='word_1_271' title='bbox 685 2450 800 2519; x_wconf 80' lang='lat' dir='ltr'><strong>Felices,</strong></span> <span class='ocrx_word' id='word_1_272' title='bbox 821 2454 867 2529; x_wconf 88' lang='lat' dir='ltr'><strong>qui</strong></span> <span class='ocrx_word' id='word_1_273' title='bbox 890 2450 991 2507; x_wconf 89' lang='lat' dir='ltr'><strong>habent</strong></span> <span class='ocrx_word' id='word_1_274' title='bbox 1012 2460 1039 2507; x_wconf 90' lang='lat' dir='ltr'><strong>et</strong></span> <span class='ocrx_word' id='word_1_275' title='bbox 1057 2452 1186 2524; x_wconf 89' lang='lat' dir='ltr'><strong>sentiunt,</strong></span> <span class='ocrx_word' id='word_1_276' title='bbox 1209 2468 1276 2523; x_wconf 89' lang='lat' dir='ltr'><strong>qno·</strong></span> 
     </span>
     <span class='ocr_line' id='line_1_28' title="bbox 104 2531 1278 2608; baseline -0.004 -14"><span class='ocrx_word' id='word_1_277' title='bbox 104 2539 184 2594; x_wconf 90' lang='lat' dir='ltr'><strong>modo</strong></span> <span class='ocrx_word' id='word_1_278' title='bbox 207 2554 221 2591; x_wconf 89' lang='lat' dir='ltr'><strong>a</strong></span> <span class='ocrx_word' id='word_1_279' title='bbox 243 2535 356 2591; x_wconf 80' lang='lat' dir='ltr'><strong>domino</strong></span> <span class='ocrx_word' id='word_1_280' title='bbox 377 2535 585 2608; x_wconf 87' lang='lat' dir='ltr'><strong>locupletantur.</strong></span> <span class='ocrx_word' id='word_1_281' title='bbox 627 2535 677 2602; x_wconf 91' lang='lat' dir='ltr'><strong>Qui</strong></span> <span class='ocrx_word' id='word_1_282' title='bbox 691 2541 781 2591; x_wconf 88' lang='lat' dir='ltr'><strong>autem</strong></span> <span class='ocrx_word' id='word_1_283' title='bbox 798 2534 850 2589; x_wconf 87' lang='lat' dir='ltr'><strong>lioc</strong></span> <span class='ocrx_word' id='word_1_284' title='bbox 864 2534 1009 2601; x_wconf 87' lang='lat' dir='ltr'><strong>senserint,</strong></span> <span class='ocrx_word' id='word_1_285' title='bbox 1025 2539 1155 2606; x_wconf 90' lang='lat' dir='ltr'><strong>potemnt</strong></span> <span class='ocrx_word' id='word_1_286' title='bbox 1175 2531 1278 2605; x_wconf 79' lang='lat' dir='ltr'><strong>aliquid</strong></span> 
     </span>
     <span class='ocr_line' id='line_1_29' title="bbox 105 2619 311 2693; baseline -0.015 -18"><span class='ocrx_word' id='word_1_287' title='bbox 105 2621 169 2675; x_wconf 88' lang='lat' dir='ltr'><strong>boui</strong></span> <span class='ocrx_word' id='word_1_288' title='bbox 194 2619 311 2693; x_wconf 87' lang='lat' dir='ltr'><strong>operari.</strong></span> 
     </span>
    </p>
   </div>
   <div class='ocr_carea' id='block_1_3' title="bbox 545 2782 835 2821">
    <p class='ocr_par' dir='ltr' id='par_1_3' title="bbox 545 2782 835 2821">
     <span class='ocr_line' id='line_1_30' title="bbox 545 2782 835 2821; baseline -0.003 -2"><span class='ocrx_word' id='word_1_289' title='bbox 545 2782 704 2821; x_wconf 73' lang='lat' dir='ltr'><strong>stutttrttno</strong></span> <span class='ocrx_word' id='word_1_290' title='bbox 726 2782 835 2820; x_wconf 78' lang='grc' dir='ltr'>ΤΕΙιΤΙΑ.</span> 
     </span>
    </p>
   </div>
   <div class='ocr_carea' id='block_1_4' title="bbox 105 2867 1280 3687">
    <p class='ocr_par' dir='ltr' id='par_1_4' title="bbox 105 2867 1280 3687">
     <span class='ocr_line' id='line_1_31' title="bbox 187 2867 1277 2944; baseline -0.005 -15"><span class='ocrx_word' id='word_1_291' title='bbox 187 2871 225 2944; x_wconf 87' lang='lat' dir='ltr'><strong>(n)</strong></span> <span class='ocrx_word' id='word_1_292' title='bbox 248 2874 371 2929; x_wconf 85' lang='lat' dir='ltr'><strong>Ostendit</strong></span> <span class='ocrx_word' id='word_1_293' title='bbox 392 2873 457 2928; x_wconf 87' lang='lat' dir='ltr'><strong>milii</strong></span> <span class='ocrx_word' id='word_1_294' title='bbox 478 2870 592 2931; x_wconf 87' lang='lat' dir='ltr'><strong>arbores</strong></span> <span class='ocrx_word' id='word_1_295' title='bbox 614 2872 686 2928; x_wconf 84' lang='lat' dir='ltr'><strong>loliis</strong></span> <span class='ocrx_word' id='word_1_296' title='bbox 700 2871 821 2938; x_wconf 85' lang='lat' dir='ltr'><strong>abiectis,</strong></span> <span class='ocrx_word' id='word_1_297' title='bbox 845 2886 913 2943; x_wconf 90' lang='lat' dir='ltr'><strong>quae</strong></span> <span class='ocrx_word' id='word_1_298' title='bbox 927 2869 999 2925; x_wconf 87' lang='lat' dir='ltr'><strong>volut</strong></span> <span class='ocrx_word' id='word_1_299' title='bbox 1020 2868 1110 2925; x_wconf 91' lang='lat' dir='ltr'><strong>aridae</strong></span> <span class='ocrx_word' id='word_1_300' title='bbox 1124 2867 1190 2924; x_wconf 84' lang='lat' dir='ltr'><strong>mthi</strong></span> <span class='ocrx_word' id='word_1_301' title='bbox 1205 2867 1277 2924; x_wconf 87' lang='lat' dir='ltr'><strong>vide·</strong></span> 
     </span>
     <span class='ocr_line' id='line_1_32' title="bbox 105 2950 1276 3024; baseline -0.007 -12"><span class='ocrx_word' id='word_1_302' title='bbox 105 2959 202 3013; x_wconf 84' lang='lat' dir='ltr'><strong>bantur·</strong></span> <span class='ocrx_word' id='word_1_303' title='bbox 225 2975 303 3024; x_wconf 72' lang='lat' dir='ltr'><strong>esse,</strong></span> <span class='ocrx_word' id='word_1_304' title='bbox 325 2973 420 3011; x_wconf 90' lang='lat' dir='ltr'><strong>omnes</strong></span> <span class='ocrx_word' id='word_1_305' title='bbox 443 2956 513 3011; x_wconf 91' lang='lat' dir='ltr'><strong>enim</strong></span> <span class='ocrx_word' id='word_1_306' title='bbox 532 2955 634 3011; x_wconf 89' lang='lat' dir='ltr'><strong>similes</strong></span> <span class='ocrx_word' id='word_1_307' title='bbox 657 2961 742 3010; x_wconf 76' lang='lat' dir='ltr'><strong>erant</strong></span> <span class='ocrx_word' id='word_1_308' title='bbox 784 2953 817 3008; x_wconf 83' lang='lat' dir='ltr'><strong>Et</strong></span> <span class='ocrx_word' id='word_1_309' title='bbox 836 2955 872 3007; x_wconf 92' lang='lat' dir='ltr'><strong>ait</strong></span> <span class='ocrx_word' id='word_1_310' title='bbox 892 2952 974 3007; x_wconf 84' lang='lat' dir='ltr'><strong>milii:</strong></span> <span class='ocrx_word' id='word_1_311' title='bbox 997 2952 1089 3018; x_wconf 90' lang='lat' dir='ltr'><strong>vides,</strong></span> <span class='ocrx_word' id='word_1_312' title='bbox 1111 2951 1206 3022; x_wconf 89' lang='lat' dir='ltr'><strong>inquit,</strong></span> <span class='ocrx_word' id='word_1_313' title='bbox 1228 2950 1276 3006; x_wconf 88' lang='lat' dir='ltr'><strong>has</strong></span> 
     </span>
     <span class='ocr_line' id='line_1_33' title="bbox 105 3030 1276 3111; baseline -0.008 -17"><span class='ocrx_word' id='word_1_314' title='bbox 105 3040 238 3095; x_wconf 76' lang='lat' dir='ltr'><strong>arboresl</strong></span> <span class='ocrx_word' id='word_1_315' title='bbox 263 3040 354 3106; x_wconf 86' lang='lat' dir='ltr'><strong>Video,</strong></span> <span class='ocrx_word' id='word_1_316' title='bbox 378 3040 495 3111; x_wconf 89' lang='lat' dir='ltr'><strong>inquam,</strong></span> <span class='ocrx_word' id='word_1_317' title='bbox 518 3038 635 3105; x_wconf 92' lang='lat' dir='ltr'><strong>domine,</strong></span> <span class='ocrx_word' id='word_1_318' title='bbox 658 3037 759 3093; x_wconf 89' lang='lat' dir='ltr'><strong>similes</strong></span> <span class='ocrx_word' id='word_1_319' title='bbox 783 3044 810 3092; x_wconf 94' lang='lat' dir='ltr'><strong>et</strong></span> <span class='ocrx_word' id='word_1_320' title='bbox 831 3033 921 3090; x_wconf 88' lang='lat' dir='ltr'><strong>aridas</strong></span> <span class='ocrx_word' id='word_1_321' title='bbox 944 3050 1014 3089; x_wconf 89' lang='lat' dir='ltr'><strong>esse.</strong></span> <span class='ocrx_word' id='word_1_322' title='bbox 1056 3032 1088 3087; x_wconf 84' lang='lat' dir='ltr'><strong>Et</strong></span> <span class='ocrx_word' id='word_1_323' title='bbox 1111 3033 1175 3088; x_wconf 79' lang='lat' dir='ltr'><strong>dixit</strong></span> <span class='ocrx_word' id='word_1_324' title='bbox 1195 3030 1276 3087; x_wconf 89' lang='lat' dir='ltr'><strong>mibi:</strong></span> 
     </span>
     <span class='ocr_line' id='line_1_34' title="bbox 106 3112 1277 3193; baseline -0.007 -17"><span class='ocrx_word' id='word_1_325' title='bbox 106 3123 156 3177; x_wconf 87' lang='lat' dir='ltr'><strong>hae</strong></span> <span class='ocrx_word' id='word_1_326' title='bbox 179 3121 300 3188; x_wconf 88' lang='lat' dir='ltr'><strong>arbores,</strong></span> <span class='ocrx_word' id='word_1_327' title='bbox 322 3137 388 3193; x_wconf 88' lang='lat' dir='ltr'><strong>quas</strong></span> <span class='ocrx_word' id='word_1_328' title='bbox 411 3122 500 3187; x_wconf 86' lang='lat' dir='ltr'><strong>vides,</strong></span> <span class='ocrx_word' id='word_1_329' title='bbox 524 3120 549 3175; x_wconf 92' lang='lat' dir='ltr'><strong>bi</strong></span> <span class='ocrx_word' id='word_1_330' title='bbox 573 3127 651 3186; x_wconf 89' lang='lat' dir='ltr'><strong>sunt,</strong></span> <span class='ocrx_word' id='word_1_331' title='bbox 673 3120 719 3192; x_wconf 91' lang='lat' dir='ltr'><strong>qui</strong></span> <span class='ocrx_word' id='word_1_332' title='bbox 742 3120 767 3173; x_wconf 91' lang='lat' dir='ltr'><strong>in</strong></span> <span class='ocrx_word' id='word_1_333' title='bbox 790 3118 842 3172; x_wconf 91' lang='lat' dir='ltr'><strong>boc</strong></span> <span class='ocrx_word' id='word_1_334' title='bbox 867 3115 961 3172; x_wconf 88' lang='lat' dir='ltr'><strong>seculo</strong></span> <span class='ocrx_word' id='word_1_335' title='bbox 984 3122 1074 3189; x_wconf 75' lang='lat' dir='ltr'><strong>agunt.</strong></span> <span class='ocrx_word' id='word_1_336' title='bbox 1116 3114 1215 3182; x_wconf 85' lang='lat' dir='ltr'><strong>Quare,</strong></span> <span class='ocrx_word' id='word_1_337' title='bbox 1238 3112 1277 3168; x_wconf 92' lang='lat' dir='ltr'><strong>in·</strong></span> 
     </span>
     <span class='ocr_line' id='line_1_35' title="bbox 107 3196 1278 3278; baseline -0.007 -20"><span class='ocrx_word' id='word_1_338' title='bbox 107 3220 196 3278; x_wconf 90' lang='lat' dir='ltr'><strong>qnam,</strong></span> <span class='ocrx_word' id='word_1_339' title='bbox 220 3204 336 3270; x_wconf 89' lang='lat' dir='ltr'><strong>domine,</strong></span> <span class='ocrx_word' id='word_1_340' title='bbox 367 3203 438 3259; x_wconf 89' lang='lat' dir='ltr'><strong>velut</strong></span> <span class='ocrx_word' id='word_1_341' title='bbox 458 3203 566 3270; x_wconf 89' lang='lat' dir='ltr'><strong>aridae,</strong></span> <span class='ocrx_word' id='word_1_342' title='bbox 595 3210 641 3259; x_wconf 85' lang='lat' dir='ltr'><strong>aut</strong></span> <span class='ocrx_word' id='word_1_343' title='bbox 667 3202 738 3258; x_wconf 84' lang='lat' dir='ltr'><strong>velut</strong></span> <span class='ocrx_word' id='word_1_344' title='bbox 760 3200 862 3257; x_wconf 88' lang='lat' dir='ltr'><strong>similos</strong></span> <span class='ocrx_word' id='word_1_345' title='bbox 892 3198 976 3254; x_wconf 82' lang='lat' dir='ltr'><strong>suntl</strong></span> <span class='ocrx_word' id='word_1_346' title='bbox 1007 3197 1152 3266; x_wconf 89' lang='lat' dir='ltr'><strong>Quoniam,</strong></span> <span class='ocrx_word' id='word_1_347' title='bbox 1181 3196 1278 3268; x_wconf 87' lang='lat' dir='ltr'><strong>inquil,</strong></span> 
     </span>
     <span class='ocr_line' id='line_1_36' title="bbox 106 3279 1279 3358; baseline -0.003 -17"><span class='ocrx_word' id='word_1_348' title='bbox 106 3302 195 3358; x_wconf 90' lang='lat' dir='ltr'><strong>neque</strong></span> <span class='ocrx_word' id='word_1_349' title='bbox 218 3286 296 3353; x_wconf 89' lang='lat' dir='ltr'><strong>iusti,</strong></span> <span class='ocrx_word' id='word_1_350' title='bbox 327 3302 414 3358; x_wconf 89' lang='lat' dir='ltr'><strong>neque</strong></span> <span class='ocrx_word' id='word_1_351' title='bbox 437 3285 521 3356; x_wconf 87' lang='lat' dir='ltr'><strong>iniqui</strong></span> <span class='ocrx_word' id='word_1_352' title='bbox 545 3285 571 3340; x_wconf 96' lang='lat' dir='ltr'><strong>in</strong></span> <span class='ocrx_word' id='word_1_353' title='bbox 601 3285 654 3340; x_wconf 88' lang='lat' dir='ltr'><strong>boc</strong></span> <span class='ocrx_word' id='word_1_354' title='bbox 675 3283 768 3340; x_wconf 88' lang='lat' dir='ltr'><strong>seculo</strong></span> <span class='ocrx_word' id='word_1_355' title='bbox 791 3284 986 3343; x_wconf 88' lang='lat' dir='ltr'><strong>dinoscuntur,</strong></span> <span class='ocrx_word' id='word_1_356' title='bbox 1010 3279 1059 3336; x_wconf 88' lang='lat' dir='ltr'><strong>sed</strong></span> <span class='ocrx_word' id='word_1_357' title='bbox 1079 3279 1184 3336; x_wconf 89' lang='lat' dir='ltr'><strong>similes</strong></span> <span class='ocrx_word' id='word_1_358' title='bbox 1206 3285 1279 3338; x_wconf 79' lang='lat' dir='ltr'><strong>suut</strong></span> 
     </span>
     <span class='ocr_line' id='line_1_37' title="bbox 105 3359 1276 3440; baseline -0.003 -17"><span class='ocrx_word' id='word_1_359' title='bbox 105 3368 162 3424; x_wconf 89' lang='lat' dir='ltr'><strong>lloc</strong></span> <span class='ocrx_word' id='word_1_360' title='bbox 185 3368 255 3424; x_wconf 91' lang='lat' dir='ltr'><strong>euim</strong></span> <span class='ocrx_word' id='word_1_361' title='bbox 278 3368 398 3424; x_wconf 89' lang='lat' dir='ltr'><strong>seculum</strong></span> <span class='ocrx_word' id='word_1_362' title='bbox 422 3368 499 3423; x_wconf 90' lang='lat' dir='ltr'><strong>iustis</strong></span> <span class='ocrx_word' id='word_1_363' title='bbox 522 3367 616 3440; x_wconf 74' lang='lat' dir='ltr'><strong>hyems</strong></span> <span class='ocrx_word' id='word_1_364' title='bbox 639 3375 689 3432; x_wconf 84' lang='lat' dir='ltr'><strong>est,</strong></span> <span class='ocrx_word' id='word_1_365' title='bbox 712 3382 762 3422; x_wconf 93' lang='lat' dir='ltr'><strong>nec</strong></span> <span class='ocrx_word' id='word_1_366' title='bbox 787 3365 966 3421; x_wconf 89' lang='lat' dir='ltr'><strong>dinoscuntur</strong></span> <span class='ocrx_word' id='word_1_367' title='bbox 993 3379 1053 3419; x_wconf 89' lang='lat' dir='ltr'><strong>eum</strong></span> <span class='ocrx_word' id='word_1_368' title='bbox 1084 3359 1276 3435; x_wconf 79' lang='lat' dir='ltr'><strong>peccatoribus</strong></span> 
     </span>
     <span class='ocr_line' id='line_1_38' title="bbox 107 3444 1280 3521; baseline -0.005 -16"><span class='ocrx_word' id='word_1_369' title='bbox 107 3450 269 3508; x_wconf 90' lang='lat' dir='ltr'><strong>habitantes</strong></span> <span class='ocrx_word' id='word_1_370' title='bbox 312 3450 387 3506; x_wconf 89' lang='lat' dir='ltr'><strong>Sicut</strong></span> <span class='ocrx_word' id='word_1_371' title='bbox 408 3449 479 3504; x_wconf 91' lang='lat' dir='ltr'><strong>enim</strong></span> <span class='ocrx_word' id='word_1_372' title='bbox 503 3449 599 3521; x_wconf 75' lang='lat' dir='ltr'><strong>hyeme</strong></span> <span class='ocrx_word' id='word_1_373' title='bbox 622 3447 733 3503; x_wconf 88' lang='lat' dir='ltr'><strong>abiectis</strong></span> <span class='ocrx_word' id='word_1_374' title='bbox 756 3447 828 3504; x_wconf 86' lang='lat' dir='ltr'><strong>loliis</strong></span> <span class='ocrx_word' id='word_1_375' title='bbox 850 3446 964 3503; x_wconf 88' lang='lat' dir='ltr'><strong>arbores</strong></span> <span class='ocrx_word' id='word_1_376' title='bbox 978 3444 1081 3501; x_wconf 90' lang='lat' dir='ltr'><strong>similes</strong></span> <span class='ocrx_word' id='word_1_377' title='bbox 1095 3451 1167 3511; x_wconf 86' lang='lat' dir='ltr'><strong>snut,</strong></span> <span class='ocrx_word' id='word_1_378' title='bbox 1188 3457 1280 3514; x_wconf 86' lang='lat' dir='ltr'><strong>neque</strong></span> 
     </span>
     <span class='ocr_line' id='line_1_39' title="bbox 107 3524 1278 3607; baseline -0.008 -19"><span class='ocrx_word' id='word_1_379' title='bbox 107 3542 236 3607; x_wconf 88' lang='lat' dir='ltr'><strong>apparent</strong></span> <span class='ocrx_word' id='word_1_380' title='bbox 258 3550 326 3605; x_wconf 91' lang='lat' dir='ltr'><strong>quae</strong></span> <span class='ocrx_word' id='word_1_381' title='bbox 358 3532 447 3588; x_wconf 89' lang='lat' dir='ltr'><strong>aridae</strong></span> <span class='ocrx_word' id='word_1_382' title='bbox 470 3539 497 3586; x_wconf 92' lang='lat' dir='ltr'><strong>et</strong></span> <span class='ocrx_word' id='word_1_383' title='bbox 519 3546 588 3602; x_wconf 93' lang='lat' dir='ltr'><strong>quae</strong></span> <span class='ocrx_word' id='word_1_384' title='bbox 609 3531 681 3585; x_wconf 77' lang='lat' dir='ltr'><strong>vivae</strong></span> <span class='ocrx_word' id='word_1_385' title='bbox 703 3538 781 3585; x_wconf 84' lang='lat' dir='ltr'><strong>sunt:</strong></span> <span class='ocrx_word' id='word_1_386' title='bbox 812 3531 853 3584; x_wconf 91' lang='lat' dir='ltr'><strong>sic</strong></span> <span class='ocrx_word' id='word_1_387' title='bbox 875 3535 903 3583; x_wconf 91' lang='lat' dir='ltr'><strong>et</strong></span> <span class='ocrx_word' id='word_1_388' title='bbox 924 3528 951 3582; x_wconf 92' lang='lat' dir='ltr'><strong>in</strong></span> <span class='ocrx_word' id='word_1_389' title='bbox 983 3526 1035 3580; x_wconf 91' lang='lat' dir='ltr'><strong>boc</strong></span> <span class='ocrx_word' id='word_1_390' title='bbox 1066 3524 1160 3580; x_wconf 90' lang='lat' dir='ltr'><strong>seculo</strong></span> <span class='ocrx_word' id='word_1_391' title='bbox 1188 3538 1278 3597; x_wconf 89' lang='lat' dir='ltr'><strong>neque</strong></span> 
     </span>
     <span class='ocr_line' id='line_1_40' title="bbox 107 3612 1007 3687; baseline -0.006 -17"><span class='ocrx_word' id='word_1_392' title='bbox 107 3617 186 3687; x_wconf 92' lang='lat' dir='ltr'><strong>aequi</strong></span> <span class='ocrx_word' id='word_1_393' title='bbox 209 3632 297 3686; x_wconf 88' lang='lat' dir='ltr'><strong>neque</strong></span> <span class='ocrx_word' id='word_1_394' title='bbox 320 3615 403 3687; x_wconf 89' lang='lat' dir='ltr'><strong>iniqui</strong></span> <span class='ocrx_word' id='word_1_395' title='bbox 427 3613 615 3679; x_wconf 88' lang='lat' dir='ltr'><strong>dinoscuntur,</strong></span> <span class='ocrx_word' id='word_1_396' title='bbox 638 3612 794 3686; x_wconf 90' lang='lat' dir='ltr'><strong>similesque</strong></span> <span class='ocrx_word' id='word_1_397' title='bbox 818 3617 881 3666; x_wconf 90' lang='lat' dir='ltr'><strong>suut</strong></span> <span class='ocrx_word' id='word_1_398' title='bbox 902 3624 1007 3665; x_wconf 92' lang='lat' dir='ltr'><strong>omnes.</strong></span> 
     </span>
    </p>
   </div>
   <div class='ocr_carea' id='block_1_5' title="bbox 113 3757 319 3765">
    <p class='ocr_par' dir='ltr' id='par_1_5' title="bbox 113 3757 319 3765">
     <span class='ocr_line' id='line_1_41' title="bbox 113 3757 319 3765; baseline -0.005 -2"><span class='ocrx_word' id='word_1_399' title='bbox 113 3757 319 3765; x_wconf 68' lang='lat'><strong>-—.—-—⁴——</strong></span> 
     </span>
    </p>
   </div>
   <div class='ocr_carea' id='block_1_6' title="bbox 107 3830 1247 3964">
    <p class='ocr_par' dir='ltr' id='par_1_6' title="bbox 107 3830 1247 3964">
     <span class='ocr_line' id='line_1_42' title="bbox 160 3830 1101 3903; baseline -0.009 -15"><span class='ocrx_word' id='word_1_400' title='bbox 160 3840 218 3888; x_wconf 89' lang='lat' dir='ltr'><strong>Sim.</strong></span> <span class='ocrx_word' id='word_1_401' title='bbox 236 3839 275 3887; x_wconf 85' lang='grc' dir='ltr'><strong>ΙΙΙ</strong></span> <span class='ocrx_word' id='word_1_402' title='bbox 312 3837 338 3901; x_wconf 87' lang='grc'><strong>1)</strong></span> <span class='ocrx_word' id='word_1_403' title='bbox 359 3837 426 3887; x_wconf 81' lang='lat' dir='ltr'><strong>Vides</strong></span> <span class='ocrx_word' id='word_1_404' title='bbox 445 3839 521 3903; x_wconf 86' lang='lat' dir='ltr'><strong>inquit</strong></span> <span class='ocrx_word' id='word_1_405' title='bbox 546 3839 589 3888; x_wconf 85' lang='lat' dir='ltr'><strong>bos</strong></span> <span class='ocrx_word' id='word_1_406' title='bbox 608 3839 676 3887; x_wconf 81' lang='lat' dir='ltr'><strong>urbo·</strong></span> <span class='ocrx_word' id='word_1_407' title='bbox 761 3834 790 3899; x_wconf 84' lang='lat'><strong>6)</strong></span> <span class='ocrx_word' id='word_1_408' title='bbox 807 3834 880 3882; x_wconf 78' lang='lat' dir='ltr'><strong>itae.</strong></span> <span class='ocrx_word' id='word_1_409' title='bbox 898 3830 957 3893; x_wconf 74' lang='lat' dir='ltr'><strong>Vnt,</strong></span> <span class='ocrx_word' id='word_1_410' title='bbox 978 3847 1018 3897; x_wconf 84' lang='lat' dir='ltr'><strong>qtu</strong></span> <span class='ocrx_word' id='word_1_411' title='bbox 1039 3830 1101 3893; x_wconf 74' lang='lat' dir='ltr'><strong>vulg.</strong></span> 
     </span>
     <span class='ocr_line' id='line_1_43' title="bbox 107 3895 1247 3964; baseline -0.011 -8"><span class='ocrx_word' id='word_1_412' title='bbox 107 3925 143 3958; x_wconf 76' lang='lat' dir='ltr'><strong>ies</strong></span> <span class='ocrx_word' id='word_1_413' title='bbox 163 3908 213 3955; x_wconf 84' lang='lat' dir='ltr'><strong>Vnt.</strong></span> <span class='ocrx_word' id='word_1_414' title='bbox 761 3901 788 3964; x_wconf 79' lang='lat'><strong>7)</strong></span> <span class='ocrx_word' id='word_1_415' title='bbox 805 3901 865 3948; x_wconf 82' lang='lat' dir='ltr'><strong>sicut</strong></span> <span class='ocrx_word' id='word_1_416' title='bbox 882 3900 959 3960; x_wconf 70' lang='lat' dir='ltr'><strong>meme</strong></span> <span class='ocrx_word' id='word_1_417' title='bbox 979 3901 1074 3951; x_wconf 78' lang='lat' dir='ltr'><strong>arderes</strong></span> <span class='ocrx_word' id='word_1_418' title='bbox 1095 3910 1174 3948; x_wconf 75' lang='lat' dir='ltr'><strong>emm</strong></span> <span class='ocrx_word' id='word_1_419' title='bbox 1194 3895 1247 3945; x_wconf 72' lang='lat' dir='ltr'><strong>Vnt.</strong></span> 
     </span>
    </p>
   </div>
   <div class='ocr_carea' id='block_1_7' title="bbox 107 3971 1279 4244">
    <p class='ocr_par' dir='ltr' id='par_1_7' title="bbox 107 3971 1279 4238">
     <span class='ocr_line' id='line_1_44' title="bbox 159 3971 677 4038; baseline -0.008 -14"><span class='ocrx_word' id='word_1_420' title='bbox 159 3973 187 4038; x_wconf 78' lang='grc'><strong>2)</strong></span> <span class='ocrx_word' id='word_1_421' title='bbox 205 3975 275 4023; x_wconf 79' lang='lat' dir='ltr'><strong>Vocc.</strong></span> <span class='ocrx_word' id='word_1_422' title='bbox 293 3973 439 4037; x_wconf 77' lang='lat' dir='ltr'><strong>despondens</strong></span> <span class='ocrx_word' id='word_1_423' title='bbox 452 3973 513 4021; x_wconf 75' lang='lat' dir='ltr'><strong>dicit</strong></span> <span class='ocrx_word' id='word_1_424' title='bbox 531 3974 590 4020; x_wconf 83' lang='lat' dir='ltr'><strong>mibi</strong></span> <span class='ocrx_word' id='word_1_425' title='bbox 603 3971 677 4020; x_wconf 81' lang='lat' dir='ltr'><strong>ornis·</strong></span> 
     </span>
     <span class='ocr_line' id='line_1_45' title="bbox 107 4029 1127 4102; baseline -0.013 -11"><span class='ocrx_word' id='word_1_426' title='bbox 107 4043 201 4092; x_wconf 78' lang='lat' dir='ltr'><strong>sisVst.</strong></span> <span class='ocrx_word' id='word_1_427' title='bbox 219 4042 270 4091; x_wconf 80' lang='lat' dir='ltr'><strong>exb.</strong></span> <span class='ocrx_word' id='word_1_428' title='bbox 284 4041 483 4102; x_wconf 79' lang='lat' dir='ltr'><strong>similitudimep.</strong></span> <span class='ocrx_word' id='word_1_429' title='bbox 491 4040 675 4088; x_wconf 72' lang='lat' dir='ltr'><strong>similitudieem.</strong></span> <span class='ocrx_word' id='word_1_430' title='bbox 758 4032 785 4097; x_wconf 86' lang='grc'><strong>3)</strong></span> <span class='ocrx_word' id='word_1_431' title='bbox 807 4047 956 4095; x_wconf 71' lang='lat' dir='ltr'><strong>eernque-</strong></span> <span class='ocrx_word' id='word_1_432' title='bbox 972 4029 1127 4092; x_wconf 77' lang='grc' dir='ltr'>ΙοιιιιιιιιΡοΙ.</span> 
     </span>
     <span class='ocr_line' id='line_1_46' title="bbox 159 4099 987 4173; baseline -0.013 -14"><span class='ocrx_word' id='word_1_433' title='bbox 159 4108 186 4173; x_wconf 85' lang='grc'><strong>3)</strong></span> <span class='ocrx_word' id='word_1_434' title='bbox 205 4110 238 4158; x_wconf 79' lang='lat' dir='ltr'><strong>Ex</strong></span> <span class='ocrx_word' id='word_1_435' title='bbox 260 4108 310 4157; x_wconf 66' lang='grc' dir='ltr'>ιιι.</span> <span class='ocrx_word' id='word_1_436' title='bbox 331 4107 388 4156; x_wconf 76' lang='lat' dir='ltr'><strong>Feb.</strong></span> <span class='ocrx_word' id='word_1_437' title='bbox 407 4109 441 4155; x_wconf 79' lang='lat' dir='ltr'><strong>St</strong></span> <span class='ocrx_word' id='word_1_438' title='bbox 464 4115 488 4154; x_wconf 89' lang='lat' dir='ltr'><strong>et</strong></span> <span class='ocrx_word' id='word_1_439' title='bbox 508 4105 560 4154; x_wconf 84' lang='lat' dir='ltr'><strong>Cot.</strong></span> <span class='ocrx_word' id='word_1_440' title='bbox 582 4103 675 4153; x_wconf 87' lang='lat' dir='ltr'><strong>restitui</strong></span> <span class='ocrx_word' id='word_1_441' title='bbox 758 4100 921 4160; x_wconf 56' lang='lat' dir='ltr'><strong>trieben</strong></span> <span class='ocrx_word' id='word_1_442' title='bbox 937 4099 987 4149; x_wconf 82' lang='lat' dir='ltr'><strong>Pal</strong></span> 
     </span>
     <span class='ocr_line' id='line_1_47' title="bbox 110 4159 1279 4244; baseline -0.011 -21"><span class='ocrx_word' id='word_1_443' title='bbox 110 4177 365 4238; x_wconf 61' lang='lat' dir='ltr'><strong>resumptionem</strong></span> <span class='ocrx_word' id='word_1_444' title='bbox 385 4174 466 4222; x_wconf 81' lang='lat' dir='ltr'><strong>Lamb.</strong></span> <span class='ocrx_word' id='word_1_445' title='bbox 485 4171 545 4219; x_wconf 88' lang='lat' dir='ltr'><strong>Fell.</strong></span> <span class='ocrx_word' id='word_1_446' title='bbox 758 4169 773 4218; x_wconf 83' lang='lat'><strong>5</strong></span> <span class='ocrx_word' id='word_1_447' title='bbox 804 4167 1005 4244; x_wconf 75' lang='lat' dir='ltr'><strong>Intelleqcuimp.</strong></span> <span class='ocrx_word' id='word_1_448' title='bbox 1026 4164 1138 4225; x_wconf 78' lang='lat' dir='ltr'><strong>intelliqit</strong></span> <span class='ocrx_word' id='word_1_449' title='bbox 1157 4159 1279 4210; x_wconf 67' lang='lat' dir='ltr'><strong>minuet.</strong></span> 
     </span>
    </p>
   </div>
   <div class='ocr_carea' id='block_1_8' title="bbox 110 4233 1281 4364">
    <p class='ocr_par' dir='ltr' id='par_1_8' title="bbox 110 4233 1281 4364">
     <span class='ocr_line' id='line_1_48' title="bbox 159 4233 942 4304; baseline -0.01 -14"><span class='ocrx_word' id='word_1_450' title='bbox 159 4240 185 4301; x_wconf 82' lang='lat'><strong>4)</strong></span> <span class='ocrx_word' id='word_1_451' title='bbox 202 4243 338 4304; x_wconf 79' lang='lat' dir='ltr'><strong>despondi</strong></span> <span class='ocrx_word' id='word_1_452' title='bbox 330 4255 425 4304; x_wconf 81' lang='lat' dir='ltr'><strong>inquom</strong></span> <span class='ocrx_word' id='word_1_453' title='bbox 436 4239 529 4288; x_wconf 78' lang='lat' dir='ltr'><strong>domine</strong></span> <span class='ocrx_word' id='word_1_454' title='bbox 546 4237 609 4285; x_wconf 77' lang='lat' dir='ltr'><strong>velut</strong></span> <span class='ocrx_word' id='word_1_455' title='bbox 622 4238 672 4284; x_wconf 85' lang='lat' dir='ltr'><strong>eri·</strong></span> <span class='ocrx_word' id='word_1_456' title='bbox 760 4233 788 4297; x_wconf 86' lang='grc'><strong>6)</strong></span> <span class='ocrx_word' id='word_1_457' title='bbox 807 4250 834 4284; x_wconf 86' lang='lat' dir='ltr'><strong>oc</strong></span> <span class='ocrx_word' id='word_1_458' title='bbox 853 4235 874 4282; x_wconf 88' lang='lat' dir='ltr'><strong>si</strong></span> <span class='ocrx_word' id='word_1_459' title='bbox 892 4234 942 4283; x_wconf 85' lang='lat' dir='ltr'><strong>Pal</strong></span> 
     </span>
     <span class='ocr_line' id='line_1_49' title="bbox 110 4297 1281 4364; baseline -0.012 -7"><span class='ocrx_word' id='word_1_460' title='bbox 110 4310 152 4357; x_wconf 88' lang='lat' dir='ltr'><strong>dus</strong></span> <span class='ocrx_word' id='word_1_461' title='bbox 173 4307 223 4355; x_wconf 69' lang='grc' dir='ltr'>ιιι.</span> <span class='ocrx_word' id='word_1_462' title='bbox 762 4301 789 4362; x_wconf 79' lang='grc'><strong>7)</strong></span> <span class='ocrx_word' id='word_1_463' title='bbox 805 4303 916 4364; x_wconf 83' lang='lat' dir='ltr'><strong>pauperis</strong></span> <span class='ocrx_word' id='word_1_464' title='bbox 926 4297 984 4359; x_wconf 76' lang='lat' dir='ltr'><strong>eat,</strong></span> <span class='ocrx_word' id='word_1_465' title='bbox 992 4297 1046 4348; x_wconf 86' lang='lat' dir='ltr'><strong>delo</strong></span> <span class='ocrx_word' id='word_1_466' title='bbox 1055 4298 1145 4359; x_wconf 73' lang='lat' dir='ltr'><strong>copem</strong></span> <span class='ocrx_word' id='word_1_467' title='bbox 1151 4310 1174 4358; x_wconf 97' lang='lat' dir='ltr'><strong>p</strong></span> <span class='ocrx_word' id='word_1_468' title='bbox 1184 4299 1281 4359; x_wconf 69' lang='lat' dir='ltr'><strong>osqest.</strong></span> 
     </span>
    </p>
   </div>
   <div class='ocr_carea' id='block_1_9' title="bbox 160 4367 963 4437">
    <p class='ocr_par' dir='ltr' id='par_1_9' title="bbox 160 4367 963 4437">
     <span class='ocr_line' id='line_1_50' title="bbox 160 4367 963 4437; baseline -0.01 -13"><span class='ocrx_word' id='word_1_469' title='bbox 160 4374 187 4437; x_wconf 81' lang='lat'><strong>5)</strong></span> <span class='ocrx_word' id='word_1_470' title='bbox 204 4374 294 4423; x_wconf 69' lang='lat' dir='ltr'><strong>similes</strong></span> <span class='ocrx_word' id='word_1_471' title='bbox 313 4381 368 4424; x_wconf 82' lang='lat' dir='ltr'><strong>suut</strong></span> <span class='ocrx_word' id='word_1_472' title='bbox 386 4374 440 4422; x_wconf 82' lang='lat' dir='ltr'><strong>liuic</strong></span> <span class='ocrx_word' id='word_1_473' title='bbox 458 4371 536 4420; x_wconf 81' lang='lat' dir='ltr'><strong>seculo</strong></span> <span class='ocrx_word' id='word_1_474' title='bbox 558 4368 609 4418; x_wconf 86' lang='lat' dir='ltr'><strong>llet.</strong></span> <span class='ocrx_word' id='word_1_475' title='bbox 761 4368 788 4434; x_wconf 85' lang='grc'><strong>8)</strong></span> <span class='ocrx_word' id='word_1_476' title='bbox 805 4369 893 4429; x_wconf 70' lang='lat' dir='ltr'><strong>senius</strong></span> <span class='ocrx_word' id='word_1_477' title='bbox 911 4367 963 4416; x_wconf 74' lang='lat' dir='ltr'><strong>eat.</strong></span> 
     </span>
    </p>
   </div>
   <div class='ocr_carea' id='block_1_10' title="bbox 0 0 1448 4882">
    <p class='ocr_par' dir='ltr' id='par_1_10' title="bbox 0 0 1448 4882">
     <span class='ocr_line' id='line_1_51' title="bbox 0 0 1448 4882; baseline 0 0"><span class='ocrx_word' id='word_1_478' title='bbox 0 0 1448 4882; x_wconf 95' lang='lat' dir='ltr'><strong> </strong></span> 
     </span>
    </p>
   </div>
  </div>
 </body>
</html>
