<?xml version="1.0" encoding="UTF-8"?>
<!DOCTYPE html PUBLIC "-//W3C//DTD XHTML 1.0 Transitional//EN"
    "http://www.w3.org/TR/xhtml1/DTD/xhtml1-transitional.dtd">
<html xmlns="http://www.w3.org/1999/xhtml" xml:lang="en" lang="en">
 <head>
  <title>
</title>
<meta http-equiv="Content-Type" content="text/html;charset=utf-8" />
  <meta name='ocr-system' content='tesseract 3.04.00' />
  <meta name='ocr-capabilities' content='ocr_page ocr_carea ocr_par ocr_line ocrx_word'/>
</head>
<body>
  <div class='ocr_page' id='page_1' title='image "./patrumapostolic00polygoog/patrumapostolic00polygoog_0665.png"; bbox 0 0 2886 4882; ppageno 0'>
   <div class='ocr_carea' id='block_1_1' title="bbox 440 243 1261 319">
    <p class='ocr_par' dir='ltr' id='par_1_1' title="bbox 440 243 1261 319">
     <span class='ocr_line' id='line_1_1' title="bbox 440 243 1261 319; baseline 0.022 -21"><span class='ocrx_word' id='word_1_1' title='bbox 440 243 622 301; x_wconf 80' lang='grc' dir='ltr'><em>δΙΑΝθλΤΙίδί</em></span> <span class='ocrx_word' id='word_1_2' title='bbox 646 245 686 314; x_wconf 84' lang='lat' dir='ltr'><em>Vl,</em></span> <span class='ocrx_word' id='word_1_3' title='bbox 710 245 738 303; x_wconf 79' lang='lat'><em>2.</em></span> <span class='ocrx_word' id='word_1_4' title='bbox 770 247 821 304; x_wconf 80' lang='lat' dir='ltr'><em>vu.</em></span> <span class='ocrx_word' id='word_1_5' title='bbox 850 247 915 306; x_wconf 81' lang='lat' dir='ltr'><em>Vm.</em></span> <span class='ocrx_word' id='word_1_6' title='bbox 1201 250 1261 319; x_wconf 72' lang='grc'><em>595</em></span> 
     </span>
    </p>
   </div>
   <div class='ocr_carea' id='block_1_2' title="bbox 84 393 1261 649">
    <p class='ocr_par' dir='ltr' id='par_1_2' title="bbox 84 393 1261 649">
     <span class='ocr_line' id='line_1_2' title="bbox 87 393 1261 487; baseline 0.009 -21"><span class='ocrx_word' id='word_1_7' title='bbox 87 397 204 474; x_wconf 72' lang='grc' dir='ltr'><em>ἐντολάς</em></span> <span class='ocrx_word' id='word_1_8' title='bbox 225 397 316 467; x_wconf 80' lang='grc' dir='ltr'><em>αὐτοῦ</em></span> <span class='ocrx_word' id='word_1_9' title='bbox 339 395 374 461; x_wconf 83' lang='grc' dir='ltr'><em>οῦ</em></span> <span class='ocrx_word' id='word_1_10' title='bbox 398 395 547 475; x_wconf 83' lang='grc' dir='ltr'><em>φυλάσσει.</em></span> <span class='ocrx_word' id='word_1_11' title='bbox 592 407 659 463; x_wconf 83' lang='grc' dir='ltr'><em>Τῶν</em></span> <span class='ocrx_word' id='word_1_12' title='bbox 679 393 734 464; x_wconf 87' lang='grc' dir='ltr'><em>οῦν</em></span> <span class='ocrx_word' id='word_1_13' title='bbox 756 404 948 483; x_wconf 75' lang='grc' dir='ltr'><em>φοβουμένων</em></span> <span class='ocrx_word' id='word_1_14' title='bbox 977 409 1026 470; x_wconf 90' lang='grc' dir='ltr'><em>καλ</em></span> <span class='ocrx_word' id='word_1_15' title='bbox 1053 410 1261 487; x_wconf 69' lang='grc' dir='ltr'><strong><em>φυλασσόντων</em></strong></span> 
     </span>
     <span class='ocr_line' id='line_1_3' title="bbox 85 478 1258 591; baseline 0.007 -44"><span class='ocrx_word' id='word_1_16' title='bbox 85 481 135 558; x_wconf 85' lang='grc' dir='ltr'><em>τάς</em></span> <span class='ocrx_word' id='word_1_17' title='bbox 152 482 268 559; x_wconf 79' lang='grc' dir='ltr'><em>ἐντολάς</em></span> <span class='ocrx_word' id='word_1_18' title='bbox 289 478 380 546; x_wconf 78' lang='grc' dir='ltr'><em>αὐτοῦ</em></span> <span class='ocrx_word' id='word_1_19' title='bbox 402 481 536 548; x_wconf 66' lang='grc' dir='ltr'><em>ίκόντων“</em></span> <span class='ocrx_word' id='word_1_20' title='bbox 557 479 578 563; x_wconf 71' lang='grc' dir='ltr'><em>η’</em></span> <span class='ocrx_word' id='word_1_21' title='bbox 598 481 655 591; x_wconf 77' lang='grc' dir='ltr'><em>ζωη</em></span> <span class='ocrx_word' id='word_1_22' title='bbox 677 484 735 548; x_wconf 77' lang='grc' dir='ltr'><em>ἐστι</em></span> <span class='ocrx_word' id='word_1_23' title='bbox 756 482 836 566; x_wconf 79' lang='grc' dir='ltr'><em>παρὰ</em></span> <span class='ocrx_word' id='word_1_24' title='bbox 855 493 895 570; x_wconf 77' lang='grc' dir='ltr'><em>τῷ</em></span> <span class='ocrx_word' id='word_1_25' title='bbox 917 489 993 574; x_wconf 80' lang='grc' dir='ltr'><em>θεῷ·</em></span> <span class='ocrx_word' id='word_1_26' title='bbox 1013 496 1072 554; x_wconf 84' lang='grc' dir='ltr'><em>τῶν</em></span> <span class='ocrx_word' id='word_1_27' title='bbox 1093 493 1123 557; x_wconf 75' lang='grc' dir='ltr'><em>δὲ</em></span> <span class='ocrx_word' id='word_1_28' title='bbox 1144 492 1183 575; x_wconf 76' lang='grc' dir='ltr'><em>μὴ</em></span> <span class='ocrx_word' id='word_1_29' title='bbox 1205 521 1258 576; x_wconf 87' lang='grc' dir='ltr'><em>φυ.</em></span> 
     </span>
     <span class='ocr_line' id='line_1_4' title="bbox 84 562 947 649; baseline 0.006 -19"><span class='ocrx_word' id='word_1_30' title='bbox 84 564 250 634; x_wconf 85' lang='grc' dir='ltr'><em>λασοόντων</em></span> <span class='ocrx_word' id='word_1_31' title='bbox 271 563 322 640; x_wconf 78' lang='grc' dir='ltr'><em>τὰς</em></span> <span class='ocrx_word' id='word_1_32' title='bbox 344 562 459 639; x_wconf 72' lang='grc' dir='ltr'><em>ἐντολάς</em></span> <span class='ocrx_word' id='word_1_33' title='bbox 480 565 598 639; x_wconf 52' lang='grc' dir='ltr'><em>αῦτοῦῇ</em></span> <span class='ocrx_word' id='word_1_34' title='bbox 619 566 687 630; x_wconf 72' lang='grc' dir='ltr'><em>ουδὲ</em></span> <span class='ocrx_word' id='word_1_35' title='bbox 709 566 765 649; x_wconf 76' lang='grc' dir='ltr'><em>ζωὴ</em></span> <span class='ocrx_word' id='word_1_36' title='bbox 789 571 820 633; x_wconf 77' lang='grc' dir='ltr'><em>ἐν</em></span> <span class='ocrx_word' id='word_1_37' title='bbox 841 570 947 645; x_wconf 82' lang='grc' dir='ltr'><em>αὐτοῖς.</em></span> 
     </span>
    </p>
   </div>
   <div class='ocr_carea' id='block_1_3' title="bbox 530 766 817 831">
    <p class='ocr_par' dir='ltr' id='par_1_3' title="bbox 530 766 817 831">
     <span class='ocr_line' id='line_1_5' title="bbox 530 766 817 831; baseline 0.017 -5"><span class='ocrx_word' id='word_1_38' title='bbox 530 770 743 828; x_wconf 85' lang='grc' dir='ltr'><em>ΕΝΤΟΛΗ</em></span> <span class='ocrx_word' id='word_1_39' title='bbox 760 766 817 831; x_wconf 87' lang='lat' dir='ltr'><em>H‘.</em></span> 
     </span>
    </p>
   </div>
   <div class='ocr_carea' id='block_1_4' title="bbox 76 879 1259 2324">
    <p class='ocr_par' dir='ltr' id='par_1_4' title="bbox 76 879 1259 2324">
     <span class='ocr_line' id='line_1_6' title="bbox 169 879 1259 975; baseline 0.007 -30"><span class='ocrx_word' id='word_1_40' title='bbox 169 880 267 954; x_wconf 86' lang='grc' dir='ltr'><em>Είπόν</em></span> <span class='ocrx_word' id='word_1_41' title='bbox 288 904 343 956; x_wconf 90' lang='grc' dir='ltr'><em>σοι,</em></span> <span class='ocrx_word' id='word_1_42' title='bbox 367 884 466 962; x_wconf 88' lang='grc' dir='ltr'><em>φησίν,</em></span> <span class='ocrx_word' id='word_1_43' title='bbox 489 879 533 944; x_wconf 84' lang='grc' dir='ltr'><em>ότι</em></span> <span class='ocrx_word' id='word_1_44' title='bbox 554 879 589 944; x_wconf 86' lang='grc' dir='ltr'><em>τά</em></span> <span class='ocrx_word' id='word_1_45' title='bbox 610 884 748 964; x_wconf 87' lang='grc' dir='ltr'><em>κτίσματα</em></span> <span class='ocrx_word' id='word_1_46' title='bbox 767 891 819 948; x_wconf 86' lang='grc' dir='ltr'><em>τοῦ</em></span> <span class='ocrx_word' id='word_1_47' title='bbox 839 891 914 947; x_wconf 82' lang='grc' dir='ltr'>θεοῦ</span> <span class='ocrx_word' id='word_1_48' title='bbox 930 887 1017 949; x_wconf 83' lang='grc' dir='ltr'><em>διπλοῖ</em></span> <span class='ocrx_word' id='word_1_49' title='bbox 1039 887 1112 951; x_wconf 77' lang='grc' dir='ltr'><em>ἐστί’</em></span> <span class='ocrx_word' id='word_1_50' title='bbox 1135 891 1184 952; x_wconf 87' lang='grc' dir='ltr'><em>καί</em></span> <span class='ocrx_word' id='word_1_51' title='bbox 1204 889 1259 975; x_wconf 85' lang='grc' dir='ltr'><em>γάρ</em></span> 
     </span>
     <span class='ocr_line' id='line_1_7' title="bbox 83 962 1259 1052; baseline 0.005 -21"><span class='ocrx_word' id='word_1_52' title='bbox 83 964 104 1048; x_wconf 76' lang='grc' dir='ltr'><em>ἡ</em></span> <span class='ocrx_word' id='word_1_53' title='bbox 125 964 273 1051; x_wconf 71' lang='grc' dir='ltr'><em>ἐγκράτεια</em></span> <span class='ocrx_word' id='word_1_54' title='bbox 294 969 381 1046; x_wconf 82' lang='grc' dir='ltr'><em>διπλη</em></span> <span class='ocrx_word' id='word_1_55' title='bbox 403 965 487 1028; x_wconf 84' lang='grc' dir='ltr'><em>ίστίν.</em></span> <span class='ocrx_word' id='word_1_56' title='bbox 526 962 596 1028; x_wconf 84' lang='grc' dir='ltr'><em>Ἐπί</em></span> <span class='ocrx_word' id='word_1_57' title='bbox 616 991 703 1030; x_wconf 77' lang='grc' dir='ltr'><em>τινοιν</em></span> <span class='ocrx_word' id='word_1_58' title='bbox 722 964 777 1052; x_wconf 76' lang='grc' dir='ltr'><em>γάρ</em></span> <span class='ocrx_word' id='word_1_59' title='bbox 793 971 841 1031; x_wconf 90' lang='grc' dir='ltr'><em>δεῖ</em></span> <span class='ocrx_word' id='word_1_60' title='bbox 852 966 1082 1052; x_wconf 73' lang='grc' dir='ltr'><em>ίμκρατεύεσθαι,</em></span> <span class='ocrx_word' id='word_1_61' title='bbox 1104 972 1153 1036; x_wconf 76' lang='grc' dir='ltr'><em>ίπί</em></span> <span class='ocrx_word' id='word_1_62' title='bbox 1173 998 1259 1039; x_wconf 88' lang='grc' dir='ltr'><em>τινων</em></span> 
     </span>
     <span class='ocr_line' id='line_1_8' title="bbox 85 1045 1257 1138; baseline 0.006 -26"><span class='ocrx_word' id='word_1_63' title='bbox 85 1050 116 1113; x_wconf 80' lang='grc' dir='ltr'><em>δί</em></span> <span class='ocrx_word' id='word_1_64' title='bbox 137 1049 174 1114; x_wconf 86' lang='grc' dir='ltr'><em>ού</em></span> <span class='ocrx_word' id='word_1_65' title='bbox 196 1053 247 1115; x_wconf 87' lang='grc' dir='ltr'><em>δεῖ.</em></span> <span class='ocrx_word' id='word_1_66' title='bbox 290 1045 439 1131; x_wconf 83' lang='grc' dir='ltr'><em>Γνύρισόν</em></span> <span class='ocrx_word' id='word_1_67' title='bbox 460 1073 508 1128; x_wconf 91' lang='grc' dir='ltr'><em>μοι</em></span> <span class='ocrx_word' id='word_1_68' title='bbox 515 1097 524 1125; x_wconf 96' lang='grc'><em>,</em></span> <span class='ocrx_word' id='word_1_69' title='bbox 547 1051 636 1130; x_wconf 90' lang='grc' dir='ltr'><em>φημί,</em></span> <span class='ocrx_word' id='word_1_70' title='bbox 659 1048 758 1131; x_wconf 93' lang='grc' dir='ltr'><em>κύριε,</em></span> <span class='ocrx_word' id='word_1_71' title='bbox 780 1052 828 1115; x_wconf 81' lang='grc' dir='ltr'><em>ίπί</em></span> <span class='ocrx_word' id='word_1_72' title='bbox 848 1054 935 1116; x_wconf 88' lang='grc' dir='ltr'><em>τίνων</em></span> <span class='ocrx_word' id='word_1_73' title='bbox 962 1055 1009 1118; x_wconf 90' lang='grc' dir='ltr'><em>δεῖ</em></span> <span class='ocrx_word' id='word_1_74' title='bbox 1026 1053 1257 1138; x_wconf 73' lang='grc' dir='ltr'><em>ίμκρατεύεσθαι,</em></span> 
     </span>
     <span class='ocr_line' id='line_1_9' title="bbox 86 1127 1254 1222; baseline 0.006 -26"><span class='ocrx_word' id='word_1_75' title='bbox 86 1134 134 1197; x_wconf 71' lang='grc' dir='ltr'><em>ἐπὶ</em></span> <span class='ocrx_word' id='word_1_76' title='bbox 155 1137 241 1199; x_wconf 88' lang='grc' dir='ltr'><em>τίνων</em></span> <span class='ocrx_word' id='word_1_77' title='bbox 263 1134 294 1196; x_wconf 78' lang='grc' dir='ltr'><em>δὲ</em></span> <span class='ocrx_word' id='word_1_78' title='bbox 323 1130 359 1196; x_wconf 87' lang='grc' dir='ltr'><em>οῦ</em></span> <span class='ocrx_word' id='word_1_79' title='bbox 381 1135 432 1194; x_wconf 91' lang='grc' dir='ltr'><em>δεῖ.</em></span> <span class='ocrx_word' id='word_1_80' title='bbox 466 1127 591 1214; x_wconf 63' lang='grc' dir='ltr'><em>Ἄκουε,</em></span> <span class='ocrx_word' id='word_1_81' title='bbox 614 1136 702 1213; x_wconf 90' lang='grc' dir='ltr'><em>φησί·</em></span> <span class='ocrx_word' id='word_1_82' title='bbox 730 1133 763 1198; x_wconf 89' lang='grc' dir='ltr'><em>τό</em></span> <span class='ocrx_word' id='word_1_83' title='bbox 792 1134 922 1219; x_wconf 82' lang='grc' dir='ltr'><em>πονηρόν</em></span> <span class='ocrx_word' id='word_1_84' title='bbox 947 1135 1119 1222; x_wconf 78' lang='grc' dir='ltr'><em>ίγκρατεύου</em></span> <span class='ocrx_word' id='word_1_85' title='bbox 1149 1140 1197 1202; x_wconf 92' lang='grc' dir='ltr'><em>καί</em></span> <span class='ocrx_word' id='word_1_86' title='bbox 1218 1136 1254 1221; x_wconf 77' lang='grc' dir='ltr'><em>μί</em></span> 
     </span>
     <span class='ocr_line' id='line_1_10' title="bbox 84 1211 1246 1298; baseline 0.005 -18"><span class='ocrx_word' id='word_1_87' title='bbox 84 1221 160 1280; x_wconf 86' lang='grc' dir='ltr'><em>ποίει</em></span> <span class='ocrx_word' id='word_1_88' title='bbox 181 1215 269 1282; x_wconf 86' lang='grc' dir='ltr'><em>αύτό·</em></span> <span class='ocrx_word' id='word_1_89' title='bbox 297 1215 330 1279; x_wconf 86' lang='grc' dir='ltr'><em>τό</em></span> <span class='ocrx_word' id='word_1_90' title='bbox 352 1215 383 1277; x_wconf 79' lang='grc' dir='ltr'><em>δὲ</em></span> <span class='ocrx_word' id='word_1_91' title='bbox 406 1211 522 1298; x_wconf 77' lang='grc' dir='ltr'><em>ιἰγαθόν</em></span> <span class='ocrx_word' id='word_1_92' title='bbox 542 1213 581 1295; x_wconf 81' lang='grc' dir='ltr'><em>μὴ</em></span> <span class='ocrx_word' id='word_1_93' title='bbox 604 1215 797 1298; x_wconf 75' lang='grc' dir='ltr'><em>ἐγκρατεύου,</em></span> <span class='ocrx_word' id='word_1_94' title='bbox 820 1216 891 1282; x_wconf 77' lang='grc' dir='ltr'><em>ἄλλα</em></span> <span class='ocrx_word' id='word_1_95' title='bbox 917 1223 994 1283; x_wconf 90' lang='grc' dir='ltr'><em>ποίει</em></span> <span class='ocrx_word' id='word_1_96' title='bbox 1016 1218 1096 1286; x_wconf 85' lang='grc' dir='ltr'><em>αύτό.</em></span> <span class='ocrx_word' id='word_1_97' title='bbox 1135 1219 1246 1286; x_wconf 88' lang='grc' dir='ltr'><em>Ἐδινδ</em></span> 
     </span>
     <span class='ocr_line' id='line_1_11' title="bbox 85 1294 1258 1391; baseline 0.006 -29"><span class='ocrx_word' id='word_1_98' title='bbox 85 1301 258 1384; x_wconf 74' lang='grc' dir='ltr'><em>ἐγκρατεύση</em></span> <span class='ocrx_word' id='word_1_99' title='bbox 271 1296 304 1364; x_wconf 88' lang='grc' dir='ltr'><em>τό</em></span> <span class='ocrx_word' id='word_1_100' title='bbox 317 1295 448 1380; x_wconf 84' lang='grc' dir='ltr'><em>πονηρόν</em></span> <span class='ocrx_word' id='word_1_101' title='bbox 459 1294 498 1379; x_wconf 77' lang='grc' dir='ltr'><em>μὴ</em></span> <span class='ocrx_word' id='word_1_102' title='bbox 520 1305 624 1375; x_wconf 79' lang='grc' dir='ltr'><em>ποιεῖν,</em></span> <span class='ocrx_word' id='word_1_103' title='bbox 646 1301 835 1383; x_wconf 79' lang='grc' dir='ltr'><em>δικαιοσύνην</em></span> <span class='ocrx_word' id='word_1_104' title='bbox 849 1300 974 1387; x_wconf 78' lang='grc' dir='ltr'><em>μεγάλην</em></span> <span class='ocrx_word' id='word_1_105' title='bbox 987 1305 1097 1391; x_wconf 77' lang='grc' dir='ltr'><em>ἐργάζῃ.</em></span> <span class='ocrx_word' id='word_1_106' title='bbox 1137 1303 1258 1389; x_wconf 80' lang='grc' dir='ltr'><em>Ἐγκρά-</em></span> 
     </span>
     <span class='ocr_line' id='line_1_12' title="bbox 83 1365 1258 1470; baseline 0.004 -23"><span class='ocrx_word' id='word_1_107' title='bbox 83 1405 183 1450; x_wconf 81' lang='grc' dir='ltr'><em>τευσαι</em></span> <span class='ocrx_word' id='word_1_108' title='bbox 209 1365 263 1450; x_wconf 84' lang='grc' dir='ltr'><em>ούν</em></span> <span class='ocrx_word' id='word_1_109' title='bbox 290 1380 348 1447; x_wconf 90' lang='grc' dir='ltr'><em>οἰπό</em></span> <span class='ocrx_word' id='word_1_110' title='bbox 378 1384 520 1464; x_wconf 77' lang='grc' dir='ltr'><em>πονηρίας</em></span> <span class='ocrx_word' id='word_1_111' title='bbox 544 1379 639 1462; x_wconf 89' lang='grc' dir='ltr'><em>πάσης</em></span> <span class='ocrx_word' id='word_1_112' title='bbox 668 1384 768 1468; x_wconf 77' lang='grc' dir='ltr'><em>ἐργαζό</em></span> <span class='ocrx_word' id='word_1_113' title='bbox 791 1409 854 1461; x_wconf 84' lang='grc' dir='ltr'><em>ενος</em></span> <span class='ocrx_word' id='word_1_114' title='bbox 882 1382 915 1449; x_wconf 87' lang='grc' dir='ltr'><em>τό</em></span> <span class='ocrx_word' id='word_1_115' title='bbox 942 1384 1066 1470; x_wconf 83' lang='grc' dir='ltr'><em>άγαθόυ.</em></span> <span class='ocrx_word' id='word_1_116' title='bbox 1110 1393 1258 1466; x_wconf 89' lang='grc' dir='ltr'><em>Ποταπαί,</em></span> 
     </span>
     <span class='ocr_line' id='line_1_13' title="bbox 76 1412 1258 1572; baseline 0.005 -42"><span class='ocrx_word' id='word_1_117' title='bbox 76 1471 177 1572; x_wconf 54' lang='grc' dir='ltr'><em>φημί,</em></span> <span class='ocrx_word' id='word_1_118' title='bbox 204 1468 301 1551; x_wconf 89' lang='grc' dir='ltr'><em>κύριε,</em></span> <span class='ocrx_word' id='word_1_119' title='bbox 329 1466 401 1531; x_wconf 81' lang='grc' dir='ltr'><em>εἰσὶν</em></span> <span class='ocrx_word' id='word_1_120' title='bbox 430 1467 463 1528; x_wconf 91' lang='grc' dir='ltr'><em>αί</em></span> <span class='ocrx_word' id='word_1_121' title='bbox 487 1467 641 1546; x_wconf 77' lang='grc' dir='ltr'><em>πονηρίαι,</em></span> <span class='ocrx_word' id='word_1_122' title='bbox 672 1465 726 1547; x_wconf 72' lang='grc' dir='ltr'><em>ἀφ’</em></span> <span class='ocrx_word' id='word_1_123' title='bbox 761 1412 803 1532; x_wconf 74' lang='grc' dir='ltr'><em>δν</em></span> <span class='ocrx_word' id='word_1_124' title='bbox 831 1470 878 1530; x_wconf 88' lang='grc' dir='ltr'><em>δεῖ</em></span> <span class='ocrx_word' id='word_1_125' title='bbox 902 1465 989 1549; x_wconf 75' lang='grc' dir='ltr'><em>ἡμᾶςι</em></span> <span class='ocrx_word' id='word_1_126' title='bbox 1017 1470 1258 1554; x_wconf 69' lang='grc' dir='ltr'><em>ἐγκρατεύεσθαις</em></span> 
     </span>
     <span class='ocr_line' id='line_1_14' title="bbox 85 1546 1257 1633; baseline 0.003 -15"><span class='ocrx_word' id='word_1_127' title='bbox 85 1559 191 1630; x_wconf 82' lang='grc' dir='ltr'><em>Ακουε,</em></span> <span class='ocrx_word' id='word_1_128' title='bbox 214 1554 317 1633; x_wconf 77' lang='grc' dir='ltr'><em>φησίν</em></span> <span class='ocrx_word' id='word_1_129' title='bbox 341 1546 399 1613; x_wconf 85' lang='grc' dir='ltr'><em>όιπό</em></span> <span class='ocrx_word' id='word_1_130' title='bbox 420 1549 549 1631; x_wconf 82' lang='grc' dir='ltr'><em>μοιχείας</em></span> <span class='ocrx_word' id='word_1_131' title='bbox 569 1547 619 1609; x_wconf 84' lang='grc' dir='ltr'><em>καί</em></span> <span class='ocrx_word' id='word_1_132' title='bbox 639 1553 782 1630; x_wconf 89' lang='grc' dir='ltr'><em>πορνείας,</em></span> <span class='ocrx_word' id='word_1_133' title='bbox 805 1547 863 1613; x_wconf 85' lang='grc' dir='ltr'><em>άπό</em></span> <span class='ocrx_word' id='word_1_134' title='bbox 880 1549 1040 1631; x_wconf 84' lang='grc' dir='ltr'><em>ίδεσμάτων</em></span> <span class='ocrx_word' id='word_1_135' title='bbox 1059 1561 1183 1631; x_wconf 79' lang='grc' dir='ltr'><em>πολλῶν,</em></span> <span class='ocrx_word' id='word_1_136' title='bbox 1199 1551 1257 1622; x_wconf 85' lang='grc' dir='ltr'><em>άπδ</em></span> 
     </span>
     <span class='ocr_line' id='line_1_15' title="bbox 83 1625 1257 1722; baseline 0.001 -22"><span class='ocrx_word' id='word_1_137' title='bbox 83 1639 281 1710; x_wconf 72' lang='grc' dir='ltr'><em>πολυτελείας,</em></span> <span class='ocrx_word' id='word_1_138' title='bbox 311 1630 437 1698; x_wconf 87' lang='grc' dir='ltr'><em>πλούτου</em></span> <span class='ocrx_word' id='word_1_139' title='bbox 464 1631 514 1692; x_wconf 84' lang='grc' dir='ltr'><em>καί</em></span> <span class='ocrx_word' id='word_1_140' title='bbox 542 1625 709 1711; x_wconf 75' lang='grc' dir='ltr'><strong><em>καυχήσεως</em></strong></span> <span class='ocrx_word' id='word_1_141' title='bbox 737 1634 787 1697; x_wconf 86' lang='grc' dir='ltr'><em>καί</em></span> <span class='ocrx_word' id='word_1_142' title='bbox 807 1630 1056 1718; x_wconf 87' lang='grc' dir='ltr'><em>ύψηλοφροσύνης</em></span> <span class='ocrx_word' id='word_1_143' title='bbox 1085 1638 1134 1701; x_wconf 81' lang='grc' dir='ltr'><em>καί</em></span> <span class='ocrx_word' id='word_1_144' title='bbox 1153 1635 1257 1722; x_wconf 81' lang='grc' dir='ltr'><em>ύπερη·</em></span> 
     </span>
     <span class='ocr_line' id='line_1_16' title="bbox 83 1709 1257 1802; baseline 0.003 -22"><span class='ocrx_word' id='word_1_145' title='bbox 83 1721 207 1801; x_wconf 82' lang='grc' dir='ltr'><em>φανίας,</em></span> <span class='ocrx_word' id='word_1_146' title='bbox 228 1719 278 1781; x_wconf 84' lang='grc' dir='ltr'><em>καί</em></span> <span class='ocrx_word' id='word_1_147' title='bbox 306 1713 365 1779; x_wconf 82' lang='grc' dir='ltr'><em>ἇπδ</em></span> <span class='ocrx_word' id='word_1_148' title='bbox 386 1709 562 1794; x_wconf 78' lang='grc' dir='ltr'><em>ψευσμάτων</em></span> <span class='ocrx_word' id='word_1_149' title='bbox 589 1715 640 1778; x_wconf 85' lang='grc' dir='ltr'><em>καί</em></span> <span class='ocrx_word' id='word_1_150' title='bbox 674 1723 847 1792; x_wconf 69' lang='grc' dir='ltr'><em>καταλαλιάς</em></span> <span class='ocrx_word' id='word_1_151' title='bbox 873 1718 922 1781; x_wconf 81' lang='grc' dir='ltr'><em>καί</em></span> <span class='ocrx_word' id='word_1_152' title='bbox 942 1715 1135 1800; x_wconf 87' lang='grc' dir='ltr'><em>ύποκρίσεως,</em></span> <span class='ocrx_word' id='word_1_153' title='bbox 1158 1742 1257 1802; x_wconf 87' lang='grc' dir='ltr'><em>μνησι-</em></span> 
     </span>
     <span class='ocr_line' id='line_1_17' title="bbox 83 1794 1257 1887; baseline 0.004 -24"><span class='ocrx_word' id='word_1_154' title='bbox 83 1805 187 1876; x_wconf 87' lang='grc' dir='ltr'><em>κακίας</em></span> <span class='ocrx_word' id='word_1_155' title='bbox 207 1803 256 1864; x_wconf 86' lang='grc' dir='ltr'><em>καί</em></span> <span class='ocrx_word' id='word_1_156' title='bbox 276 1797 371 1880; x_wconf 88' lang='grc' dir='ltr'><em>πάσης</em></span> <span class='ocrx_word' id='word_1_157' title='bbox 392 1794 479 1880; x_wconf 80' lang='grc' dir='ltr'><em>άλλης</em></span> <span class='ocrx_word' id='word_1_158' title='bbox 499 1798 693 1878; x_wconf 82' lang='grc' dir='ltr'><em>βλασφημίας.</em></span> <span class='ocrx_word' id='word_1_159' title='bbox 740 1807 837 1864; x_wconf 83' lang='grc' dir='ltr'><em>Ταῦτα</em></span> <span class='ocrx_word' id='word_1_160' title='bbox 858 1799 893 1865; x_wconf 82' lang='grc' dir='ltr'><em>τά</em></span> <span class='ocrx_word' id='word_1_161' title='bbox 914 1802 981 1885; x_wconf 72' lang='grc' dir='ltr'><em>ἔργα</em></span> <span class='ocrx_word' id='word_1_162' title='bbox 994 1801 1111 1868; x_wconf 89' lang='grc' dir='ltr'><em>πάντων</em></span> <span class='ocrx_word' id='word_1_163' title='bbox 1131 1803 1257 1887; x_wconf 90' lang='grc' dir='ltr'><em>πονηρό-</em></span> 
     </span>
     <span class='ocr_line' id='line_1_18' title="bbox 83 1877 1257 1978; baseline 0.005 -30"><span class='ocrx_word' id='word_1_164' title='bbox 83 1883 154 1948; x_wconf 87' lang='grc' dir='ltr'><em>τατά</em></span> <span class='ocrx_word' id='word_1_165' title='bbox 175 1886 246 1948; x_wconf 83' lang='grc' dir='ltr'><em>εἰσιν</em></span> <span class='ocrx_word' id='word_1_166' title='bbox 267 1885 299 1947; x_wconf 78' lang='grc' dir='ltr'><em>ἐν</em></span> <span class='ocrx_word' id='word_1_167' title='bbox 319 1888 353 1970; x_wconf 76' lang='grc' dir='ltr'><em>τῇ</em></span> <span class='ocrx_word' id='word_1_168' title='bbox 375 1886 432 1959; x_wconf 63' lang='lat' dir='ltr'><em>tw*</em></span> <span class='ocrx_word' id='word_1_169' title='bbox 459 1886 517 1944; x_wconf 85' lang='grc' dir='ltr'><em>τῶν</em></span> <span class='ocrx_word' id='word_1_170' title='bbox 544 1878 721 1964; x_wconf 82' lang='grc' dir='ltr'><em>ιἰνθροόποον.</em></span> <span class='ocrx_word' id='word_1_171' title='bbox 758 1881 834 1948; x_wconf 63' lang='lat' dir='ltr'><em>&#39;Ana</em></span> <span class='ocrx_word' id='word_1_172' title='bbox 861 1882 971 1949; x_wconf 92' lang='grc' dir='ltr'><em>τούτων</em></span> <span class='ocrx_word' id='word_1_173' title='bbox 1000 1877 1054 1949; x_wconf 88' lang='grc' dir='ltr'><em>οῦν</em></span> <span class='ocrx_word' id='word_1_174' title='bbox 1082 1893 1139 1950; x_wconf 83' lang='grc' dir='ltr'><em>τῶν</em></span> <span class='ocrx_word' id='word_1_175' title='bbox 1166 1888 1257 1978; x_wconf 76' lang='grc' dir='ltr'><em>ἔργων</em></span> 
     </span>
     <span class='ocr_line' id='line_1_19' title="bbox 84 1963 1257 2075; baseline 0.004 -45"><span class='ocrx_word' id='word_1_176' title='bbox 84 1970 130 2031; x_wconf 91' lang='grc' dir='ltr'><em>δεῖ</em></span> <span class='ocrx_word' id='word_1_177' title='bbox 148 1964 370 2051; x_wconf 80' lang='grc' dir='ltr'><em>ίγιιρατεύεσθαι</em></span> <span class='ocrx_word' id='word_1_178' title='bbox 396 1990 446 2030; x_wconf 85' lang='grc' dir='ltr'><em>του</em></span> <span class='ocrx_word' id='word_1_179' title='bbox 468 1966 575 2030; x_wconf 87' lang='grc' dir='ltr'><em>δοῦλον</em></span> <span class='ocrx_word' id='word_1_180' title='bbox 603 1973 654 2030; x_wconf 89' lang='grc' dir='ltr'><em>τοῦ</em></span> <span class='ocrx_word' id='word_1_181' title='bbox 683 1973 767 2031; x_wconf 89' lang='grc' dir='ltr'><em>θεοῦ.</em></span> <span class='ocrx_word' id='word_1_182' title='bbox 808 1963 843 2030; x_wconf 83' lang='lat'><em>‘0</em></span> <span class='ocrx_word' id='word_1_183' title='bbox 870 1964 924 2052; x_wconf 78' lang='grc' dir='ltr'><em>γάρ</em></span> <span class='ocrx_word' id='word_1_184' title='bbox 954 1964 993 2049; x_wconf 81' lang='grc' dir='ltr'><em>μὴ</em></span> <span class='ocrx_word' id='word_1_185' title='bbox 1015 1967 1257 2075; x_wconf 75' lang='grc' dir='ltr'><em>ἐγκρατευόμενος</em></span> 
     </span>
     <span class='ocr_line' id='line_1_20' title="bbox 84 2043 1257 2136; baseline 0.007 -22"><span class='ocrx_word' id='word_1_186' title='bbox 84 2048 142 2115; x_wconf 86' lang='grc' dir='ltr'><em>διπδ</em></span> <span class='ocrx_word' id='word_1_187' title='bbox 165 2048 275 2114; x_wconf 84' lang='grc' dir='ltr'><em>τούτων</em></span> <span class='ocrx_word' id='word_1_188' title='bbox 296 2047 332 2114; x_wconf 85' lang='grc' dir='ltr'><em>ού</em></span> <span class='ocrx_word' id='word_1_189' title='bbox 354 2046 476 2112; x_wconf 89' lang='grc' dir='ltr'><em>δύναται</em></span> <span class='ocrx_word' id='word_1_190' title='bbox 494 2054 578 2130; x_wconf 80' lang='grc' dir='ltr'><em>ζῆσαι</em></span> <span class='ocrx_word' id='word_1_191' title='bbox 599 2056 640 2135; x_wconf 78' lang='grc' dir='ltr'><em>τῷ</em></span> <span class='ocrx_word' id='word_1_192' title='bbox 661 2057 733 2136; x_wconf 79' lang='grc' dir='ltr'><em>θεῷ.</em></span> <span class='ocrx_word' id='word_1_193' title='bbox 766 2047 883 2115; x_wconf 60' lang='grc' dir='ltr'><em>’Ἄκουε</em></span> <span class='ocrx_word' id='word_1_194' title='bbox 904 2043 958 2114; x_wconf 88' lang='grc' dir='ltr'><em>οῦν</em></span> <span class='ocrx_word' id='word_1_195' title='bbox 979 2053 1027 2116; x_wconf 88' lang='grc' dir='ltr'><em>καί</em></span> <span class='ocrx_word' id='word_1_196' title='bbox 1048 2078 1082 2115; x_wconf 92' lang='grc' dir='ltr'><em>τα</em></span> <span class='ocrx_word' id='word_1_197' title='bbox 1103 2051 1257 2123; x_wconf 74' lang='grc' dir='ltr'><em>ἀκόλουθα</em></span> 
     </span>
     <span class='ocr_line' id='line_1_21' title="bbox 83 2128 1256 2221; baseline 0.002 -22"><span class='ocrx_word' id='word_1_198' title='bbox 83 2132 200 2198; x_wconf 87' lang='grc' dir='ltr'><em>τούτων.</em></span> <span class='ocrx_word' id='word_1_199' title='bbox 236 2132 304 2197; x_wconf 83' lang='grc' dir='ltr'><em>Ἔτι</em></span> <span class='ocrx_word' id='word_1_200' title='bbox 331 2132 386 2218; x_wconf 77' lang='grc' dir='ltr'><em>γάρ</em></span> <span class='ocrx_word' id='word_1_201' title='bbox 424 2134 515 2216; x_wconf 84' lang='grc' dir='ltr'><em>φημί,</em></span> <span class='ocrx_word' id='word_1_202' title='bbox 538 2129 634 2213; x_wconf 89' lang='grc' dir='ltr'><em>κύριε,</em></span> <span class='ocrx_word' id='word_1_203' title='bbox 656 2128 771 2217; x_wconf 83' lang='grc' dir='ltr'><em>πονηρά</em></span> <span class='ocrx_word' id='word_1_204' title='bbox 797 2135 866 2220; x_wconf 79' lang='grc' dir='ltr'><em>ἔργα</em></span> <span class='ocrx_word' id='word_1_205' title='bbox 892 2136 969 2212; x_wconf 76' lang='grc' dir='ltr'><em>ἐστί,</em></span> <span class='ocrx_word' id='word_1_206' title='bbox 1002 2138 1063 2198; x_wconf 84' lang='grc' dir='ltr'><em>Καί</em></span> <span class='ocrx_word' id='word_1_207' title='bbox 1082 2161 1113 2220; x_wconf 83' lang='grc' dir='ltr'><em>γε</em></span> <span class='ocrx_word' id='word_1_208' title='bbox 1141 2139 1256 2221; x_wconf 82' lang='grc' dir='ltr'><em>πολλά,’</em></span> 
     </span>
     <span class='ocr_line' id='line_1_22' title="bbox 84 2186 1255 2324; baseline 0.003 -43"><span class='ocrx_word' id='word_1_209' title='bbox 84 2222 184 2300; x_wconf 85' lang='grc' dir='ltr'><em>φησίν,</em></span> <span class='ocrx_word' id='word_1_210' title='bbox 207 2219 284 2283; x_wconf 76' lang='grc' dir='ltr'><em>ἔστιν</em></span> <span class='ocrx_word' id='word_1_211' title='bbox 305 2215 358 2296; x_wconf 86' lang='grc' dir='ltr'><em>οἰφ’</em></span> <span class='ocrx_word' id='word_1_212' title='bbox 384 2186 425 2280; x_wconf 79' lang='grc' dir='ltr'><em>δν</em></span> <span class='ocrx_word' id='word_1_213' title='bbox 446 2218 494 2279; x_wconf 88' lang='grc' dir='ltr'><em>δεῖ</em></span> <span class='ocrx_word' id='word_1_214' title='bbox 511 2213 561 2279; x_wconf 88' lang='grc' dir='ltr'><em>τόν</em></span> <span class='ocrx_word' id='word_1_215' title='bbox 583 2218 689 2283; x_wconf 84' lang='grc' dir='ltr'><em>δοῦλον</em></span> <span class='ocrx_word' id='word_1_216' title='bbox 709 2225 762 2281; x_wconf 87' lang='grc' dir='ltr'><em>τοῦ</em></span> <span class='ocrx_word' id='word_1_217' title='bbox 783 2224 859 2283; x_wconf 88' lang='grc' dir='ltr'><em>θεοῦ</em></span> <span class='ocrx_word' id='word_1_218' title='bbox 880 2215 1115 2302; x_wconf 79' lang='grc' dir='ltr'><em>ίγκρατεύεσθαι·</em></span> <span class='ocrx_word' id='word_1_219' title='bbox 1138 2221 1255 2324; x_wconf 70' lang='grc' dir='ltr'><em>κλέμμα,</em></span> 
     </span>
    </p>
   </div>
   <div class='ocr_carea' id='block_1_5' title="bbox 84 2298 1256 2448">
    <p class='ocr_par' dir='ltr' id='par_1_5' title="bbox 84 2298 1256 2448">
     <span class='ocr_line' id='line_1_23' title="bbox 84 2298 1256 2448; baseline 0.007 -84"><span class='ocrx_word' id='word_1_220' title='bbox 84 2309 218 2382; x_wconf 75' lang='grc' dir='ltr'><em>ψεῦσμα,</em></span> <span class='ocrx_word' id='word_1_221' title='bbox 254 2298 455 2380; x_wconf 84' lang='grc' dir='ltr'><em>ιἰποστίρησις,</em></span> <span class='ocrx_word' id='word_1_222' title='bbox 483 2301 737 2448; x_wconf 62' lang='grc' dir='ltr'><em>ψευδομαρτυρίαν,</em></span> <span class='ocrx_word' id='word_1_223' title='bbox 765 2303 927 2378; x_wconf 82' lang='grc' dir='ltr'><em>πλεονεξία,</em></span> <span class='ocrx_word' id='word_1_224' title='bbox 962 2303 1106 2383; x_wconf 78' lang='grc' dir='ltr'><em>ἐπιθυμία</em></span> <span class='ocrx_word' id='word_1_225' title='bbox 1133 2329 1256 2390; x_wconf 80' lang='grc' dir='ltr'><em>πονηρα,</em></span> 
     </span>
    </p>
   </div>
   <div class='ocr_carea' id='block_1_6' title="bbox 84 2381 1258 3884">
    <p class='ocr_par' dir='ltr' id='par_1_6' title="bbox 84 2381 1258 3884">
     <span class='ocr_line' id='line_1_24' title="bbox 85 2381 1258 2465; baseline 0.005 -18"><span class='ocrx_word' id='word_1_226' title='bbox 85 2382 189 2465; x_wconf 88' lang='grc' dir='ltr'><em>άπάτη,</em></span> <span class='ocrx_word' id='word_1_227' title='bbox 211 2387 377 2460; x_wconf 81' lang='grc' dir='ltr'><em>κενοδοξία,</em></span> <span class='ocrx_word' id='word_1_228' title='bbox 400 2381 566 2459; x_wconf 74' lang='grc' dir='ltr'><em>ἀλαζονεία,</em></span> <span class='ocrx_word' id='word_1_229' title='bbox 588 2383 637 2446; x_wconf 88' lang='grc' dir='ltr'><em>καλ</em></span> <span class='ocrx_word' id='word_1_230' title='bbox 684 2403 721 2448; x_wconf 92' lang='grc' dir='ltr'><em>σα</em></span> <span class='ocrx_word' id='word_1_231' title='bbox 741 2381 855 2458; x_wconf 88' lang='grc' dir='ltr'><em>τούτοις</em></span> <span class='ocrx_word' id='word_1_232' title='bbox 876 2382 963 2465; x_wconf 80' lang='grc' dir='ltr'><em>ὅμοιά</em></span> <span class='ocrx_word' id='word_1_233' title='bbox 985 2382 1065 2448; x_wconf 87' lang='grc' dir='ltr'><em>είσιν.</em></span> <span class='ocrx_word' id='word_1_234' title='bbox 1111 2384 1155 2449; x_wconf 88' lang='grc' dir='ltr'><em>Ού</em></span> <span class='ocrx_word' id='word_1_235' title='bbox 1177 2390 1258 2454; x_wconf 88' lang='grc' dir='ltr'><em>δοκεῖ</em></span> 
     </span>
     <span class='ocr_line' id='line_1_25' title="bbox 84 2462 1257 2550; baseline 0.003 -19"><span class='ocrx_word' id='word_1_236' title='bbox 84 2490 131 2532; x_wconf 90' lang='grc' dir='ltr'><em>σοι</em></span> <span class='ocrx_word' id='word_1_237' title='bbox 151 2475 241 2531; x_wconf 86' lang='grc' dir='ltr'><em>ταῦτα</em></span> <span class='ocrx_word' id='word_1_238' title='bbox 269 2463 383 2550; x_wconf 87' lang='grc' dir='ltr'><em>πονηρδι</em></span> <span class='ocrx_word' id='word_1_239' title='bbox 412 2462 501 2542; x_wconf 83' lang='grc' dir='ltr'><em>είναι;</em></span> <span class='ocrx_word' id='word_1_240' title='bbox 532 2467 592 2529; x_wconf 83' lang='grc' dir='ltr'><em>Καί</em></span> <span class='ocrx_word' id='word_1_241' title='bbox 629 2469 695 2530; x_wconf 87' lang='grc' dir='ltr'><em>λίαν</em></span> <span class='ocrx_word' id='word_1_242' title='bbox 722 2465 836 2550; x_wconf 83' lang='grc' dir='ltr'><em>πονηρὰ</em></span> <span class='ocrx_word' id='word_1_243' title='bbox 863 2476 923 2542; x_wconf 88' lang='grc' dir='ltr'><em>τοῖς</em></span> <span class='ocrx_word' id='word_1_244' title='bbox 949 2468 1066 2543; x_wconf 88' lang='grc' dir='ltr'><em>δούλοις</em></span> <span class='ocrx_word' id='word_1_245' title='bbox 1093 2476 1144 2533; x_wconf 90' lang='grc' dir='ltr'><em>τοῦ</em></span> <span class='ocrx_word' id='word_1_246' title='bbox 1172 2479 1257 2535; x_wconf 85' lang='grc' dir='ltr'><em>θεοῦ.</em></span> 
     </span>
     <span class='ocr_line' id='line_1_26' title="bbox 88 2546 1257 2659; baseline 0.003 -44"><span class='ocrx_word' id='word_1_247' title='bbox 88 2550 205 2615; x_wconf 87' lang='grc' dir='ltr'><em>Τούτων</em></span> <span class='ocrx_word' id='word_1_248' title='bbox 234 2550 352 2615; x_wconf 87' lang='grc' dir='ltr'><em>πάντων</em></span> <span class='ocrx_word' id='word_1_249' title='bbox 373 2551 429 2614; x_wconf 57' lang='grc' dir='ltr'><em>δεῖ</em></span> <span class='ocrx_word' id='word_1_250' title='bbox 450 2546 675 2632; x_wconf 80' lang='grc' dir='ltr'><em>ίγκρατεύεσθαι</em></span> <span class='ocrx_word' id='word_1_251' title='bbox 695 2547 746 2615; x_wconf 87' lang='grc' dir='ltr'><em>τόν</em></span> <span class='ocrx_word' id='word_1_252' title='bbox 766 2548 941 2614; x_wconf 89' lang='grc' dir='ltr'><em>δουλεύοντα</em></span> <span class='ocrx_word' id='word_1_253' title='bbox 961 2559 1001 2638; x_wconf 75' lang='grc' dir='ltr'><em>τῷ</em></span> <span class='ocrx_word' id='word_1_254' title='bbox 1025 2559 1097 2637; x_wconf 77' lang='grc' dir='ltr'><em>θεῷ.</em></span> <span class='ocrx_word' id='word_1_255' title='bbox 1134 2551 1257 2659; x_wconf 78' lang='grc' dir='ltr'><em>Ἐγκρά-</em></span> 
     </span>
     <span class='ocr_line' id='line_1_27' title="bbox 84 2627 1256 2727; baseline 0.001 -27"><span class='ocrx_word' id='word_1_256' title='bbox 84 2657 180 2701; x_wconf 90' lang='grc' dir='ltr'><em>τευσαι</em></span> <span class='ocrx_word' id='word_1_257' title='bbox 207 2627 262 2699; x_wconf 87' lang='grc' dir='ltr'><em>οῦν</em></span> <span class='ocrx_word' id='word_1_258' title='bbox 290 2631 348 2699; x_wconf 83' lang='grc' dir='ltr'><em>άπὸ</em></span> <span class='ocrx_word' id='word_1_259' title='bbox 370 2631 487 2697; x_wconf 88' lang='grc' dir='ltr'><em>πάντων</em></span> <span class='ocrx_word' id='word_1_260' title='bbox 507 2630 617 2698; x_wconf 88' lang='grc' dir='ltr'><em>τούτων</em></span> <span class='ocrx_word' id='word_1_261' title='bbox 662 2634 712 2698; x_wconf 76' lang='grc' dir='ltr'><em>ἰ’να</em></span> <span class='ocrx_word' id='word_1_262' title='bbox 741 2631 829 2722; x_wconf 77' lang='grc' dir='ltr'><em>ζησης</em></span> <span class='ocrx_word' id='word_1_263' title='bbox 856 2641 896 2721; x_wconf 76' lang='grc' dir='ltr'><em>τῷ</em></span> <span class='ocrx_word' id='word_1_264' title='bbox 917 2641 979 2720; x_wconf 79' lang='grc' dir='ltr'><em>θεῷ</em></span> <span class='ocrx_word' id='word_1_265' title='bbox 1010 2636 1058 2699; x_wconf 79' lang='grc' dir='ltr'><em>καί</em></span> <span class='ocrx_word' id='word_1_266' title='bbox 1088 2636 1256 2727; x_wconf 78' lang='grc' dir='ltr'><em>ίγγραφηση</em></span> 
     </span>
     <span class='ocr_line' id='line_1_28' title="bbox 85 2709 1258 2821; baseline 0.002 -38"><span class='ocrx_word' id='word_1_267' title='bbox 85 2717 223 2801; x_wconf 79' lang='grc' dir='ltr'><em>μετὰτῶν</em></span> <span class='ocrx_word' id='word_1_268' title='bbox 235 2718 483 2821; x_wconf 78' lang='grc' dir='ltr'><em>ίγκρατευομίνων</em></span> <span class='ocrx_word' id='word_1_269' title='bbox 495 2713 589 2781; x_wconf 69' lang='grc' dir='ltr'><em>αὐτά*</em></span> <span class='ocrx_word' id='word_1_270' title='bbox 629 2718 679 2812; x_wconf 70' lang='grc' dir='ltr'><em>ῼν</em></span> <span class='ocrx_word' id='word_1_271' title='bbox 690 2716 743 2800; x_wconf 81' lang='grc' dir='ltr'><em>μὲν</em></span> <span class='ocrx_word' id='word_1_272' title='bbox 754 2709 809 2782; x_wconf 87' lang='grc' dir='ltr'><em>σύν</em></span> <span class='ocrx_word' id='word_1_273' title='bbox 825 2720 872 2783; x_wconf 85' lang='grc' dir='ltr'><em>δεῖ</em></span> <span class='ocrx_word' id='word_1_274' title='bbox 881 2738 912 2782; x_wconf 92' lang='grc' dir='ltr'><em>σε</em></span> <span class='ocrx_word' id='word_1_275' title='bbox 923 2715 1154 2802; x_wconf 80' lang='grc' dir='ltr'><em>ίγκρατεύεσθαι,</em></span> <span class='ocrx_word' id='word_1_276' title='bbox 1167 2720 1258 2785; x_wconf 85' lang='grc' dir='ltr'><em>ταῦτά</em></span> 
     </span>
     <span class='ocr_line' id='line_1_29' title="bbox 84 2795 1257 2886; baseline 0.001 -19"><span class='ocrx_word' id='word_1_277' title='bbox 84 2805 175 2868; x_wconf 74' lang='grc' dir='ltr'><em>ἔστιν·</em></span> <span class='ocrx_word' id='word_1_278' title='bbox 191 2801 252 2866; x_wconf 76' lang='grc' dir='ltr'><em>δδί</em></span> <span class='ocrx_word' id='word_1_279' title='bbox 263 2805 310 2866; x_wconf 89' lang='grc' dir='ltr'><em>δεῖ</em></span> <span class='ocrx_word' id='word_1_280' title='bbox 318 2823 349 2865; x_wconf 89' lang='grc' dir='ltr'><em>σε</em></span> <span class='ocrx_word' id='word_1_281' title='bbox 363 2828 403 2881; x_wconf 90' lang='grc' dir='ltr'><em>μη</em></span> <span class='ocrx_word' id='word_1_282' title='bbox 418 2795 651 2884; x_wconf 72' lang='grc' dir='ltr'><em>ἐγκρατεύεσθαι,</em></span> <span class='ocrx_word' id='word_1_283' title='bbox 663 2804 763 2882; x_wconf 91' lang='grc' dir='ltr'><em>φησίν,</em></span> <span class='ocrx_word' id='word_1_284' title='bbox 775 2799 847 2864; x_wconf 76' lang='grc' dir='ltr'><em>άλλδ</em></span> <span class='ocrx_word' id='word_1_285' title='bbox 862 2809 966 2877; x_wconf 90' lang='grc' dir='ltr'><em>ποιεῖν,</em></span> <span class='ocrx_word' id='word_1_286' title='bbox 980 2799 1082 2865; x_wconf 79' lang='grc' dir='ltr'><em>άκουε·</em></span> <span class='ocrx_word' id='word_1_287' title='bbox 1095 2797 1127 2865; x_wconf 87' lang='grc' dir='ltr'><em>τό</em></span> <span class='ocrx_word' id='word_1_288' title='bbox 1140 2800 1257 2886; x_wconf 79' lang='grc' dir='ltr'><em>άγαθδν</em></span> 
     </span>
     <span class='ocr_line' id='line_1_30' title="bbox 84 2881 1256 2988; baseline 0.002 -38"><span class='ocrx_word' id='word_1_289' title='bbox 84 2885 123 2969; x_wconf 82' lang='grc' dir='ltr'><em>μὴ</em></span> <span class='ocrx_word' id='word_1_290' title='bbox 134 2885 316 2971; x_wconf 80' lang='grc' dir='ltr'><em>ἐγκρατεύου,</em></span> <span class='ocrx_word' id='word_1_291' title='bbox 332 2882 402 2947; x_wconf 84' lang='grc' dir='ltr'><em>άλλά</em></span> <span class='ocrx_word' id='word_1_292' title='bbox 412 2887 490 2948; x_wconf 92' lang='grc' dir='ltr'><em>ποίει</em></span> <span class='ocrx_word' id='word_1_293' title='bbox 504 2881 584 2948; x_wconf 88' lang='grc' dir='ltr'><em>αύτό.</em></span> <span class='ocrx_word' id='word_1_294' title='bbox 616 2885 675 2948; x_wconf 80' lang='grc' dir='ltr'><em>Καί</em></span> <span class='ocrx_word' id='word_1_295' title='bbox 684 2891 741 2948; x_wconf 84' lang='grc' dir='ltr'><em>τῶν</em></span> <span class='ocrx_word' id='word_1_296' title='bbox 755 2882 879 2969; x_wconf 77' lang='grc' dir='ltr'><em>άγαθοῖν</em></span> <span class='ocrx_word' id='word_1_297' title='bbox 887 2910 950 2988; x_wconf 81' lang='grc' dir='ltr'><em>μοι,</em></span> <span class='ocrx_word' id='word_1_298' title='bbox 964 2887 1049 2966; x_wconf 91' lang='grc' dir='ltr'><em>φημί,</em></span> <span class='ocrx_word' id='word_1_299' title='bbox 1060 2884 1152 2968; x_wconf 84' lang='grc' dir='ltr'><em>κύριε,</em></span> <span class='ocrx_word' id='word_1_300' title='bbox 1168 2885 1256 2968; x_wconf 74' lang='grc' dir='ltr'><em>δήλω·</em></span> 
     </span>
     <span class='ocr_line' id='line_1_31' title="bbox 85 2964 1255 3054; baseline -0.001 -20"><span class='ocrx_word' id='word_1_301' title='bbox 85 2969 200 3051; x_wconf 80' lang='grc' dir='ltr'><em>σαυτὴν</em></span> <span class='ocrx_word' id='word_1_302' title='bbox 211 2969 345 3049; x_wconf 90' lang='grc' dir='ltr'><em>δύναμιν,</em></span> <span class='ocrx_word' id='word_1_303' title='bbox 361 2970 411 3032; x_wconf 75' lang='grc' dir='ltr'><em>ἵνα</em></span> <span class='ocrx_word' id='word_1_304' title='bbox 428 2974 567 3049; x_wconf 84' lang='grc' dir='ltr'><em>πορευθῶ</em></span> <span class='ocrx_word' id='word_1_305' title='bbox 579 2968 611 3033; x_wconf 83' lang='grc' dir='ltr'><em>ίν</em></span> <span class='ocrx_word' id='word_1_306' title='bbox 620 2964 720 3044; x_wconf 85' lang='grc' dir='ltr'><em>αύτοῖς</em></span> <span class='ocrx_word' id='word_1_307' title='bbox 729 2969 778 3032; x_wconf 84' lang='grc' dir='ltr'><em>καί</em></span> <span class='ocrx_word' id='word_1_308' title='bbox 791 2971 937 3035; x_wconf 89' lang='grc' dir='ltr'><em>δουλευσω</em></span> <span class='ocrx_word' id='word_1_309' title='bbox 950 2965 1056 3042; x_wconf 81' lang='grc' dir='ltr'><em>αὐτοῖς,</em></span> <span class='ocrx_word' id='word_1_310' title='bbox 1077 2968 1125 3029; x_wconf 84' lang='grc' dir='ltr'><em>ῖνα</em></span> <span class='ocrx_word' id='word_1_311' title='bbox 1140 2969 1255 3054; x_wconf 76' lang='grc' dir='ltr'><em>ίργασά·</em></span> 
     </span>
     <span class='ocr_line' id='line_1_32' title="bbox 85 3047 1257 3137; baseline 0.003 -22"><span class='ocrx_word' id='word_1_312' title='bbox 85 3076 170 3134; x_wconf 86' lang='grc' dir='ltr'><em>μενος</em></span> <span class='ocrx_word' id='word_1_313' title='bbox 183 3050 256 3116; x_wconf 81' lang='grc' dir='ltr'><em>αῦτά</em></span> <span class='ocrx_word' id='word_1_314' title='bbox 272 3055 395 3133; x_wconf 81' lang='grc' dir='ltr'><em>δυνηθῶ</em></span> <span class='ocrx_word' id='word_1_315' title='bbox 409 3057 552 3132; x_wconf 80' lang='grc' dir='ltr'><em>σωθῆναι.</em></span> <span class='ocrx_word' id='word_1_316' title='bbox 577 3049 696 3130; x_wconf 69' lang='grc' dir='ltr'><em>Ἄκουε,</em></span> <span class='ocrx_word' id='word_1_317' title='bbox 709 3054 789 3133; x_wconf 91' lang='grc' dir='ltr'><em>φησί,</em></span> <span class='ocrx_word' id='word_1_318' title='bbox 803 3052 851 3116; x_wconf 85' lang='grc' dir='ltr'><em>καί</em></span> <span class='ocrx_word' id='word_1_319' title='bbox 862 3058 920 3114; x_wconf 86' lang='grc' dir='ltr'><em>τοῖν</em></span> <span class='ocrx_word' id='word_1_320' title='bbox 931 3048 1055 3133; x_wconf 75' lang='grc' dir='ltr'><em>ἀγαθῶν</em></span> <span class='ocrx_word' id='word_1_321' title='bbox 1064 3047 1098 3114; x_wconf 82' lang='grc' dir='ltr'><em>τὰ</em></span> <span class='ocrx_word' id='word_1_322' title='bbox 1109 3052 1185 3135; x_wconf 77' lang='grc' dir='ltr'><em>ἔργα,</em></span> <span class='ocrx_word' id='word_1_323' title='bbox 1196 3051 1257 3137; x_wconf 79' lang='grc' dir='ltr'><em>άγε</em></span> 
     </span>
     <span class='ocr_line' id='line_1_33' title="bbox 86 3130 1255 3223; baseline 0.004 -26"><span class='ocrx_word' id='word_1_324' title='bbox 86 3139 133 3198; x_wconf 85' lang='grc' dir='ltr'><em>δεῖ</em></span> <span class='ocrx_word' id='word_1_325' title='bbox 142 3133 312 3219; x_wconf 78' lang='grc' dir='ltr'><em>ἐργάζεσθαι</em></span> <span class='ocrx_word' id='word_1_326' title='bbox 325 3136 373 3199; x_wconf 80' lang='grc' dir='ltr'><em>καλ</em></span> <span class='ocrx_word' id='word_1_327' title='bbox 382 3132 421 3215; x_wconf 78' lang='grc' dir='ltr'><em>μὴ</em></span> <span class='ocrx_word' id='word_1_328' title='bbox 431 3130 665 3219; x_wconf 73' lang='grc' dir='ltr'><em>ἐγκρατεύεσθαι.</em></span> <span class='ocrx_word' id='word_1_329' title='bbox 694 3140 818 3217; x_wconf 83' lang='grc' dir='ltr'><em>Προῖτον</em></span> <span class='ocrx_word' id='word_1_330' title='bbox 828 3133 945 3199; x_wconf 84' lang='grc' dir='ltr'><em>πάντων</em></span> <span class='ocrx_word' id='word_1_331' title='bbox 952 3137 1056 3210; x_wconf 88' lang='grc' dir='ltr'><em>πίστις,</em></span> <span class='ocrx_word' id='word_1_332' title='bbox 1068 3131 1162 3215; x_wconf 85' lang='grc' dir='ltr'><em>φόβος</em></span> <span class='ocrx_word' id='word_1_333' title='bbox 1171 3143 1255 3223; x_wconf 84' lang='grc' dir='ltr'><em>θεοῦ,</em></span> 
     </span>
     <span class='ocr_line' id='line_1_34' title="bbox 88 3214 1256 3304; baseline 0.003 -22"><span class='ocrx_word' id='word_1_334' title='bbox 88 3214 197 3302; x_wconf 79' lang='grc' dir='ltr'><em>σἰγάπη,</em></span> <span class='ocrx_word' id='word_1_335' title='bbox 210 3215 341 3297; x_wconf 80' lang='grc' dir='ltr'><em>ὁμόνοια,</em></span> <span class='ocrx_word' id='word_1_336' title='bbox 358 3215 470 3299; x_wconf 71' lang='grc' dir='ltr'><em>δόματα</em></span> <span class='ocrx_word' id='word_1_337' title='bbox 483 3217 681 3300; x_wconf 90' lang='grc' dir='ltr'><em>δικαιοσύνης,</em></span> <span class='ocrx_word' id='word_1_338' title='bbox 699 3215 832 3299; x_wconf 81' lang='grc' dir='ltr'><em>άλήθεια,</em></span> <span class='ocrx_word' id='word_1_339' title='bbox 843 3214 991 3300; x_wconf 82' lang='grc' dir='ltr'><em>ύπομονή·</em></span> <span class='ocrx_word' id='word_1_340' title='bbox 1011 3214 1122 3282; x_wconf 88' lang='grc' dir='ltr'><em>τούτων</em></span> <span class='ocrx_word' id='word_1_341' title='bbox 1142 3216 1256 3304; x_wconf 82' lang='grc' dir='ltr'><em>ἇγαθαί·</em></span> 
     </span>
     <span class='ocr_line' id='line_1_35' title="bbox 85 3298 1257 3413; baseline 0.006 -48"><span class='ocrx_word' id='word_1_342' title='bbox 85 3303 180 3383; x_wconf 64' lang='grc' dir='ltr'><em>τεροιδ</em></span> <span class='ocrx_word' id='word_1_343' title='bbox 192 3298 366 3366; x_wconf 81' lang='grc' dir='ltr'><em>ούδίνίστιν</em></span> <span class='ocrx_word' id='word_1_344' title='bbox 386 3302 461 3413; x_wconf 72' lang='grc' dir='ltr'><em>ίυτρῖ</em></span> <span class='ocrx_word' id='word_1_345' title='bbox 474 3307 532 3387; x_wconf 73' lang='grc' dir='ltr'><em>ζωῇ</em></span> <span class='ocrx_word' id='word_1_346' title='bbox 553 3299 805 3384; x_wconf 81' lang='grc' dir='ltr'><em>τοῖνάνθροίπων·</em></span> <span class='ocrx_word' id='word_1_347' title='bbox 827 3308 917 3366; x_wconf 85' lang='grc' dir='ltr'><em>ταῦτα</em></span> <span class='ocrx_word' id='word_1_348' title='bbox 929 3299 981 3365; x_wconf 76' lang='grc' dir='ltr'><em>δάν</em></span> <span class='ocrx_word' id='word_1_349' title='bbox 991 3327 1033 3378; x_wconf 90' lang='grc' dir='ltr'><em>τις</em></span> <span class='ocrx_word' id='word_1_350' title='bbox 1054 3299 1188 3392; x_wconf 76' lang='grc' dir='ltr'><em>φυλάσσῃ</em></span> <span class='ocrx_word' id='word_1_351' title='bbox 1209 3307 1257 3373; x_wconf 80' lang='grc' dir='ltr'><em>καί</em></span> 
     </span>
     <span class='ocr_line' id='line_1_36' title="bbox 86 3380 1258 3490; baseline 0.003 -42"><span class='ocrx_word' id='word_1_352' title='bbox 86 3382 169 3489; x_wconf 71' lang='grc' dir='ltr'><em>[μηὙ</em></span> <span class='ocrx_word' id='word_1_353' title='bbox 181 3381 384 3490; x_wconf 74' lang='grc' dir='ltr'><em>ἐγκρατεύηται</em></span> <span class='ocrx_word' id='word_1_354' title='bbox 401 3382 443 3449; x_wconf 84' lang='grc' dir='ltr'><em>άπ</em></span> <span class='ocrx_word' id='word_1_355' title='bbox 479 3381 586 3462; x_wconf 79' lang='grc' dir='ltr'><em>αὐτῶν,</em></span> <span class='ocrx_word' id='word_1_356' title='bbox 607 3380 749 3466; x_wconf 88' lang='grc' dir='ltr'><em>μακάριος</em></span> <span class='ocrx_word' id='word_1_357' title='bbox 760 3386 869 3468; x_wconf 82' lang='grc' dir='ltr'><em>γίνεται</em></span> <span class='ocrx_word' id='word_1_358' title='bbox 881 3385 913 3450; x_wconf 77' lang='grc' dir='ltr'><em>ἕν</em></span> <span class='ocrx_word' id='word_1_359' title='bbox 924 3391 960 3471; x_wconf 77' lang='grc' dir='ltr'><em>τῇ</em></span> <span class='ocrx_word' id='word_1_360' title='bbox 970 3390 1026 3489; x_wconf 74' lang='grc' dir='ltr'><em>ζωη</em></span> <span class='ocrx_word' id='word_1_361' title='bbox 1041 3383 1140 3449; x_wconf 80' lang='grc' dir='ltr'><em>αὐτοῦ.</em></span> <span class='ocrx_word' id='word_1_362' title='bbox 1184 3383 1258 3452; x_wconf 88' lang='grc' dir='ltr'><em>Είτα</em></span> 
     </span>
     <span class='ocr_line' id='line_1_37' title="bbox 86 3464 1257 3551; baseline -0.001 -17"><span class='ocrx_word' id='word_1_363' title='bbox 86 3494 195 3534; x_wconf 89' lang='grc' dir='ltr'><em>τουτων</em></span> <span class='ocrx_word' id='word_1_364' title='bbox 216 3495 251 3533; x_wconf 83' lang='grc' dir='ltr'><em>τα</em></span> <span class='ocrx_word' id='word_1_365' title='bbox 272 3464 425 3533; x_wconf 86' lang='grc' dir='ltr'><em>άκόλουθα</em></span> <span class='ocrx_word' id='word_1_366' title='bbox 439 3466 582 3532; x_wconf 84' lang='grc' dir='ltr'><em>όικουσον·</em></span> <span class='ocrx_word' id='word_1_367' title='bbox 603 3464 704 3551; x_wconf 76' lang='grc' dir='ltr'><em>χήραις</em></span> <span class='ocrx_word' id='word_1_368' title='bbox 714 3465 875 3549; x_wconf 87' lang='grc' dir='ltr'><em>ύπηρετεῖν,</em></span> <span class='ocrx_word' id='word_1_369' title='bbox 896 3465 1045 3547; x_wconf 90' lang='grc' dir='ltr'><em>όρφανους</em></span> <span class='ocrx_word' id='word_1_370' title='bbox 1065 3468 1114 3530; x_wconf 87' lang='grc' dir='ltr'><em>καί</em></span> <span class='ocrx_word' id='word_1_371' title='bbox 1122 3464 1257 3549; x_wconf 87' lang='grc' dir='ltr'><em>ύστερου-</em></span> 
     </span>
     <span class='ocr_line' id='line_1_38' title="bbox 85 3546 1257 3635; baseline 0 -19"><span class='ocrx_word' id='word_1_372' title='bbox 85 3554 191 3634; x_wconf 77' lang='grc' dir='ltr'><em>μένους</em></span> <span class='ocrx_word' id='word_1_373' title='bbox 211 3552 443 3629; x_wconf 77' lang='grc' dir='ltr'><em>ἐπισκέπτεσθαι,</em></span> <span class='ocrx_word' id='word_1_374' title='bbox 466 3550 495 3626; x_wconf 71' lang='grc' dir='ltr'><em>ἐξ</em></span> <span class='ocrx_word' id='word_1_375' title='bbox 516 3547 652 3635; x_wconf 78' lang='grc' dir='ltr'><em>όινσγκοῖν</em></span> <span class='ocrx_word' id='word_1_376' title='bbox 671 3558 849 3631; x_wconf 82' lang='grc' dir='ltr'><em>λυτροῦσθαι</em></span> <span class='ocrx_word' id='word_1_377' title='bbox 870 3546 938 3623; x_wconf 85' lang='grc' dir='ltr'><em>τούς</em></span> <span class='ocrx_word' id='word_1_378' title='bbox 959 3547 1082 3622; x_wconf 87' lang='grc' dir='ltr'><em>δούλους</em></span> <span class='ocrx_word' id='word_1_379' title='bbox 1102 3557 1155 3614; x_wconf 88' lang='grc' dir='ltr'><em>τοῦ</em></span> <span class='ocrx_word' id='word_1_380' title='bbox 1171 3558 1257 3631; x_wconf 82' lang='grc' dir='ltr'><em>θεοῦ,</em></span> 
     </span>
     <span class='ocr_line' id='line_1_39' title="bbox 86 3627 1257 3738; baseline -0.002 -39"><span class='ocrx_word' id='word_1_381' title='bbox 86 3634 237 3714; x_wconf 81' lang='grc' dir='ltr'><em>φιλόξενον</em></span> <span class='ocrx_word' id='word_1_382' title='bbox 263 3632 336 3699; x_wconf 80' lang='grc' dir='ltr'><em>εἶναι</em></span> <span class='ocrx_word' id='word_1_383' title='bbox 358 3671 397 3680; x_wconf 99' lang='grc'>-</span> <span class='ocrx_word' id='word_1_384' title='bbox 419 3635 451 3699; x_wconf 79' lang='grc' dir='ltr'><em>ἔν</em></span> <span class='ocrx_word' id='word_1_385' title='bbox 476 3630 530 3717; x_wconf 80' lang='grc' dir='ltr'><em>γὰρ</em></span> <span class='ocrx_word' id='word_1_386' title='bbox 551 3659 586 3738; x_wconf 77' lang='grc' dir='ltr'><em>τη</em></span> <span class='ocrx_word' id='word_1_387' title='bbox 608 3637 757 3720; x_wconf 70' lang='grc' dir='ltr'><em>φιλοξενίᾳ</em></span> <span class='ocrx_word' id='word_1_388' title='bbox 785 3631 945 3717; x_wconf 82' lang='grc' dir='ltr'><em>εόρίσκεται</em></span> <span class='ocrx_word' id='word_1_389' title='bbox 971 3627 1194 3715; x_wconf 80' lang='grc' dir='ltr'><em>άγαθοποίησις,</em></span> <span class='ocrx_word' id='word_1_390' title='bbox 1216 3672 1257 3686; x_wconf 91' lang='grc'>-</span> 
     </span>
     <span class='ocr_line' id='line_1_40' title="bbox 87 3713 1255 3800; baseline 0 -18"><span class='ocrx_word' id='word_1_391' title='bbox 87 3717 165 3782; x_wconf 78' lang='grc' dir='ltr'><em>ποτὲ1</em></span> <span class='ocrx_word' id='word_1_392' title='bbox 188 3719 290 3798; x_wconf 88' lang='grc' dir='ltr'><em>μηδενί</em></span> <span class='ocrx_word' id='word_1_393' title='bbox 311 3715 543 3793; x_wconf 84' lang='grc' dir='ltr'><em>άντιτάσσεσθαι,</em></span> <span class='ocrx_word' id='word_1_394' title='bbox 564 3714 684 3800; x_wconf 80' lang='grc' dir='ltr'><em>ησύχιον</em></span> <span class='ocrx_word' id='word_1_395' title='bbox 705 3713 787 3793; x_wconf 81' lang='grc' dir='ltr'><em>εἶναι,</em></span> <span class='ocrx_word' id='word_1_396' title='bbox 803 3714 981 3794; x_wconf 82' lang='grc' dir='ltr'><em>ίνδείστερον</em></span> <span class='ocrx_word' id='word_1_397' title='bbox 992 3717 1127 3799; x_wconf 79' lang='grc' dir='ltr'><em>γίνεσθαι</em></span> <span class='ocrx_word' id='word_1_398' title='bbox 1138 3713 1255 3782; x_wconf 87' lang='grc' dir='ltr'><em>πάντων</em></span> 
     </span>
     <span class='ocr_line' id='line_1_41' title="bbox 85 3795 1258 3884; baseline 0 -19"><span class='ocrx_word' id='word_1_399' title='bbox 85 3798 263 3884; x_wconf 83' lang='grc' dir='ltr'><em>αἰνθρύπων,</em></span> <span class='ocrx_word' id='word_1_400' title='bbox 284 3795 446 3881; x_wconf 77' lang='grc' dir='ltr'><em>πρεσβύτας</em></span> <span class='ocrx_word' id='word_1_401' title='bbox 467 3800 615 3881; x_wconf 77' lang='grc' dir='ltr'><em>σέβεσθαι,</em></span> <span class='ocrx_word' id='word_1_402' title='bbox 635 3797 823 3879; x_wconf 87' lang='grc' dir='ltr'><em>δικαιοσύνην</em></span> <span class='ocrx_word' id='word_1_403' title='bbox 841 3795 948 3876; x_wconf 82' lang='grc' dir='ltr'><em>δοκεῖν,</em></span> <span class='ocrx_word' id='word_1_404' title='bbox 970 3798 1258 3881; x_wconf 69' lang='grc' dir='ltr'><em>ίσκανδαλισμίνσυς·</em></span> 
     </span>
    </p>
   </div>
   <div class='ocr_carea' id='block_1_7' title="bbox 87 3980 1257 4457">
    <p class='ocr_par' dir='ltr' id='par_1_7' title="bbox 87 3980 1257 4457">
     <span class='ocr_line' id='line_1_42' title="bbox 136 3980 1005 4048; baseline 0.001 -14"><span class='ocrx_word' id='word_1_405' title='bbox 136 3985 164 4047; x_wconf 82' lang='lat'><em>4)</em></span> <span class='ocrx_word' id='word_1_406' title='bbox 182 3981 320 4036; x_wconf 66' lang='grc' dir='ltr'><em>ἑκόντων·</em></span> <span class='ocrx_word' id='word_1_407' title='bbox 339 3984 369 4032; x_wconf 71' lang='lat' dir='ltr'><em>ita</em></span> <span class='ocrx_word' id='word_1_408' title='bbox 389 4001 480 4048; x_wconf 73' lang='grc' dir='ltr'><em>εροςτ,</em></span> <span class='ocrx_word' id='word_1_409' title='bbox 500 3987 543 4036; x_wconf 73' lang='lat' dir='ltr'><em>sed</em></span> <span class='ocrx_word' id='word_1_410' title='bbox 562 3987 653 4035; x_wconf 80' lang='grc' dir='ltr'><em>ιίιΙυιυε</em></span> <span class='ocrx_word' id='word_1_411' title='bbox 737 3984 764 4046; x_wconf 83' lang='grc'><em>3)</em></span> <span class='ocrx_word' id='word_1_412' title='bbox 783 3980 831 4034; x_wconf 87' lang='grc' dir='ltr'><em>δεῖ</em></span> <span class='ocrx_word' id='word_1_413' title='bbox 837 3999 843 4030; x_wconf 78' lang='lat'><em>.·</em></span> <span class='ocrx_word' id='word_1_414' title='bbox 861 3999 944 4048; x_wconf 75' lang='lat' dir='ltr'><strong>apogr.</strong></span> <span class='ocrx_word' id='word_1_415' title='bbox 965 3983 1005 4037; x_wconf 87' lang='grc' dir='ltr'><em>δε.</em></span> 
     </span>
     <span class='ocr_line' id='line_1_43' title="bbox 87 4045 1257 4118; baseline 0.002 -17"><span class='ocrx_word' id='word_1_416' title='bbox 87 4068 114 4101; x_wconf 82' lang='grc' dir='ltr'><em>υτ</em></span> <span class='ocrx_word' id='word_1_417' title='bbox 133 4049 247 4103; x_wconf 71' lang='grc' dir='ltr'><em>ἐκείνων</em></span> <span class='ocrx_word' id='word_1_418' title='bbox 265 4059 350 4101; x_wconf 79' lang='lat' dir='ltr'><strong>ortum.</strong></span> <span class='ocrx_word' id='word_1_419' title='bbox 737 4051 764 4111; x_wconf 75' lang='lat'><em>4)</em></span> <span class='ocrx_word' id='word_1_420' title='bbox 783 4045 871 4101; x_wconf 77' lang='grc' dir='ltr'><em>αὐτά·</em></span> <span class='ocrx_word' id='word_1_421' title='bbox 889 4052 919 4102; x_wconf 75' lang='lat' dir='ltr'><em>iu</em></span> <span class='ocrx_word' id='word_1_422' title='bbox 938 4069 1030 4118; x_wconf 72' lang='lat' dir='ltr'><strong>apogn,</strong></span> <span class='ocrx_word' id='word_1_423' title='bbox 1047 4052 1089 4102; x_wconf 75' lang='grc' dir='ltr'><em>ενδ</em></span> <span class='ocrx_word' id='word_1_424' title='bbox 1108 4062 1257 4116; x_wconf 72' lang='lat' dir='ltr'><em>superam</em></span> 
     </span>
     <span class='ocr_line' id='line_1_44' title="bbox 138 4115 857 4182; baseline -0.001 -14"><span class='ocrx_word' id='word_1_425' title='bbox 138 4119 165 4181; x_wconf 83' lang='lat'><em>5)</em></span> <span class='ocrx_word' id='word_1_426' title='bbox 184 4117 269 4171; x_wconf 79' lang='grc' dir='ltr'><em>αὐτοῦ</em></span> <span class='ocrx_word' id='word_1_427' title='bbox 293 4127 318 4168; x_wconf 83' lang='grc' dir='ltr'><em>ει</em></span> <span class='ocrx_word' id='word_1_428' title='bbox 342 4115 451 4176; x_wconf 64' lang='grc' dir='ltr'><em>αὐτοῖς·</em></span> <span class='ocrx_word' id='word_1_429' title='bbox 482 4135 565 4182; x_wconf 73' lang='lat' dir='ltr'><strong>apogr.</strong></span> <span class='ocrx_word' id='word_1_430' title='bbox 592 4117 653 4167; x_wconf 82' lang='grc' dir='ltr'><em>πιεΙυ</em></span> <span class='ocrx_word' id='word_1_431' title='bbox 691 4135 724 4175; x_wconf 81' lang='grc' dir='ltr'><em>ας</em></span> <span class='ocrx_word' id='word_1_432' title='bbox 742 4125 857 4168; x_wconf 75' lang='lat' dir='ltr'>nautum.</span> 
     </span>
     <span class='ocr_line' id='line_1_45' title="bbox 89 4180 1257 4255; baseline 0.004 -19"><span class='ocrx_word' id='word_1_433' title='bbox 89 4185 183 4237; x_wconf 78' lang='grc' dir='ltr'><em>αὐτῶν</em></span> <span class='ocrx_word' id='word_1_434' title='bbox 201 4194 224 4235; x_wconf 82' lang='grc' dir='ltr'><em>οι</em></span> <span class='ocrx_word' id='word_1_435' title='bbox 242 4183 318 4252; x_wconf 78' lang='grc' dir='ltr'><em>αὐτῷ</em></span> <span class='ocrx_word' id='word_1_436' title='bbox 336 4183 422 4248; x_wconf 83' lang='grc' dir='ltr'><em>(ευμετ</em></span> <span class='ocrx_word' id='word_1_437' title='bbox 438 4192 556 4250; x_wconf 81' lang='grc' dir='ltr'><em>φηοιτιο</em></span> <span class='ocrx_word' id='word_1_438' title='bbox 575 4184 635 4248; x_wconf 84' lang='grc' dir='ltr'><em>οις).</em></span> <span class='ocrx_word' id='word_1_439' title='bbox 738 4184 764 4247; x_wconf 81' lang='grc' dir='ltr'><em>θ)</em></span> <span class='ocrx_word' id='word_1_440' title='bbox 783 4180 981 4253; x_wconf 75' lang='grc' dir='ltr'><em>δμαθαίτερονι</em></span> <span class='ocrx_word' id='word_1_441' title='bbox 1004 4200 1087 4250; x_wconf 74' lang='lat' dir='ltr'><strong>apogr.</strong></span> <span class='ocrx_word' id='word_1_442' title='bbox 1105 4183 1257 4255; x_wconf 76' lang='grc' dir='ltr'><em>δμαθότης.</em></span> 
     </span>
     <span class='ocr_line' id='line_1_46' title="bbox 743 4251 1242 4320; baseline 0 -18"><span class='ocrx_word' id='word_1_443' title='bbox 743 4251 769 4314; x_wconf 82' lang='grc' dir='ltr'><em>θ)</em></span> <span class='ocrx_word' id='word_1_444' title='bbox 789 4251 868 4320; x_wconf 56' lang='lat' dir='ltr'><strong>[WB-¹</strong></span> <span class='ocrx_word' id='word_1_445' title='bbox 886 4269 933 4302; x_wconf 85' lang='lat' dir='ltr'><em>non</em></span> <span class='ocrx_word' id='word_1_446' title='bbox 952 4261 987 4303; x_wconf 80' lang='grc' dir='ltr'><em>εει</em></span> <span class='ocrx_word' id='word_1_447' title='bbox 1005 4252 1028 4301; x_wconf 85' lang='lat' dir='ltr'><em>in</em></span> <span class='ocrx_word' id='word_1_448' title='bbox 1046 4268 1129 4316; x_wconf 78' lang='lat' dir='ltr'>apogr.</span> <span class='ocrx_word' id='word_1_449' title='bbox 1238 4275 1242 4282; x_wconf 89' lang='lat'>·</span> 
     </span>
     <span class='ocr_line' id='line_1_47' title="bbox 139 4314 1147 4387; baseline 0.001 -18"><span class='ocrx_word' id='word_1_450' title='bbox 139 4319 217 4369; x_wconf 81' lang='grc' dir='ltr'><em>δΙεαδ.</em></span> <span class='ocrx_word' id='word_1_451' title='bbox 234 4319 291 4368; x_wconf 73' lang='grc' dir='ltr'><em>λἸΙΙ.</em></span> <span class='ocrx_word' id='word_1_452' title='bbox 327 4316 352 4381; x_wconf 87' lang='grc'><em>1)</em></span> <span class='ocrx_word' id='word_1_453' title='bbox 369 4314 457 4386; x_wconf 64' lang='grc' dir='ltr'><em>ἡμᾶς·</em></span> <span class='ocrx_word' id='word_1_454' title='bbox 475 4315 654 4386; x_wconf 70' lang='grc' dir='ltr'><em>αμαρτὴμοῖν.</em></span> <span class='ocrx_word' id='word_1_455' title='bbox 740 4319 766 4380; x_wconf 83' lang='grc' dir='ltr'><em>ῖ)</em></span> <span class='ocrx_word' id='word_1_456' title='bbox 790 4317 857 4371; x_wconf 83' lang='grc' dir='ltr'><em>ποτί</em></span> <span class='ocrx_word' id='word_1_457' title='bbox 873 4316 991 4387; x_wconf 72' lang='grc' dir='ltr'><em>μηδενλι</em></span> <span class='ocrx_word' id='word_1_458' title='bbox 1011 4318 1045 4368; x_wconf 81' lang='grc' dir='ltr'><em>εἰσ</em></span> <span class='ocrx_word' id='word_1_459' title='bbox 1063 4334 1147 4384; x_wconf 71' lang='lat' dir='ltr'><strong>apogr.</strong></span> 
     </span>
     <span class='ocr_line' id='line_1_48' title="bbox 139 4380 1184 4457; baseline 0.002 -22"><span class='ocrx_word' id='word_1_460' title='bbox 139 4385 165 4449; x_wconf 86' lang='grc'><em>2)</em></span> <span class='ocrx_word' id='word_1_461' title='bbox 184 4380 273 4435; x_wconf 79' lang='grc' dir='ltr'><em>πολλά</em></span> <span class='ocrx_word' id='word_1_462' title='bbox 281 4400 290 4434; x_wconf 90' lang='grc'><em>.·</em></span> <span class='ocrx_word' id='word_1_463' title='bbox 308 4397 391 4447; x_wconf 75' lang='lat' dir='ltr'><strong>apogr.</strong></span> <span class='ocrx_word' id='word_1_464' title='bbox 411 4385 518 4436; x_wconf 76' lang='grc' dir='ltr'><em>πολλαί.</em></span> <span class='ocrx_word' id='word_1_465' title='bbox 740 4386 767 4449; x_wconf 83' lang='lat'><em>8)</em></span> <span class='ocrx_word' id='word_1_466' title='bbox 785 4400 870 4449; x_wconf 79' lang='grc' dir='ltr'><em>εμοςτ.</em></span> <span class='ocrx_word' id='word_1_467' title='bbox 885 4382 1184 4457; x_wconf 73' lang='grc' dir='ltr'><em>δνσμικκδαλισμενους.</em></span> 
     </span>
    </p>
   </div>
   <div class='ocr_carea' id='block_1_8' title="bbox 0 0 1448 4882">
    <p class='ocr_par' dir='ltr' id='par_1_8' title="bbox 0 0 1448 4882">
     <span class='ocr_line' id='line_1_49' title="bbox 0 0 1448 4882; baseline 0 0"><span class='ocrx_word' id='word_1_468' title='bbox 0 0 1448 4882; x_wconf 95' lang='lat' dir='ltr'><em> </em></span> 
     </span>
    </p>
   </div>
  </div>
 </body>
</html>
