2886 4882
288 234 412 295 tudsttt
433 235 597 296 miscens
620 238 661 295 so
685 238 894 300 subeundos.
914 240 970 300 vtl.
992 242 1059 301 lllll.
1080 242 1122 301 lX.
1236 239 1294 304 193

121 401 313 459 contradicunt
334 403 397 459 huic
426 403 499 460 dono
522 405 584 472 llei,
615 405 776 463 altercantes
803 409 965 464 moriuntur.
1008 406 1076 465 Utile
1104 418 1193 467 autem
1221 419 1296 469 esset

120 485 174 541 illis
196 484 318 558 diligere,
340 494 418 543 utet
439 497 623 562 resurgerent
656 489 740 545 Decet
761 491 851 562 itaque
875 489 1011 547 abstinere
1033 508 1048 546 a
1068 492 1175 562 talibus,
1197 503 1226 550 et
1245 510 1296 551 nec

118 569 146 623 in
168 569 273 642 privato
302 586 353 625 nee
375 569 402 624 in
425 572 560 626 communi
589 570 727 645 colloquio
759 572 792 628 de
823 572 875 629 illis
904 573 986 629 verba
1018 572 1123 642 lacere3
1154 577 1295 634 attendere

118 659 208 708 autem
231 651 382 724 prophetis,
407 653 554 726 praecipue
576 661 665 711 nutem
680 654 833 728 Evangelio,
855 656 881 711 in
904 672 958 729 quo
974 657 1066 729 passio
1082 655 1162 714 nobis
1175 667 1294 728 ostense,

118 743 147 790 et
168 735 336 791 resurrectio
356 735 476 808 perfecte
498 737 682 794 demonstrata
702 747 753 794 est
784 737 933 795 Divisioncs
953 747 1041 795 autem
1063 738 1156 812 lugite,
1179 749 1208 796 ut
1221 742 1296 816 prin·

117 817 220 890 cipium
240 817 383 875 malorum.

116 932 287 1006 Quicumque
303 934 386 1007 igitur
396 935 503 991 muneri
520 935 610 992 divino
633 936 832 1004 contradicunt,
846 937 1025 1010 disquirendo
1043 938 1204 995 moriuntur.
1228 939 1295 997 Con·

117 1016 232 1072 duceret
251 1024 340 1072 autem
354 1017 421 1091 ipsis
442 1019 548 1086 caritas,
572 1028 601 1074 ut
620 1026 646 1074 et
666 1028 851 1093 resurgerent
894 1020 977 1077 [lecet
999 1023 1081 1096 igitur
1102 1019 1238 1078 abstinere
1261 1022 1295 1079 ab

118 1098 261 1166 eiusmodi,
284 1115 337 1155 nec
358 1100 480 1172 privatim
502 1117 553 1156 nec
574 1094 681 1174 publice
704 1102 737 1158 de
760 1101 812 1158 illis
835 1103 927 1175 loqui3
955 1105 1095 1161 attendere
1118 1112 1207 1160 autem
1230 1104 1294 1162 Pro·

115 1181 222 1253 pbetis,
253 1189 282 1237 et
309 1184 429 1237 omnium
461 1184 573 1239 maxime
596 1184 754 1258 Evangelio,
777 1186 804 1240 in
834 1202 888 1258 quo
918 1187 997 1244 nobis
1026 1186 1118 1261 passio
1141 1186 1176 1242 oli
1198 1186 1294 1244 oculos

115 1264 214 1335 posita,
237 1271 263 1319 et
284 1265 452 1320 resurrectio
475 1265 596 1339 perlecto
619 1265 751 1340 explicate
773 1276 822 1323 est
866 1266 1070 1343 Separationem
1093 1276 1180 1325 autem
1199 1268 1308 1343 fugite„

115 1354 146 1401 ut
167 1345 271 1402 iontem
293 1346 433 1403 malorum.

409 1479 473 1535 lllll.
516 1481 593 1537 Nibil
613 1482 673 1537 sine
694 1483 818 1555 episcopo
836 1490 999 1555 peragatur.

202 1577 301 1632 Omnes
324 1577 455 1652 episcopo
478 1577 674 1653 obtemperate,
697 1588 727 1635 ut
748 1580 824 1636 lesus
848 1579 971 1636 Christus
994 1580 1083 1648 Patri3
1105 1590 1132 1636 et
1151 1581 1292 1656 presbyte-

116 1660 158 1716 rio
181 1668 210 1714 nt
231 1659 379 1733 apostolis3
402 1661 533 1718 diaconos
547 1669 636 1718 autem
651 1663 829 1719 revereamini
842 1673 871 1719 ut
884 1663 930 1719 [lei
949 1663 1110 1719 mandatum.
1139 1663 1289 1737 Separatim

115 1741 302 1816 abepiscopo
326 1759 406 1799 nemo
429 1744 576 1816 quidquam
600 1745 680 1801 iaciat
699 1762 810 1813 eorum,
841 1763 910 1821 quae
939 1746 972 1802 ad
996 1744 1139 1802 ecclesiam
1160 1755 1292 1821 spectant.

118 1824 211 1880 Valida
231 1824 400 1882 Eucharistia
423 1825 555 1884 habeatur
577 1828 634 1896 illa,
657 1844 726 1901 quac
754 1828 805 1884 sub
835 1831 967 1903 episcopo
989 1830 1146 1902 peragitur,
1176 1830 1219 1887 vel
1239 1829 1291 1888 snb

116 1924 168 1975 eo,
202 1908 245 1964 cui
267 1909 327 1981 ipse
351 1911 529 1966 concesserit.
573 1909 621 1967 Ubi
643 1912 827 1985 comparuerit
849 1913 1011 1986 episcopus,
1040 1911 1077 1968 ibi
1097 1920 1125 1968 et
1145 1913 1290 1970 multitudo

117 1992 167 2058 sit3
197 1991 427 2062 quemadmodum
449 1993 495 2048 ubi
516 1992 600 2049 luerit
621 1993 744 2051 Christus
768 1995 862 2064 lesus,
885 1995 921 2051 ibi
946 1994 1077 2052 catholica
1099 2004 1142 2051 est
1162 1996 1289 2055 ecclesis.

118 2072 176 2129 Non
198 2073 263 2130 licet
284 2075 343 2130 sine
364 2090 498 2148 episcopo
521 2092 610 2148 neque
632 2075 784 2150 baptizare,
814 2095 903 2152 neque
931 2094 1034 2153 agapen
1057 2076 1211 2146 celebrare3
1240 2076 1290 2134 sed

118 2155 302 2230 quodcunque
333 2155 381 2213 ille
404 2156 567 2231 probaverit,
590 2159 644 2214 boc
666 2168 692 2216 et
713 2161 767 2218 lleo
791 2171 833 2218 est
854 2160 1061 2235 beneplacitum,
1083 2168 1114 2216 ut
1135 2160 1242 2217 firmum
1264 2167 1292 2218 et

118 2236 233 2294 validum
254 2239 290 2294 sit
311 2254 390 2296 omne
412 2239 486 2313 quod
508 2242 655 2314 peragitur.

198 2346 293 2410 *vill
337 2353 437 2411 Omnes
459 2355 623 2430 Episcopum
646 2357 805 2430 sequimini,
828 2364 858 2412 nt
881 2356 957 2412 lesus
979 2356 1103 2412 Christus
1124 2355 1240 2420 Patrem,
1262 2365 1290 2414 et

117 2437 342 2511 Presbyterorum
365 2437 522 2511 collegium,
545 2447 674 2512 tanquam
695 2438 854 2513 Apostolos,
884 2437 1018 2493 [lisconos
1046 2446 1135 2492 autem
1166 2453 1288 2493 reseres·

116 2521 196 2589 mini,
225 2528 254 2576 ut
282 2528 458 2594 praeceptum
489 2521 616 2576 divinum.
666 2521 730 2577 Sine
762 2521 898 2594 Episcopo
928 2536 1007 2575 nemo
1038 2519 1181 2591 quicquam
1210 2518 1291 2574 leniat

117 2618 221 2670 eorum,
243 2618 312 2674 quae
334 2611 460 2676 spectant
480 2604 513 2659 ad
537 2602 694 2660 Ecclesiam.
737 2602 774 2658 Ea
788 2602 956 2659 Eucharistia
980 2609 1036 2656 rata
1059 2599 1197 2669 habeatur,
1220 2615 1290 2672 quse

119 2684 170 2740 sub
183 2683 319 2759 Episcopo
341 2685 423 2742 luerit
444 2685 486 2741 vel
508 2687 550 2741 cui
573 2688 631 2759 ipse
648 2687 824 2742 concesserit.
867 2684 916 2740 Ubi
932 2684 1115 2759 comparuerit
1128 2682 1288 2757 Episcopus,

118 2765 153 2822 ibi
174 2776 202 2823 et
221 2767 364 2824 multitudo
387 2769 436 2823 sit:
468 2768 695 2840 quemadmodum
717 2767 762 2823 ubi
786 2776 829 2825 est
849 2768 981 2833 Christus,
1004 2765 1041 2821 ibi
1055 2765 1178 2821 Ecclesia
1198 2765 1289 2822 cntlto·

117 2848 174 2906 lica.
215 2849 274 2905 Non
295 2851 359 2907 licet
381 2852 439 2907 sine
462 2851 598 2925 Episcopo
621 2868 710 2924 neque
731 2851 876 2924 baptizare,
898 2866 987 2923 neque
1009 2864 1112 2923 agapen
1135 2847 1289 2919 celebrere3

117 2934 164 2988 sed
186 2932 316 3007 quicquid
338 2933 381 2989 ille
404 2932 573 3006 probaverit,
596 2934 649 2991 hoe
670 2941 697 2991 et
719 2933 773 2990 lieo
795 2942 901 3008 gratum
924 2934 988 3000 erit,
1010 2940 1039 2988 ut
1060 2929 1168 2987 Ermum
1190 2938 1288 2988 ratum·

118 3031 170 3086 que
191 3017 241 3083 sit,
264 3015 396 3089 quicquid
418 3017 514 3089 agitur.

270 3162 313 3219 lll.
354 3165 498 3221 Honorote
518 3165 681 3237 episcopum.
723 3163 769 3222 dle
788 3165 820 3220 in
841 3164 968 3220 omnibus
988 3162 1143 3218 recreastis.
1254 3191 1257 3196 ·

200 3278 306 3337 llationi
328 3289 449 3337 ceterum
473 3280 605 3346 convenit,
628 3281 725 3336 iterum
748 3278 857 3335 sobrios
881 3275 956 3344 fieri,
979 3285 1007 3332 ct
1029 3276 1091 3331 dum
1114 3275 1203 3331 adbuc
1225 3283 1290 3333 tem·

118 3378 168 3433 pus
189 3361 339 3431 hebemus,
361 3363 394 3420 ad
417 3363 499 3419 [leuen
522 3378 571 3434 per
592 3362 785 3435 poenitentiam
809 3360 908 3416 redire.
950 3359 1053 3414 llonum
1073 3367 1130 3426 est,
1152 3357 1235 3414 ileum
1264 3365 1292 3415 et

119 3444 276 3518 episcopum
298 3446 444 3502 bonorare.
486 3445 535 3512 Qui
570 3443 688 3501 honorat
717 3444 891 3517 episcopum,
921 3457 935 3497 a
965 3439 1021 3496 [leo
1052 3439 1202 3496 honoratus
1231 3448 1289 3506 estc

121 3527 166 3598 qui
188 3527 258 3583 clam
281 3529 412 3602 episcopo
433 3526 535 3601 aliquid
566 3527 637 3599 agit,
669 3525 777 3582 diabolo
810 3526 901 3581 servit.
922 3550 963 3562 -
984 3522 1078 3579 Omnia
1106 3538 1180 3578 nunc
1208 3521 1290 3578 abun·

120 3609 215 3666 denter
233 3610 312 3667 vobis
341 3611 426 3684 gratia
455 3609 601 3682 largiatur3
631 3609 705 3682 digni
733 3609 804 3664 enim
837 3607 912 3663 estis.
955 3605 1032 3662 Omni
1064 3605 1147 3660 modo
1176 3622 1220 3661 me
1250 3621 1291 3662 re·

119 3692 239 3760 creastis,
260 3699 289 3750 et
308 3709 357 3749 vos
379 3692 456 3749 lesus
477 3692 608 3748 Christus.
648 3691 793 3747 Absentem
823 3705 867 3745 me
894 3696 920 3744 et
946 3696 1119 3761 praesentem
1147 3686 1290 3745 dilexistis.

119 3771 257 3831 Retribuat
277 3774 354 3831 vobis
369 3775 448 3842 Deus,
469 3781 584 3849 propter
599 3789 680 3847 quem
699 3775 788 3830 omnia
809 3773 976 3827 sustinentes
991 3771 1079 3843 ipsum
1095 3769 1292 3842 adipiscemini.

200 3881 266 3946 Ἦ.
309 3890 527 3948 Consentaneum
554 3896 597 3945 est
626 3889 756 3962 deinceps
783 3888 834 3943 inm
856 3886 1037 3958 resipiscere,
1066 3894 1094 3941 et
1114 3884 1177 3941 dum
1199 3881 1291 3938 adbuc

119 3978 224 4046 tempus
246 3972 387 4041 babemus,
410 3974 443 4030 ad
461 3974 543 4029 lleum
565 3988 616 4045 per
637 3971 831 4045 poenitentiam
854 3969 982 4025 converti.
1024 3967 1128 4024 Bonum
1141 3972 1191 4031 est,
1204 3964 1289 4019 neum

119 4062 145 4109 et
170 4053 335 4130 Episcopum
363 4072 524 4130 agnoscere.
566 4054 616 4122 Qui
646 4053 763 4110 honorat
791 4051 970 4126 Episcopum,
1000 4050 1152 4106 bonoratur
1179 4062 1194 4100 a
1223 4043 1290 4114 Deo,

118 4137 165 4208 qui
187 4137 257 4195 clam
278 4139 441 4214 Episcopum
465 4137 566 4211 aliquid
588 4136 668 4204 lacit,
700 4134 808 4191 diabolo
839 4133 1000 4207 obsequium
1029 4134 1153 4205 praestat
1195 4126 1292 4184 Omnis

119 4219 201 4292 igitur
220 4221 296 4278 vohis
319 4222 488 4295 cumgratia
511 4219 590 4288 lrant3
624 4218 698 4292 digni
721 4219 792 4274 enirn
814 4217 889 4274 estis.
931 4215 985 4271 Per
1006 4214 1096 4270 omnia
1116 4225 1159 4266 me
1186 4225 1292 4267 recres·

119 4301 184 4358 stis:
216 4305 251 4359 its
273 4313 302 4360 et
322 4321 370 4360 vos
392 4312 500 4361 recreet
516 4301 592 4358 lesus
607 4300 740 4355 Christus.
780 4299 924 4355 Absentem
940 4312 983 4351 me
999 4303 1027 4351 et
1040 4299 1213 4367 praesentem
1228 4291 1292 4348 dile·

118 4385 209 4451 xistis,
233 4386 366 4443 retribuat
381 4386 457 4443 vobis
470 4385 550 4452 neus,
567 4389 681 4457 propter
695 4398 775 4455 quem
792 4382 882 4438 omnin
895 4376 1134 4518 sustinenteqaipso
1148 4374 1377 4616 ¹)ss

184 4476 278 4526 Pinus
297 4490 381 4528 secer.
