2886 4882
326 273 332 286 .
391 227 590 289 baattbttttt
611 229 637 287 S.
659 230 854 289 POLYCbllPl.
870 232 903 290 .l.
923 232 956 291 ll.
977 234 1019 293 lll.
1241 226 1300 290 393

307 431 325 488 l.
366 432 408 487 De
428 434 563 504 martyrio
585 433 733 505 Polycarpi
758 439 783 488 ot
804 435 941 490 sociorum
960 436 1114 491 scribimus.

207 550 373 624 Scripsimus
396 547 483 616 vobis,
507 547 602 613 lrates,
627 548 660 604 de
683 551 846 625 martyribus
869 559 895 607 et
918 553 951 607 de
974 551 1053 607 beato
1069 551 1229 626 Polycarpo,
1252 553 1299 627 qui

126 635 255 709 martyrio
279 650 338 700 suo,
360 632 579 705 velutsiguaculo
595 633 721 705 quodam,
749 635 934 707 persecutioni
953 634 1034 690 finem
1053 635 1189 708 imposuit.
1232 636 1301 692 Fere

126 720 198 776 enim
221 726 326 784 cuncta,
350 730 419 789 qnae
443 721 661 789 praecesserunt,
685 715 746 771 ideo
770 727 927 785 evenerunt,
950 727 980 773 ut
1000 717 1080 773 nobis
1103 717 1230 775 Dominus
1253 718 1298 776 de·

126 819 208 875 super
224 800 383 856 ostenderet
396 800 562 872 martyrium,
578 798 722 871 Evarrgelio
738 817 896 873 congruum.
939 801 1106 874 Exspectavit
1126 802 1195 856 enim
1220 800 1297 869 tradi,

127 886 197 941 sicut
218 891 244 939 et
267 883 403 949 Dominus,
425 890 454 937 ut
476 890 503 937 et
526 899 575 938 nos
598 883 684 955 ipsius
707 899 830 938 essemus
854 884 1011 949 imitatores,
1033 899 1088 938 non
1103 884 1190 939 solum
1205 892 1299 939 nostra

128 967 345 1033 considerantes,
369 965 418 1021 sed
440 974 467 1020 et
489 982 535 1032 ea,
559 983 627 1039 qnae
650 966 683 1021 ad
705 966 844 1037 proximos
872 967 1016 1038 pertinent.
1060 967 1202 1022 Charitatis
1226 967 1297 1022 enim

126 1067 205 1107 verae
226 1067 257 1105 ac
279 1049 383 1104 solidae
406 1056 461 1115 est,
485 1065 540 1103 non
570 1049 651 1104 modo
674 1065 703 1103 se
727 1050 815 1122 ipsum
844 1049 911 1105 velle
943 1051 1061 1118 servari,
1085 1050 1133 1105 sed
1163 1050 1241 1105 etianr
1270 1066 1300 1105 o·

127 1149 203 1189 mnes
226 1132 332 1188 iratres.

453 1279 484 1335 ll.
529 1279 685 1352 Martyrum
713 1283 786 1338 mira
807 1284 970 1339 constantia.

213 1414 290 1470 beata
311 1421 336 1469 et
357 1429 491 1487 generosa
514 1414 623 1470 inerunt
644 1422 743 1469 cuncta
765 1415 905 1488 martyria,
936 1431 1005 1488 quae
1035 1414 1107 1470 iuxta
1135 1415 1299 1473 voluntatem

129 1499 176 1554 lloi
198 1504 353 1554 evenerunt.
397 1496 461 1552 Cum
484 1496 554 1551 enim
577 1514 626 1551 nos
650 1495 833 1569 religiosiores
857 1499 956 1565 simus,
985 1498 1039 1553 Deo
1062 1497 1181 1554 omnium
1205 1515 1297 1554 rerum

128 1590 290 1657 potestatem
311 1578 497 1635 adscribamus
521 1587 637 1653 oportet.
680 1578 745 1646 Quis
767 1579 837 1635 enim
858 1581 1068 1654 generositatem
1084 1597 1179 1636 eorum
1202 1588 1238 1645 et,
1252 1599 1296 1654 pa·

129 1666 247 1721 tientiam
270 1672 298 1718 et
319 1679 382 1736 erga
405 1663 546 1718 bominum
569 1662 727 1717 charitatem
748 1679 802 1718 non
822 1663 984 1731 admiretur,
1014 1663 1059 1735 qui
1085 1663 1198 1737 llagellis
1227 1664 1296 1721 adeo

128 1748 246 1813 lacerati,
270 1753 300 1800 ut
321 1746 354 1800 ad
377 1746 483 1801 intimas
505 1763 593 1819 usquo
617 1762 698 1801 venas
718 1753 746 1800 et
767 1748 880 1802 arterias
904 1746 1029 1820 eorporis
1045 1754 1181 1802 structura
1204 1763 1298 1805 cerne·

130 1839 213 1897 retur,
236 1836 324 1884 tamen
346 1829 549 1896 sustinuerunt3
571 1831 616 1896 ita,
639 1837 668 1884 ut
690 1829 770 1884 etiam
793 1830 930 1886 adstantes
954 1831 1149 1885 miserarentur
1171 1838 1196 1885 et
1225 1830 1297 1903 plan·

130 1920 235 1987 gerent,
259 1911 312 1985 ipsi
333 1929 396 1968 vero
416 1929 449 1968 eo
473 1912 638 1969 fortitudinis
660 1912 798 1980 venirent,
821 1921 850 1969 ut
870 1930 949 1969 nemo
979 1912 1087 1968 illorum
1115 1930 1204 1987 neque
1226 1931 1297 1970 mur·

129 2003 248 2052 muraret
270 2011 359 2068 neque
382 1995 581 2068 ingemisceret,
601 1995 726 2051 omnibus
749 1997 933 2063 ostendentes,
955 1995 1028 2069 quod
1043 2005 1176 2069 martyres
1199 1997 1298 2055 Christi

131 2080 197 2135 hora
218 2080 277 2146 ista,
299 2096 352 2152 qua
375 2079 580 2152 torquebantur,
603 2087 678 2135 extra
700 2095 809 2136 carnem
831 2079 940 2147 luerint,
962 2087 1007 2134 aut
1028 2080 1127 2152 potius,
1151 2081 1225 2153 quod
1247 2080 1297 2137 bo·

130 2162 216 2218 minus
245 2162 377 2217 assistens
406 2179 466 2217 eum
489 2164 555 2236 ipsis
578 2171 652 2219 esset
673 2164 843 2219 collocutus'i
887 2164 973 2235 htque
995 2161 1030 2217 ad
1051 2162 1150 2218 Christi
1182 2163 1296 2236 gratiam

130 2245 306 2301 adtendentes
318 2245 453 2300 mundana
469 2254 601 2301 tormenta
616 2243 789 2319 spernebant,
804 2247 883 2302 unius
897 2247 980 2301 horae
994 2246 1080 2318 spatio
1096 2262 1125 2301 se
1141 2244 1174 2300 ab
1188 2254 1298 2302 aeterna

130 2344 215 2401 poena
235 2327 409 2383 redimentes.
451 2328 630 2401 Frigidusque
644 2329 711 2401 ipsis
725 2329 866 2386 videbatur
881 2329 951 2402 ignis
967 2327 1115 2384 crudelium
1132 2328 1296 2384 carnificum.

128 2410 195 2466 Prae
226 2409 312 2464 oeulis
336 2410 406 2464 enim
429 2410 565 2467 habehant
587 2412 676 2483 lugam
698 2412 770 2467 illius
793 2413 877 2485 ignis,
901 2411 946 2484 qui
969 2418 1095 2467 aeternus
1119 2418 1160 2466 est
1181 2420 1208 2465 ot
1229 2427 1295 2467 nun·

128 2510 209 2565 quam
231 2491 424 2563 exstinguetur,
447 2501 474 2549 et
495 2493 581 2549 oculis
604 2494 696 2549 cordis
709 2495 891 2568 respiciebant
913 2494 945 2550 ad
963 2511 994 2549 ea
1013 2493 1093 2561 bona,
1117 2510 1186 2566 quae
1206 2509 1295 2550 reser-

127 2584 222 2632 vantur
244 2574 454 2643 sustinentibus,
476 2592 554 2650 ,qnae
576 2593 628 2632 nec
650 2579 723 2633 antris
745 2578 845 2633 audivit
865 2594 915 2633 nec
938 2577 1032 2633 oculus
1054 2577 1128 2643 vidit,
1152 2592 1221 2648 quae
1244 2593 1294 2633 nec

128 2661 154 2714 in
178 2674 227 2713 cor
248 2658 366 2712 hominis
389 2657 594 2727 ascenderunt,‘
622 2676 691 2733 quae
718 2677 783 2716 vero
815 2677 829 2716 a
852 2660 964 2716 Domino
994 2666 1141 2715 monstrata
1169 2667 1232 2714 sunt
1254 2660 1294 2730 iis,

126 2749 220 2815 utpote
243 2741 364 2813 quinon
387 2741 509 2798 homines
531 2742 659 2815 amplius,
682 2743 730 2799 sed
754 2744 806 2799 iam
836 2742 923 2816 angeli
951 2751 1052 2799 essent.
1095 2741 1225 2798 Similiter
1247 2742 1294 2816 qui

128 2823 160 2878 ad
182 2804 288 2879 bestisi
308 2831 384 2879 eraut
406 2826 587 2893 condemnati,
610 2841 705 2897 graves
719 2827 854 2882 eruciatus
876 2825 1056 2899 pertulerunt,
1079 2842 1163 2898 super
1177 2826 1294 2882 matrices

128 2907 264 2980 prostrati,
288 2906 423 2980 variisque
445 2907 504 2964 aliis
525 2909 666 2965 tormentis
680 2910 836 2976 excruciati,
859 2915 896 2976 ut
919 2908 943 2962 si
966 2908 1025 2964 beri
1040 2909 1184 2981 potuisset,
1207 2915 1294 2982 tyran·

128 3005 178 3044 nus
198 3005 245 3045 eos
268 2989 426 3046 assiduitate
449 2991 575 3065 supplicii
598 2991 632 3046 ad
653 2993 825 3065 negationem
847 2990 946 3046 Christi
969 2990 1136 3046 adduxisset.

258 3135 301 3192 lll.
344 3135 503 3196 Gemaniei
523 3143 686 3199 constantia.
732 3142 880 3215 Polycarpi
905 3157 979 3196 mors
997 3141 1162 3214 postulatur.

209 3251 290 3309 blulta
311 3255 382 3310 enim
406 3254 535 3311 adversus
566 3255 626 3312 illos
649 3255 772 3314 diabolus
795 3258 963 3314 machinatus
986 3265 1036 3314 ost.
1079 3256 1132 3314 Sed
1155 3258 1239 3331 gratia
1260 3255 1296 3315 sit

128 3333 197 3404 lleo;
225 3353 285 3392 nam
309 3338 441 3393 neminem
470 3339 520 3393 iste
548 3339 657 3396 vincere
685 3341 781 3414 potuit
824 3341 999 3399 Fortissimus
1027 3343 1097 3397 enim
1120 3341 1295 3399 Germanicus

126 3435 220 3475 eorum
243 3419 413 3477 timiditatem
434 3422 587 3476 constantia
603 3437 651 3478 sua
667 3424 868 3493 corroboravit3
890 3426 992 3499 quippe
1006 3425 1052 3497 qui
1068 3424 1210 3497 splendide
1234 3440 1296 3482 cum

127 3500 221 3558 hestiis
244 3505 411 3577 pugnaverit.
453 3503 518 3558 Nam
540 3520 601 3559 oum
623 3508 770 3578 proconsul
797 3524 858 3563 enm
886 3507 996 3563 [lecture
1023 3506 1103 3562 vellet
1126 3507 1294 3581 diceretque,

128 3646 336 3656 ——-—..

179 3726 206 3788 3)
226 3725 692 3795 Codl‘ar.Tdybgyernuiovudrori.
728 3734 795 3794 l'ar.;
825 3731 884 3780 Cod.
909 3730 1008 3779 barnee.
1027 3726 1145 3797 χρόνον,
1175 3750 1220 3798 pro
1247 3749 1293 3799 qua

130 3793 270 3844 Codl'ind.
291 3793 331 3846 Τὸ
362 3792 379 3844 ὰ
414 3799 552 3862 γενναῖον,
571 3794 694 3850 καὶὺπο-
727 3816 785 3849 voce
806 3796 940 3848 daubore
961 3800 1097 3849 coniectura
1117 3800 1216 3851 dederat
1229 3802 1292 3851 Patr.

126 3859 291 3978 ςιονηιικὸν,
304 3811 361 3912 erl
381 3811 428 3912 lea.
447 3862 569 3914 Greziani:
590 3866 692 3916 Gibocbe
728 3868 814 3916 lunius.

137 3946 150 3978 a
179 3930 329 3991 generositb,
358 3930 381 3978 la
400 3929 543 3992 tolleranza,
569 3949 582 3982 e
608 3931 693 3983 l’amor
777 3933 834 3994 Cap.
853 3932 890 3981 lll.
928 3932 953 3992 lt
975 3933 1030 3981 bins
1043 3935 1182 3983 memoriam
1195 3936 1242 3984 lan.
1253 3935 1292 3986 19.

128 3997 181 4046 loro
204 4012 273 4047 verso
299 3997 337 4047 del
365 3997 466 4059 Signore
498 3999 535 4048 chi
565 4001 610 4049 mai
644 4015 692 4049 non
726 4000 865 4048 Latinorum
883 3999 1194 4064 celebrantmartyrologia.
1213 4002 1290 4051 Usser.

128 4061 274 4114 ammireris?
727 4066 922 4129 blanyrologium
940 4068 1021 4117 Rom:
1042 4067 1151 4129 Sanumoe
1170 4069 1290 4119 notulirb.

175 4133 202 4195 4)
220 4132 280 4182 Cod.
302 4130 369 4181 vind.
396 4132 621 4191 καταξανθέντες
647 4149 694 4182 ro·
728 4134 857 4183 Germanici
876 4135 912 4195 b,
930 4137 971 4200 qni
990 4151 1039 4184 cunr
1058 4137 1290 4196 primooaueoetotis

129 4199 230 4250 σοῦτον
246 4196 320 4250 ὥστε
342 4207 463 4249 asserente
483 4201 529 4250 lac.
725 4208 847 4251 venustate
864 4206 964 4264 floreret,
983 4203 1025 4251 sub
1043 4200 1119 4249 Marco
1136 4202 1250 4254 Antonino
1269 4211 1290 4254 et

180 4265 195 4313 5
227 4263 327 4322 αὐτοὺς
345 4264 400 4314 add.
420 4266 487 4315 vind.
727 4267 795 4319 latoio
813 4270 904 4319 decretio
923 4285 976 4333 sqq.

181 4331 196 4379 6
225 4331 302 4380 tCor.
320 4333 344 4390 2,
362 4333 385 4381 9.
778 4336 984 4399 attulisset.
1006 4335 1137 4397 proconsul
1156 4337 1290 4391 nominatas

180 4395 208 4462 l)
225 4397 259 4446 lta
277 4399 386 4463 reposuit
402 4399 449 4450 lae.
470 4397 571 4450 oCodd.
588 4399 656 4452 llind.
669 4409 694 4453 et
726 4410 763 4455 ast
781 4404 868 4455 Lucius
887 4404 977 4455 Statius
994 4401 1137 4461 Quadratus.
