2886 4882
195 233 321 292 tuutttt
342 233 504 291 EPlSTOEA
526 234 566 291 uu
591 232 859 292 surmont-lusus.
887 232 942 292 llll.
962 232 1029 292 tut.
1050 234 1115 292 xlv.
1184 231 1248 293 313·

70 415 151 477 atque
182 401 366 458 confessores.
417 400 509 457 Saluto
538 401 667 458 custodes
697 410 851 459 sanctarum
880 407 1035 475 portarum,
1064 402 1245 473 Diaconissas,

71 505 139 562 quae
168 492 231 542 suut
259 486 284 540 in
308 485 424 540 Christo.
469 483 560 540 Saluto
589 486 771 560 susceptrices
800 485 898 540 Christi
932 483 1065 557 virgines,
1097 502 1163 559 quas
1193 504 1245 562 ego

70 570 168 627 nutriri
202 569 229 623 iu
257 569 369 623 lloruiuo
400 568 468 623 lesu.
519 566 611 624 Saluto
642 569 832 641 pudicissimas
863 567 966 623 viuuas.
1015 565 1109 625 Saluto
1138 568 1245 643 plebem

71 644 189 710 Domini³
211 668 226 705 a
247 652 358 707 minimo
380 669 467 725 usquo
490 652 524 708 acl
544 651 696 719 maximum,
718 658 745 708 et
757 668 852 709 omncs
867 666 978 707 sorores
992 666 1065 706 meas
1081 652 1108 708 in
1122 652 1245 710 Domino.

154 800 220 858 lllll.
264 800 355 856 Saluto
384 801 539 857 Cassianum
571 801 707 874 hospitem
741 817 845 865 meum,
881 807 908 856 et
938 800 1084 874 coniugem
1111 798 1184 869 eius,
1220 809 1247 859 et

71 884 200 942 amabiles
227 892 304 939 natos
328 887 395 939 eius.
438 882 539 939 Salutat
567 900 614 939 vos
637 883 819 959 Polycarpus,
848 882 928 956 digne
956 883 1164 941 decentissimus
1185 884 1245 959 Epi·

72 986 192 1042 scopus,
223 969 269 1040 qui
293 974 319 1021 et
341 984 433 1022 euram
455 959 547 1022 vestri¹
570 967 654 1039 gerit3
684 967 728 1023 cui
750 975 777 1023 et
799 966 982 1023 commendavi
1004 983 1052 1023 vos
1075 969 1102 1023 in
1123 966 1246 1025 Domino.

72 1053 103 1108 Et
126 1052 213 1107 omnis
237 1050 356 1104 Ecclesia
380 1048 584 1122 smyrnensium
615 1067 720 1105 memor
749 1059 791 1105 est
813 1049 895 1105 vestri
918 1050 945 1105 iu
967 1041 1150 1107 orationibus'
1173 1051 1246 1124 apurl

73 1136 165 1190 llcum.
208 1132 310 1188 Salutat
334 1150 382 1189 vos
406 1133 567 1201 Onesimus,
590 1133 770 1207 Ephesiorum
793 1130 897 1188 Pastor.
942 1129 1045 1189 Salutat
1073 1150 1121 1190 vos
1142 1133 1246 1202 Damas,

72 1217 224 1291 Magnesiae
247 1215 406 1289 Episcopus.
451 1215 554 1270 Salutat
574 1232 621 1271 vos
645 1206 802 1290 Polybius,l
825 1214 1021 1271 Trallianorum
1042 1217 1164 1273 antistes.
1200 1215 1245 1273 Sa·

72 1302 140 1357 lutat
165 1316 213 1354 vos
236 1298 331 1354 Philon
354 1307 382 1354 et
403 1298 558 1371 lgatlmpus
581 1298 703 1366 diaconi,
732 1300 776 1371 qui
799 1316 842 1355 mc
865 1306 1023 1371 sequuntur.
1066 1298 1185 1356 Salutate
1208 1300 1245 1354 in·

72 1385 157 1439 vicem
180 1383 207 1438 in
230 1381 326 1438 osculo
348 1373 466 1439 sancto.⁴

157 1531 221 1587 lllV.
263 1531 337 1588 Hace
362 1538 450 1588 autern
480 1529 647 1603 al’hilippis
665 1509 768 1587 ’scribo
797 1531 884 1588 volsis.
935 1530 1086 1590 lncolumes
1114 1547 1161 1588 vos
1191 1532 1246 1603 ille,

75 1617 120 1690 qui
142 1622 184 1672 est
199 1615 274 1671 solus
297 1615 441 1687 ingenitus,
464 1630 514 1687 per
535 1613 624 1680 illum,
647 1614 693 1685 qui
714 1623 756 1669 est
777 1623 839 1670 ante
860 1614 953 1671 secula
975 1608 1079 1684 natus,¹
1101 1615 1199 1688 spiritu
1220 1624 1248 1672 ct

75 1715 156 1755 carne
178 1696 326 1754 custodiat:
350 1705 376 1753 et
397 1698 500 1752 videam
522 1712 569 1751 vos
592 1695 619 1750 in
642 1712 728 1768 regno
751 1697 860 1753 Christi.
903 1695 996 1753 Saluto
1027 1715 1089 1756 eum
1112 1698 1159 1771 qui
1181 1690 1247 1772 pro¹

74 1799 117 1839 me
139 1781 244 1836 loturus
274 1789 316 1836 est
344 1781 473 1853 princeps
500 1785 604 1834 vester:
631 1795 711 1850 quem
744 1787 771 1834 et
793 1771 937 1852 adquisivia
959 1781 986 1835 in
1009 1781 1127 1838 Christo.
1171 1780 1248 1837 luco·

75 1865 162 1919 lumes
184 1870 271 1918 estote
293 1862 347 1919 Deo
370 1871 397 1919 et
419 1862 542 1928 Christo,
565 1860 704 1918 illuminati
727 1860 830 1935 Spiritu
853 1854 974 1919 Sancto‘

126 2088 154 2153 3)
174 2092 212 2140 dei
232 2088 281 2138 Pel.
730 2086 757 2151 2)
777 2088 811 2138 lto
832 2086 882 2139 ru.
900 2088 956 2153 Reg.
975 2087 1040 2153 (heic
1059 2089 1154 2154 quidem
1170 2085 1194 2154 p’
1214 2106 1248 2133 =

126 2158 184 2222 Cap.
203 2157 261 2207 lllll.
299 2154 323 2219 1)
341 2159 441 2205 oestrum
459 2155 508 2203 Pal.
677 2174 720 2221 pro
740 2157 844 2221 etpost)
862 2156 899 2206 ed.
913 2157 1000 2207 Veneta
1021 2158 1093 2217 toto,
1111 2162 1164 2221 post
1183 2156 1247 2219 vulg.

75 2294 107 2343 m
125 2226 255 2355 {legeorum
272 2223 374 2288 (lineola
392 2221 556 2286 subnotatum)
578 2223 643 2276 inse·
678 2223 737 2274 Dein
755 2231 864 2273 remoror
882 2239 906 2287 p.
924 2227 1019 2285 sotrum
1037 2225 1087 2274 l’al.

128 2361 143 2411 3
175 2362 279 2424 pompus
297 2373 344 2408 scr.
363 2357 412 2407 Pap
431 2358 489 2420 fleg.
730 2324 757 2386 3)
775 2339 835 2389 quoe
853 2330 875 2372 et
893 2325 1011 2389 adquisivi
1021 2324 1080 2386 Pal,
1099 2340 1157 2391 poce
1171 2331 1194 2375 et
1205 2327 1247 2374 de·

127 2429 143 2477 a
175 2427 259 2477 acor.
280 2426 318 2486 ra,
339 2425 377 2475 12.
679 2394 767 2456 ΨΜ
786 2392 845 2452 ¹¹⁸⁸·

127 2494 184 2557 Cap.
202 2494 257 2544 lllV.
294 2492 321 2558 l]
339 2493 379 2558 poi
402 2499 455 2542 onte
474 2494 556 2544 secolo
574 2498 644 2541 notor
729 2489 756 2552 l)
775 2489 926 2554 Subscriptio
937 2493 1042 2556 Explicit
1056 2494 1086 2543 ou
1099 2493 1247 2544 antiocenses

75 2569 112 2612 est
131 2562 181 2610 Pal.
199 2562 255 2622 ueg.
679 2558 703 2607 iu
720 2558 778 2618 rat,
795 2559 897 2623 Explicit
915 2574 979 2610 nono
995 2560 1019 2610 in
1037 2559 1094 2622 llcg.
