2886 4882
149 234 209 296 396
381 231 845 292 mmmns.1>0mmflpl.
875 233 928 290 VH.
953 232 1082 292 vum.

146 389 253 502 λρατῆν
279 390 443 475 τρέχοντεςῇ
488 390 548 453 Καὶ
579 388 638 471 ὀψέ
665 398 718 472 τῆς
746 390 824 475 ω’ρας
853 387 1108 468 σονεπελθόντες,’
1137 391 1301 455 ἐκεῖνον
1268 416 1323 472 μεν

149 501 235 558 ευρον
252 477 284 540 ἐν
304 502 360 539 τινι
382 477 517 580 δωματίῳ
538 478 757 556 κατακείμενον,
787 477 830 539 ἐν·Ί
861 474 999 578 ύπερςόω·
1027 473 1167 539 κάκεῖθεν
1194 473 1321 557 ἠδύνατο

148 562 190 635 είς
210 559 307 642 ἕτερον
329 562 434 641 χωρίον
455 540 614 635 ἀπελθεῖν,
636 557 700 621 ἀλλ’
726 557 781 621 οὐκ
795 542 980 664 ἐβουλήθη,
991 558 1095 623 είποίν·
1126 556 1180 635 ,τό4
1207 559 1321 639 θέλημα

147 648 201 709 τοῦ
233 645 322 707 Θεοῦῦ
330 643 498 749 γενέσθω(
538 608 683 717 Ἀκούσας
715 640 802 704 66’
768 640 875 717 αυτούς
903 641 1077 749 παρόντας,“
1105 643 1154 704 καὶ
1183 643 1320 746 καταβὰς,

148 730 192 791 διε
238 735 281 808 θη
303 724 417 802 αὐτοῖς·
447 724 658 830 θαυμαζόντων
678 733 736 789 τῶν
756 724 907 808 παρόντων
929 727 982 807 τῆν
1010 723 1126 808 ῆλικίαν
1157 723 1246 788 αότοῠ
1272 727 1322 789 καλ

147 808 180 875 τό
209 810 364 887 ενσταθές,
392 808 504 873 καλ’“
488 835 532 872 οτι
559 807 683 917 τοσαύτη
713 813 827 889 σπουδῇ
854 809 1009 915 ἐχρήσαντο
1042 816 1095 872 τοῦ
1117 815 1323 890 συλληφθῆναι

148 901 280 959 τοιοῦτον
301 891 464 976 πρεσβύτην
485 892 586 974 ἀνδρα.
630 874 757 968 Εύθέως
778 873 886 956 ούν’
852 902 951 968 αυτοῖς
972 894 1100 957 ἐκέλευσε
1121 900 1323 974 παρατεθῆναι

148 986 254 1086 φργεῖν
274 979 323 1041 καὶ
341 985 418 1041 πιεῖν
439 977 471 1039 ἐν
493 977 594 1084 ἐκείνη
607 983 643 1064 τῆ
666 976 746 1081 όίρα,
768 976 839 1041 όσον
860 975 896 1039 ἀν
917 975 1093 1083 βούλωνται·
1116 975 1271 1063 ἐξητῆσατο
1293 978 1324 1039 δὲ

151 1058 265 1138 αύτούς,
288 1063 337 1124 ἵνα
359 1058 503 1124 δῶσιν’
469 1067 548 1146 αυτῷ
571 1060 657 1161 ὥραν
671 1057 745 1143 πρός
766 1058 799 1124 τό
808 1059 1038 1165 προσεύξασθαι
1057 1040 1159 1134 ἀδεῶς.
1207 1067 1273 1123 Τῶν
1294 1060 1325 1123 δὲ

150 1144 382 1252 ἐπιτρεψάντων,
402 1145 521 1218 σταθεὶς
528 1125 736 1248 προσηύξατο,
758 1141 913 1227 πλῆρης’”
891 1171 932 1208 ων
952 1152 1005 1227 τῆς
1025 1141 1140 1227 χάριτος
1158 1151 1210 1206 τοῦ
1235 1147 1323 1217 Θεοῦ,

150 1227 258 1305 οὕτως,
280 1225 352 1291 ὥστε
374 1227 421 1290 ἐπὶ
443 1224 545 1289 δύο“
522 1253 600 1309 ωρας
620 1224 659 1308 μῆ
684 1225 832 1291 δύνασθαι
854 1235 1016 1309 σιωπῆσαι,
1044 1229 1093 1292 καὶ
1115 1197 1326 1310 ἐκπλήττεσθαί

150 1307 220 1388 τούς
240 1308 415 1391 ἀκούοντας,
438 1310 563 1385 πολλούς
584 1335 613 1373 τε
634 1319 783 1391 μετανοεῖν
803 1311 850 1375 ἐπὶ
872 1319 911 1397 τῷ
930 1312 1101 1392 ἐληλυθέναι
1125 1311 1173 1373 ἐπὶ
1193 1318 1327 1375 τοιοῦτον

149 1401 301 1480 θεοπρεπῆ
322 1365 494 1479 πρεσβύτην.

448 1568 513 1626 vul.
558 1569 760 1641 Ροληοοιμαυ
749 1586 779 1625 ιιι
800 1571 896 1626 urbem
916 1570 1035 1625 ἀνεῖλαν

232 1689 284 1809 Ὡς
305 1693 336 1755 δὲ
358 1693 517 1756 κατέπαυσε
539 1689 592 1799 τῆν
613 1689 790 1775 προσευχὴν,
821 1689 1020 1799 μνημονεύσας
1042 1688 1178 1756 ἀπόντων
1198 1692 1327 1754 καὶτῶν

150 1771 265 1841 ποίπστε
268 1774 543 1883 1συμβεβηκότων
543 1774 639 1860 αὐτῶ,
653 1782 771 1880 μικρῶν
792 1800 821 1839 τε
842 1778 889 1839 καί
912 1773 1058 1860 μεγάλων,
1081 1774 1207 1852 ἐνδόξων
1228 1800 1256 1838 τε
1277 1776 1327 1838 καὶ

150 1857 281 1936 ἀδόξων,
303 1860 352 1922 καὶ
374 1879 489 1960 απασης
508 1884 560 1961 της
593 1855 665 1920 κατὰ
694 1857 748 1937 τῆν
769 1859 943 1966 οἰκουμένην
973 1866 1135 1965 καθολικῆς
1164 1860 1325 1962 ἐκκλησίας,

149 1948 202 2049 τῆς
221 1941 298 2045 ὥρας
319 1940 465 2044 ἐλθούσης
485 1948 538 2004 τοῦ
565 1941 605 2016 ἐξ
607 1941 683 2015 έναι
706 1940 784 2003 έν”
767 1968 826 2027 ονῳ
848 1945 1022 2017 καθίσαντες
1042 1940 1148 2017 αὐτὸν,
1180 1934 1254 2043 ῆγον
1286 1943 1327 2016 είς

150 2051 204 2108 την
225 2023 349 2100 πόλιν,’
339 2022 424 2133 όντος
447 2022 612 2130 σρββάτοο2
628 2023 762 2126 μεγάλου
806 2007 906 2088 Ka6‘
876 2023 1023 2141 υπῆντα3
1021 2024 1099 2114 αύτῷ
1122 2051 1138 2089 ο
1131 2022 1327 2108 ἐίρῆναρχος

149 2106 281 2218 Ἡρρίδης
302 2106 384 2212 καὶβ
404 2105 505 2212 πατὴρ
521 2106 612 2171 αὐτοῦ
634 2106 766 2189 Νικήτης
788 2107 883 2173 ἐπὶ
855 2135 887 2172 το
909 2107 1023 2211 όγημα,3
1046 2114 1075 2173 οἳ
1089 2135 1139 2173 και
1128 2110 1327 2190 μεταθέντες

151 2190 242 2258 αύτόν
273 2189 370 2257 ἐπὶ
341 2218 393 2273 την
414 2198 575 2338 καροῖιγαν,
598 2192 718 2255 ἔπειθον
745 2191 1015 2274 παρακαθεζόμενον
1043 2195 1093 2257 καί
1122 2193 1263 2297 λέγρντες
1291 2194 1328 2268 ,τί

149 2275 207 2384 γάρ
225 2275 317 2340 κακόν
339 2277 462 2340 ἐστινί
436 2284 542 2352 επεῖν,
563 2273 676 2358 κύριος*
677 2281 830 2423 Καῖσαρ,
841 2278 890 2339 καλ
912 2278 1062 2362 ἐπιθῦσαι,
1086 2273 1186 2341 καλ
1157 2303 1191 2339 τα
1212 2272 1325 2350 τούτοις

151 2357 320 2437 ἀκόλουθα,
355 2361 405 2422 καὶ
426 2357 645 2436 διασώζεσθαιξ
677 2355 710 2421 Ὁ
739 2360 769 2423 δέ
800 2357 835 2422 τά
861 2359 913 2440 μέν
941 2367 1041 2443 πρῶτα
1068 2358 1123 2424 ούκ
1152 2357 1324 2462 ἀπεκρίνατο

152 2441 268 2563 αύτρῖς·
292 2441 485 2523 ἐπιμενόντων
507 2442 538 2505 δὲ
559 2439 664 2516 αὐτοῖν,
687 2443 779 2546 ἔφη
781 2441 826 2520 ,οά
848 2445 938 2524 μέλλω
956 2452 1059 2524 ποιεῖν,
1084 2442 1325 2549 δσυμβουλεύετί

150 2535 221 2610 μοιέ
267 2530 306 2590 06
326 2526 396 2590 66’
380 2524 570 2628 ἀποτυχόντες
589 2533 640 2589 τοῦ
664 2534 760 2589 πεῖσαι
782 2525 880 2605 αὐτόν,
903 2526 984 2591 δεινά
976 2525 1112 2631 βήματα
1125 2525 1269 2632 ἐλεγον’
1235 2534 1322 2610 αυτῷ

150 2612 201 2684 καλ
220 2609 291 2718 μετά
303 2614 451 2716 σπουδῆς
477 2608 632 2716 καθῄρουν
659 2607 749 2673 αὐτόν
776 2609 833 2674 ἀπὸ
855 2618 908 2674 τοῦ
930 2608 1095 2713 66666to3,⁶
1117 2608 1157 2685 63
1178 2612 1227 2674 καλ
1247 2634 1323 2673 κατι

152 2692 224 2760 ὄντα
256 2692 314 2758 ἀπό
324 2702 403 2799 τῆς
423 2691 567 2776 καροόγας
597 2691 780 2797 ἀποσυρῆναι
812 2692 844 2758 τό
864 2692 1060 2799 ἀντικνήμιον.
1110 2695 1170 2756 Ka}
1198 2690 1237 2774 μῆ
1265 2693 1324 2755 ἐπι-

152 2779 288 2862 στραφεὶς
310 2775 349 2852 63
370 2775 456 2841 οὐδὲν
476 2775 644 2853 πεπονθός,
665 2775 829 2859 προθυμως
841 2803 918 2883 μετα
899 2775 1059 2860 σπουδῆς
1074 2772 1272 2859 ἐπορεύετο,
1257 2773 1321 2877 αγό-

151 2885 238 2943 μενος
265 2864 306 2934 είς
325 2858 357 2923 τὸ
384 2859 500 2924 στάδιον
509 2857 673 2962 θ,ορύβου
702 2859 918 2942 τηλικούτοο”
901 2884 984 2935 οντος
1004 2860 1036 2924 ἐν
1063 2866 1104 2945 τῷ
1132 2878 1183 2922 στα
1184 2861 1253 2945 δίμ,
1283 2855 1323 2932 63

151 2943 224 3028 μηδδ
245 2942 432 3026 ἀκονσθῆναί
453 2970 518 3008 τινα
540 2941 695 3008 δύνασθαι.

315 3135 356 3192 lx.
400 3138 571 3209 Ρολμαοτμαε
593 3137 699 3194 Chn'sto
720 3137 840 3193 Domino
861 3154 912 3194 εαο
934 3153 990 3194 ουκ
1010 3136 1159 3193 maledicit.

239 3265 287 3346 Τῷ
308 3257 340 3321 66
370 3255 572 3366 Πολνκάρπω,
602 3256 718 3323 εἰσιόντι
747 3261 787 3333 είς
817 3257 849 3323 τό
870 3257 1003 3337 στάδιον,
1032 3255 1116 3340 φωνῆ
1146 3255 1229 3334 ἐξ’
1197 3265 1325 3364 ουρρινοῦ

183 3324 274 3406 ένετο·
296 3343 383 3423 ί,σχυε
404 3342 452 3405 καλ
454 3324 618 3449 ἀνδρίζρυ,
640 3341 839 3446 Πολύκαρπεέ
879 3341 991 3407 Καὶ
961 3368 1014 3407 τον
1034 3342 1086 3425 μέν
1099 3340 1325 3416 είπόνταούδελς

152 3449 237 3501 ε,εν
258 3424 312 3506 τῆν
334 3425 364 3488 δέ
380 3423 484 3506 φωνῆν
496 3433 554 3490 τοῖν
549 3424 710 3535 ῆμετέρων
722 3429 752 3490 οί
761 3425 903 3534 παρόντες
917 3424 1078 3532 ἤκουσαν.
1101 3426 1161 3488 Καὶ
1183 3425 1324 3503 [λοιπόν]Ῑ

150 3452 421 3595 προσάγθέντος’
387 3517 492 3585 αυτοῦ,
514 3505 689 3594 θόρυβος
668 3536 707 3592 ην
727 3509 851 3618 μέγας’
837 3509 1040 3584 ακουσάντων,
1061 3507 1106 3573 ότι
1128 3505 1325 3608 Πολύκαρπος

151 3594 344 3700 σιενείληπται.
386 3591 504 3657 Λοιπδν
530 3596 730 3699 προσαχθέντα
759 3591 848 3658 αύτδν
874 3592 1009 3676 ἀνηρώτα
1038 3589 1055 3656 6
1083 3588 1313 3697 ἀνθύπατος,ε
1301 3593 1328 3653 ελ

150 3673 240 3752 αύτδς
260 3679 305 3758 είη
329 3675 532 3758 Πολύκαρπος.
580 3686 638 3742 Τοῦ
660 3678 691 3741 δὲ
711 3675 936 3761 ὁμολογοῦντος,
959 3678 1078 3740 ἐττειθεν
1099 3673 1262 3783 ἀρνεῖσθαι,
1283 3675 1326 3778 66·

150 3783 224 3849 γων·
255 3786 284 3839 ,α
286 3761 419 3842 ίδὲσθητί
445 3783 499 3824 σου
526 3759 580 3843 τῆν
604 3761 748 3846 ῆλικίοιν,ι
778 3762 827 3824 καί
848 3760 930 3842 ἕτερα
950 3758 1064 3835 τούτοις
1094 3757 1264 3834 ἀκόλουθα,
1286 3755 1326 3832 ὥς

203 4001 231 4065 2)
249 4003 317 4052 Hanc
342 3999 469 4049 lectionem
487 3997 597 4048 Usserius
624 4011 651 4045 υτ
672 3996 720 4045 Ευ·
805 3993 832 4054 5)
854 3993 887 4042 lta
907 3992 984 4043 Codd
1002 3994 1069 4042 vind
1088 3993 1164 4043 Paris.
1183 3993 1281 4041 Βατοοι
1300 4006 1324 4053 p.

151 4068 211 4119 sebii
236 4071 356 4133 scriptura
383 4060 551 4120 ἐπελθόντες
577 4065 616 4123 (11
635 4065 662 4112 E.
682 4062 718 4121 lv,
755 4062 851 4128 κυρίου
868 4060 930 4121 vulg.

154 4135 312 4197 λθλὸαυῑὴο
323 4134 441 4199 probante
450 4130 637 4191 commendant
656 4142 720 4180 συν·
807 4129 834 4193 6)
856 4128 896 4178 Sic
918 4127 1064 4177 Ιαεοδεοαυι
1083 4141 1096 4175 ε
1114 4125 1190 4174 Codd.
1208 4124 1276 4173 vind.
1301 4134 1324 4174 οι

152 4198 329 4260 ἀπελθόντες
349 4201 411 4260 vulg
755 4196 830 4245 Paris.
867 4195 933 4257 vulg.
958 4192 1079 4250 ἀκούσας
1104 4184 1155 4246 οὖν
1183 4188 1247 4249 τούς
1268 4209 1325 4242 πα-

204 4301 232 4366 ³)
251 4299 335 4365 ἐναρ.
354 4301 400 4350 lac
419 4296 520 4347 accessi!
538 4311 564 4345 ex
582 4295 651 4344 vind.
754 4279 887 4392 ρονῆῗῖω
906 4329 965 4380 cod
985 4327 1073 4385 pamy
1100 4325 1172 4377 lectio
1194 4327 1257 4389 vulg
1280 4325 1320 4379 a»,

204 4398 233 4465 4)
250 4398 299 4456 Cfr.
318 4401 399 4455 matth.
416 4401 441 4462 6,
461 4401 499 4451 10.
520 4399 570 4457 λοι
588 4397 628 4458 21,
647 4396 686 4449 14.
755 4395 874 4465 σταθλτ,
904 4393 978 4456 τινὲς
1008 4391 1116 4464 ἔλεγον·
1149 4391 1168 4460 ἡ
1200 4389 1325 4459 τοσαύτη
