2886 4882
290 211 490 269 lldfl'l'YlllUll
513 212 539 270 S.
562 213 695 272 touartt.
725 212 755 270 lt.
776 212 818 270 lll.
840 213 896 272 xtt.
919 213 986 275 Xlll.
1007 212 1074 273 XlV.
1209 211 1269 275 359

95 396 156 437 cum
180 377 216 435 ad
237 375 382 435 videndum
402 378 468 435 illud
491 379 689 455 spectaculum,
718 385 774 435 ιιιιιι
802 384 832 433 ut
861 378 956 452 pulcro
979 378 1135 438 fruerentur
1157 380 1271 451 lluento,

96 461 169 536 quod
191 461 353 518 scaturiebat
375 479 407 517 cx
429 462 499 518 illius
522 460 623 536 lingua)
646 463 704 536 ipse
727 479 758 518 ea
786 477 856 533 quac
886 479 936 535 par
957 469 1016 518 erat
1037 464 1169 532 suadens,
1193 482 1270 538 roga·

96 546 141 602 bat
170 562 281 613 omues,
311 553 341 600 ut
369 563 420 619 pro
450 547 510 619 ipso
541 554 666 612 orarent,
694 561 748 618 quo
780 561 830 618 per
857 543 930 600 seras
955 545 1008 601 cito
1032 546 1214 605 resolveretur
1234 548 1269 609 ad

96 645 157 687 cum
188 645 269 702 quem
292 627 471 697 desiderabat,
495 638 521 687 et
543 637 687 703 appareret
708 636 769 684 ante
794 626 865 683 illius
888 627 1003 685 divinam
1023 626 1126 685 faciem.

177 776 219 832 lll.
262 777 362 833 Videas
384 786 472 834 autem
495 796 543 835 cos
574 786 628 834 turn
658 778 734 834 valde
757 778 865 846 anxios,
895 785 951 834 tum
981 777 1181 851 quodammodo
1203 796 1268 850 pou·

96 861 191 917 deutcs
215 859 248 914 ab
272 859 344 915 illius
368 862 470 930 anima,
499 871 554 917 turn
582 878 637 916 non
666 861 808 917 serendum
838 860 964 917 damnum
987 860 1170 916 existimantes
1191 877 1268 935 sepa·

97 944 228 999 rationem
249 943 307 998 eius
330 951 504 1012 elmerum,
535 945 567 1001 de
596 945 628 999 iis
658 961 767 1017 quoque
803 943 848 1017 qui
879 942 978 1000 Romae
1006 950 1085 999 erant
1114 940 1208 998 fideles
1238 943 1270 999 ti·

96 1042 187 1095 meus,
217 1042 251 1081 ne
279 1033 306 1080 ct
335 1027 386 1099 ipsi
411 1026 535 1082 similiter
556 1027 644 1083 allecti
664 1043 718 1082 nou
740 1027 906 1082 sustinerent
927 1042 987 1082 eum
1018 1025 1110 1082 videre
1132 1025 1202 1081 tradi
1223 1024 1270 1083 be·

96 1109 171 1176 stiis,
204 1107 253 1163 scd
274 1125 369 1163 manus
392 1109 517 1164 adversas
541 1109 591 1165 illis
614 1109 802 1176 admoverent,
833 1107 932 1181 quibus
953 1109 1107 1165 mandatum
1129 1115 1188 1165 erat
1208 1124 1271 1167 eum

97 1191 220 1258 tradere,
242 1208 274 1245 ac
295 1192 320 1246 ci
343 1191 501 1248 clauderent
522 1202 642 1266 apertam
664 1192 769 1249 ianuam
792 1192 921 1266 martyrii,
944 1192 1036 1247 statuit
1056 1191 1089 1246 ad
1112 1193 1187 1265 ipsos
1203 1190 1269 1247 scri·

95 1273 179 1340 bere,
206 1281 236 1329 ut
256 1274 274 1328 ii
298 1291 406 1347 quoque
428 1292 478 1349 pro
501 1292 533 1330 eo
555 1283 678 1341 orarent,
707 1292 741 1332 ue
770 1291 867 1331 cursus
896 1275 937 1329 sui
960 1273 1115 1330 certaminis
1139 1275 1164 1330 ei
1186 1274 1270 1347 impe·

96 1356 215 1424 diretur,
238 1355 288 1412 scil
310 1373 360 1430 per
383 1357 469 1425 ieras,
499 1359 569 1414 sicut
591 1359 692 1414 dictum
714 1365 770 1424 est,
800 1359 854 1413 cito
877 1356 1059 1413 resolveretur
1085 1356 1119 1412 ad
1143 1355 1269 1413 dilectum

96 1439 247 1495 bominum.
290 1440 394 1513 Operae
416 1441 533 1515 pretium
557 1448 722 1508 astantem,
751 1439 823 1496 illius
853 1456 963 1514 quoquc
991 1440 1156 1496 mentionem
1178 1439 1269 1497 lacera

97 1521 242 1596 epistolae,
265 1539 334 1596 quae
357 1524 395 1579 sic
419 1523 501 1580 babet
520 1525 553 1579 ad
575 1522 696 1581 verbum.

178 1669 233 1725 llll.
276 1670 420 1745 ,lgnatius‚
451 1673 496 1745 qui
526 1680 552 1728 et
574 1671 768 1746 Tbcopborirs,
796 1670 947 1745 Episcopus
976 1677 1085 1726 sanctae
1108 1670 1154 1727 liei
1185 1669 1269 1729 eccle·

96 1755 150 1810 siae
187 1770 256 1826 qrrac
287 1763 329 1810 est
350 1756 522 1824 Antiochiae,
551 1755 685 1811 ccclesiae
712 1753 927 1810 misericordiam
950 1760 1113 1810 consecutae
1143 1753 1169 1809 iu
1190 1754 1270 1812 maie·

97 1843 164 1892 state
185 1838 268 1909 patris
297 1837 418 1894 altissimi
440 1847 466 1894 ct
488 1838 593 1895 bomini
616 1838 676 1894 lesu
698 1837 797 1894 Cbristi
820 1836 905 1893 solius
926 1837 984 1892 cius
1015 1835 1078 1905 filii,
1109 1837 1222 1894 dilectae
1243 1844 1272 1894 ct

96 1919 257 1975 illuminatae
281 1920 306 1974 in
329 1921 465 2000 vpluntatc
488 1923 560 1989 eius,
583 1921 629 1994 qui
650 1921 733 1978 voluit
755 1921 854 1988 omnia,
876 1936 944 1993 quae
967 1927 1031 1975 sunt
1053 1920 1202 1976 secundum
1225 1936 1270 1975 ca·

97 2003 200 2058 ritatem
223 2002 284 2058 lesu
308 2004 406 2060 Christi
428 2005 474 2061 bet
504 2006 606 2073 nostri,
638 2022 707 2080 quae
740 2006 819 2060 etiam
848 2004 987 2077 praesidet
1016 2003 1043 2058 iu
1065 2003 1126 2059 loco
1150 2002 1270 2077 regionis

97 2084 296 2154 llomauorunr,
324 2104 402 2159 spiram
426 2095 452 2143 ct
473 2088 560 2145 saluto
583 2089 609 2143 iu
632 2089 742 2144 nomine
765 2085 827 2143 lesu
849 2086 960 2154 Christi,
990 2086 1139 2142 secundum
1162 2101 1271 2142 carnem

96 2175 123 2224 et
142 2168 267 2241 spiritum
290 2169 389 2224 unitam
413 2172 484 2225 ouini
507 2172 565 2226 eius
585 2171 725 2238 mandato,
748 2170 883 2242 impletam
908 2169 993 2242 gratia
1016 2168 1078 2236 bei,
1107 2168 1220 2224 salutent
1243 2167 1270 2223 in

97 2250 204 2307 Christo
227 2249 288 2305 lesu
311 2249 382 2305 beo‘

181 2366 247 2420 Cum
269 2365 352 2419 licum
373 2373 498 2437 precatus
521 2365 698 2434 obtinuerim,
728 2372 758 2421 ut
787 2363 907 2419 viderem
928 2362 1091 2436 spectabiles
1118 2362 1207 2419 vultus
1229 2379 1271 2421 va·

96 2456 184 2512 stros,
208 2448 313 2502 vinctus
336 2449 362 2502 in
385 2447 491 2503 Christo
515 2449 576 2505 lesu
600 2466 696 2523 spero,
725 2464 768 2502 nro
790 2461 838 2500 vos
860 2443 1049 2512 salutaturum,
1078 2446 1102 2501 si
1124 2445 1170 2501 llei
1191 2444 1273 2503 luerit

97 2531 229 2599 voluutas,
253 2538 282 2585 ut
305 2530 402 2603 dignus
425 2529 534 2624 habear,
557 2533 604 2604 qui
626 2539 654 2587 et
674 2531 714 2586 sic
736 2529 770 2585 ad
791 2527 881 2583 bueus
895 2528 1058 2600 perveniam.
1090 2525 1177 2582 bleum
1200 2525 1272 2584 enim

98 2615 148 2672 rite
171 2614 295 2670 succedit
316 2621 421 2679 votum,
450 2615 472 2669 si
496 2615 608 2687 gratiana
626 2613 705 2670 luero
728 2616 905 2677 consecutus,
928 2617 957 2666 ut
979 2616 1081 2665 sortem
1103 2625 1188 2665 meam
1211 2624 1271 2681 per·

98 2698 195 2790 cipiavn
228 2698 286 2752 sine
317 2696 518 2790 impedimento.
562 2698 655 2753 Timeo
677 2697 748 2752 euim
769 2700 884 2750 vestram
911 2691 1066 2760 caritatem,
1093 2708 1128 2748 uc
1151 2691 1208 2764 ipsa
1229 2707 1272 2747 ma

98 2781 196 2837 iniuria
216 2777 324 2836 afficiat.
369 2777 450 2835 Vobis
469 2782 541 2836 enirn
568 2780 646 2836 lacile
676 2788 719 2836 est
740 2779 830 2834 lacere
869 2776 944 2850 quod
972 2774 1067 2845 vultis3
1096 2774 1162 2833 mibi
1182 2763 1272 2833 autc'tu

99 2861 212 2923 difficile
234 2868 276 2917 est
297 2862 381 2918 ileum
403 2863 528 2936 assequi,
549 2865 573 2920 si
594 2880 642 2919 vos
664 2862 728 2918 mibi
750 2860 939 2935 peperceritis.

182 3010 248 3065 llll.
291 3011 349 3066 Non
379 3013 450 3067 onim
479 3012 557 3081 volo,
590 3027 639 3068 vos
667 3007 823 3067 hominibus
852 3007 981 3082 placere,
1013 3008 1064 3064 sed
1096 3006 1166 3074 beo,
1201 3007 1272 3062 sicut

99 3095 180 3152 ctiam
210 3093 329 3168 placetis.
379 3094 443 3150 llam
473 3112 562 3170 neque
590 3111 641 3168 ego
670 3109 789 3168 unquam
816 3090 924 3148 habebo
953 3091 1024 3149 aliud
1054 3098 1160 3164 tempus
1188 3088 1271 3144 lleuur

98 3177 278 3251 assequendi,
308 3193 396 3249 nequo
425 3195 481 3235 vos.
524 3176 553 3234 Si
582 3179 664 3251 igitur
692 3176 822 3233 silueritis
850 3174 883 3231 de
914 3191 972 3243 me,
1003 3190 1055 3247 ego
1078 3173 1122 3229 bei
1153 3170 1272 3241 alliciam

99 3261 142 3317 sin
171 3277 235 3316 vero
269 3276 376 3315 caruem
405 3277 490 3317 nicam
520 3261 687 3326 amaveritis,
717 3276 812 3316 rursus
840 3275 888 3314 cro
917 3274 1041 3315 currens.
1089 3256 1153 3313 Plus
1181 3262 1272 3311 autem

99 3343 164 3403 milii
187 3342 332 3416 praebeto,
362 3348 390 3397 ut
411 3343 465 3400 Deo
488 3343 625 3411 immoler,
656 3342 718 3398 dum
746 3341 834 3399 adbuc
859 3358 905 3398 ara
934 3349 1027 3416 parata
1049 3348 1105 3406 est,
1134 3347 1164 3395 ut
1182 3337 1273 3395 adecti

99 3427 200 3483 cborus
223 3426 248 3480 in
272 3425 382 3480 caritate
406 3427 508 3482 canatis
531 3425 600 3500 patri
622 3426 648 3480 in
672 3425 779 3481 Christo
800 3425 874 3492 lesu,
898 3423 970 3498 quud
992 3421 1157 3496 Episcopum
1179 3420 1274 3495 Syriae

98 3510 224 3582 diguatus
253 3508 452 3578 sitdominus,
483 3517 512 3565 ut
539 3508 705 3565 inveniretur
731 3508 758 3563 iu
786 3507 946 3574 Occidente,
976 3522 1038 3562 eum
1068 3521 1211 3562 arcessens
1239 3502 1273 3561 ab

99 3591 218 3647 Oriente.
261 3590 387 3647 Pulcmm
409 3601 466 3661 est,
497 3591 634 3648 amuudo
656 3589 785 3648 occidere
807 3590 841 3646 ad
862 3588 960 3655 lleunr,
989 3595 1019 3645 ut
1045 3587 1189 3661 adipsum
1211 3603 1272 3645 exo·

99 3691 208 3730 namur.

183 3821 247 3877 llll'.
289 3819 358 3877 Nulli
387 3840 505 3895 uuquam
540 3822 686 3889 invidistis,
721 3820 788 3877 alios
815 3819 955 3875 docuistis.
998 3819 1054 3893 ligo
1083 3827 1171 3877 autem
1202 3815 1273 3885 volo,

102 3906 144 3962 illa
175 3922 284 3977 ottoque
312 3922 373 3960 osse
408 3905 482 3961 lirma
513 3923 543 3962 ac
566 3904 684 3971 stabilia,
716 3920 786 3975 ipuac
816 3904 947 3959 docentes
970 3902 1135 3976 praecipitis.
1179 3899 1271 3954 Solum

103 4034 311 4042 *-

102 4106 165 4155 tinus
184 4113 208 4153 ιιι
222 4120 249 4153 ιι
267 4098 357 4152 uostris
374 4114 397 4147 ιιι
407 4098 450 4161 Ep
469 4098 498 4147 nil
512 4097 578 4148 llum
597 4097 671 4144 intor-
756 4092 783 4154 d)
804 4092 839 4142 lt.
858 4086 1030 4144 decidendae.
1051 4093 1098 4142 tar.

102 4172 191 4236 polatis
210 4172 289 4220 lltll'.
755 4160 812 4223 Cap
833 4159 891 4208 xttl
928 4163 952 4224 l)
972 4151 1022 4212 οὖν
1040 4160 1063 4208 ln
1083 4164 1168 4207 textum
1189 4157 1270 4222 recepi

153 4238 180 4301 3)
202 4241 241 4303 τῷ
259 4252 307 4287 uon
327 4235 371 4295 leg
390 4234 453 4291 ΑΕς
483 4234 550 4281 deest
576 4244 672 4293 qttoque
706 4229 775 4287 eud,
793 4227 833 4276 ubi
851 4242 923 4289 supra
942 4227 1089 4288 adscriptum
1107 4231 1150 4273 est.

103 4306 126 4353 io
148 4306 208 4354 Cod.
229 4303 368 4354 colbertino
387 4271 509 4350 etirillll
527 4311 619 4346 recens.
636 4296 672 4343 in·
757 4295 785 4358 2)
805 4291 916 4362 ἕτοιμον
934 4296 951 4344 Ε
969 4293 1039 4343 male

104 4372 191 4437 terpol.
208 4372 253 4435 Ep
274 4370 304 4419 ad
323 4369 389 4417 llum.
758 4360 787 4423 3)
805 4357 877 4427 πρὸς
896 4360 922 4412 Ε
