2886 4882
356 230 480 290 lCNh'l'll
502 228 665 289 artatum
686 233 727 288 tlt
751 229 921 289 canthos.
949 227 992 289 ΙΙ.
1014 230 1044 288 V.
1225 225 1284 290 169

105 400 172 456 mihi
194 399 412 457 benevolentiam
434 399 593 457 eslribeatis.
632 400 717 458 Sinite
738 417 781 457 me
805 400 923 458 lerautm
946 400 1035 456 eibum
1059 416 1131 468 esse,
1153 416 1202 474 pcr
1216 417 1284 476 quas

107 484 191 540 llenm
214 485 348 557 consequi
370 484 440 540 licet
468 483 643 541 Frumentum
666 484 794 552 sumllei,
817 492 845 540 et
866 500 915 557 per
937 483 1055 540 terarum
1079 482 1173 541 dentes
1188 485 1283 555 molar,

105 575 136 623 ut
157 585 243 642 purus
265 569 343 643 panis
365 567 467 623 Christi
488 568 617 624 inveniar.
657 567 732 624 heris
756 567 846 642 potius
869 566 1035 635 blandimini,
1056 574 1086 623 ut
1107 567 1171 623 mihi
1194 568 1283 643 sepul·

108 651 204 707 ebrum
220 649 294 718 liant,
317 651 439 724 nihilque
461 651 515 706 mei
538 650 664 726 corporis
684 650 856 725 relinquaut3
878 667 922 718 ne,
939 657 1082 724 postquam
1098 649 1284 720 obdormiero,

106 736 195 808 gravis
218 734 299 790 alicui
322 733 391 790 llam.
434 733 509 790 Tune
531 751 593 791 vere
610 735 709 790 Christi
733 734 882 809 discipulus
905 749 963 800 ero,
985 750 1046 790 cum
1068 749 1158 807 neque
1181 750 1282 808 eorpus

106 834 196 873 meum
225 817 342 873 mundus
371 816 481 873 videbit.
525 817 661 874 Christum
684 835 734 892 pro
756 835 799 874 me
821 816 988 892 supplicate,
1017 821 1047 871 ut
1075 831 1125 889 per
1154 816 1222 872 haee
1244 817 1283 874 in·

105 907 257 957 strumenta
285 900 373 957 hostia
402 901 531 959 inveniar.
575 901 634 957 Non
663 911 691 956 ut
720 901 817 958 Petrus
847 908 874 957 et
901 899 999 955 Paulus
1030 897 1105 954 vohis
1135 899 1284 974 praecipio.

107 981 149 1038 llli
171 983 297 1058 apostoli,
321 1000 372 1058 ego
396 985 608 1051 condemnatum
632 984 670 1040 illi
694 983 782 1053 liberi,
806 1002 858 1058 ego
880 999 968 1056 usque
990 998 1063 1040 nunc
1086 998 1189 1038 servus.
1229 981 1285 1039 Sed

105 1066 130 1121 si
152 1068 254 1140 patiar,
284 1064 399 1123 libertus
422 1065 484 1124 lesu
506 1085 568 1136 ero,
600 1074 628 1122 et
656 1068 683 1122 in
714 1068 775 1140 ipso
798 1083 938 1141 resurgam
961 1065 1037 1123 liber.
1081 1064 1157 1122 Nunc
1179 1065 1283 1123 vinctus

106 1149 185 1206 disco
208 1149 246 1206 nil
269 1151 480 1223 concupiscere.

569 1367 597 1423 V.
640 1367 714 1425 Mori
735 1369 823 1440 cupio.

192 1514 213 1569 Α
235 1514 312 1589 Syria
335 1515 444 1572 llonram
466 1534 553 1591 usque
576 1535 637 1574 cum
658 1517 754 1574 bestiis
776 1535 878 1592 pugno,
900 1525 973 1574 terra
992 1519 1131 1592 marique,
1153 1526 1236 1575 noctu
1258 1527 1286 1576 et

109 1596 244 1666 interdiu,
270 1599 393 1673 alligatus
423 1600 456 1655 ad
480 1601 574 1657 decem
602 1601 765 1675 leopardos,
794 1618 862 1674 quae
893 1609 936 1656 cst
961 1600 1074 1658 militum
1103 1610 1204 1667 turma3
1237 1604 1283 1678 qui

107 1681 191 1736 etiam
219 1681 355 1738 beuelicio
384 1691 497 1755 accepto
526 1685 637 1757 peiores
666 1692 737 1740 sunt
785 1683 895 1741 lllorum
933 1692 1022 1741 autem
1057 1684 1162 1741 iniuriis
1197 1687 1284 1760 magis

107 1764 237 1832 erudior,
268 1765 327 1833 ,sed
350 1773 462 1839 propter
483 1767 536 1823 hoe
558 1784 612 1823 non
642 1767 804 1823 iustihcatur
827 1764 906 1823 sum!
951 1765 1056 1824 Utinam
1086 1768 1161 1825 lruar
1189 1767 1284 1827 bestiis

107 1846 175 1902 mibi
196 1848 373 1922 praeparatis,
396 1865 463 1922 quas
485 1858 513 1905 et
534 1857 599 1925 opto
620 1852 686 1908 milri
707 1858 828 1925 promtas
849 1851 978 1919 inveniri3
1001 1850 1099 1924 quibus
1118 1860 1146 1907 et
1163 1850 1286 1910 blandiar

108 1936 139 1985 ut
159 1930 215 1986 cito
236 1948 280 1988 me
302 1931 441 2000 devorent,
464 1949 519 1989 non
541 1942 571 1990 ut
592 1933 725 2008 quosdam
745 1935 846 1994 veritae
867 1951 922 1991 uon
945 1934 1100 2008 tetigerunt
1144 1933 1171 1990 Si
1194 1943 1284 1994 autam

108 2011 169 2069 illae
193 2021 378 2088 repugnantes
401 2015 553 2084 noluerint,
584 2034 635 2090 ego
664 2034 710 2073 eas
738 2019 763 2073 vi
792 2017 934 2091 impellam.
979 2016 1089 2074 Veniam
1119 2019 1185 2074 mihi
1208 2017 1286 2089 dalea

108 2095 174 2169 quid
195 2097 260 2154 mihi
282 2098 386 2173 prosit,
415 2116 467 2172 ego
488 2101 559 2156 novi.
601 2099 678 2157 Nunc
700 2101 801 2174 incipio
824 2100 973 2175 discipulus
1002 2117 1073 2158 esse·
1116 2101 1200 2158 Nemo
1222 2102 1284 2158 visi·

108 2177 201 2235 billum
225 2189 252 2236 et
273 2180 446 2238 invisibilium
469 2184 535 2239 milri
557 2184 688 2250 invideat,
708 2192 738 2240 ut
759 2182 848 2240 lesuin
870 2184 1007 2240 Christum
1029 2201 1168 2256 assequar.
1211 2183 1284 2257 lgnis

109 2269 136 2317 et
150 2278 225 2331 crux,
247 2262 366 2320 ferarum
380 2272 511 2333 catervae,
532 2268 720 2333 lacerationes,
739 2266 941 2332 distractiones,
958 2266 1156 2322 disiunctioncs
1171 2268 1283 2335 ossium,

110 2346 232 2402 concisio
254 2347 456 2416 membrorum,
478 2350 561 2406 totius
583 2349 710 2422 corporis
732 2348 926 2411 contusiones,
948 2348 1006 2404 dira
1029 2347 1128 2403 diaboli
1152 2357 1284 2405 tormenta

109 2429 137 2484 in
158 2445 201 2485 me
222 2431 344 2496 veniant3
365 2430 537 2490 solummodo
558 2440 588 2489 ut
610 2432 697 2487 lesum
720 2430 857 2485 Christum
879 2445 1041 2503 consequar.

119 2640 321 2651 ·—-—.—·-—....

162 2788 189 2855 2)
207 2790 256 2842 Clr.
277 2792 284 2841 l
302 2792 357 2843 Cor.
380 2792 423 2852 15,
441 2792 487 2852 32,
513 2791 552 2841 ubi
584 2805 680 2856 quoque
714 2791 805 2852 stianis,
821 2788 1283 2857 quieosmansuetioreserpalguatium

112 2853 324 2939 ἐθηριομάχησα
336 2858 367 2913 ἔν
382 2858 491 2929 Ἐφέσῳ
509 2859 681 2909 decertatione
714 2875 760 2925 per
776 2875 874 2910 munera
892 2859 994 2910 reddere
1012 2866 1145 2923 sperarent
1168 2858 1215 2908 lac.

114 2941 167 2977 cnm
198 2928 335 2978 bominibus
372 2928 484 2979 belluinis
514 2926 680 2992 explicandum
766 2929 793 2992 5)
811 2928 951 2992 llespiciunt
969 2927 1028 2978 haec
1047 2927 1077 2977 ad
1095 2927 1104 2976 Ι
1117 2925 1171 2976 Car.
1188 2925 1212 2985 l,
1231 2926 1254 2977 4.

113 3002 157 3044 ast
193 2993 240 3045 lac.
767 2995 794 3059 a)
814 2996 1000 3060 chrysostomus
1036 2994 1059 3043 in
1091 2993 1174 3057 ignatii
1208 2992 1284 3044 nostrl

160 3059 188 3124 3)
206 3063 269 3114 lloce
287 3058 445 3134 Ιεόπαρδος
462 3063 615 3113 offenderunt
632 3062 678 3111 aa·
716 3064 832 3115 Encomlo
851 3065 883 3125 (c.
897 3066 919 3114 5.
938 3062 983 3125 Op.
993 3063 1021 3112 ll.
1039 3076 1063 3125 p.
1076 3063 1133 3112 599.
1152 3061 1189 3110 ed.
1203 3059 1285 3125 aena:

111 3129 216 3192 snagins,
234 3130 334 3181 Banrlns
352 3130 443 3196 etalii,
462 3131 603 3180 vocabulum
621 3130 681 3180 illud
708 3128 841 3190 Ἀκούσας
857 3128 901 3181 δτι
920 3115 1001 3188 οὗτος
1018 3126 1106 3181 αὐτὸν
1128 3130 1176 3191 τῆς
1197 3143 1285 3196 τιμω-

112 3204 166 3247 anta
185 3195 334 3249 Constantini
351 3207 452 3249 aetatem
479 3198 612 3248 obtinuisse
638 3213 681 3247 ne·
716 3198 806 3272 ρίαςό
825 3193 931 3266 τρόπος
946 3198 1038 3268 μένει,
1058 3194 1090 3247 Ἐ
1109 3193 1130 3246 nl
1150 3197 1207 3247 τῶν
1231 3197 1286 3261 θη-

112 3273 202 3327 ριιιιιι.
238 3266 287 3316 Sed
314 3267 360 3316 iam
382 3267 517 3316 Pearsonus
548 3265 681 3329 (vindiciae
715 3269 784 3337 ρίων
801 3263 917 3319 ἐκείνων
932 3263 1069 3334 ὀναίμην,
1089 3212 1192 3343 ἔλεγεν.
1227 3263 1286 3314 llic·

110 3331 247 3394 lgnatlanae
266 3334 293 3384 ll.
311 3349 335 3398 p.
347 3335 399 3394 92.)
419 3334 484 3384 clara
502 3333 681 3394 demonstravit,
714 3349 829 3399 rouymus
845 3335 869 3384 in
887 3334 934 3384 vita
956 3333 1082 3393 eiusdem,
1093 3333 1195 3396 ,Utinam
1220 3331 1285 3382 lrnar

112 3407 167 3449 ante
187 3399 337 3452 Constantini
357 3401 524 3466 temperahoc
538 3401 681 3450 vocabalum
715 3404 815 3453 bestiis‘
842 3402 917 3451 Usser.
950 3401 1026 3450 Aliter
1037 3399 1186 3450 Pearsonua:
1204 3397 1286 3463 potiar

112 3481 161 3516 non
178 3467 258 3519 solum
275 3470 340 3534 apnd
353 3471 460 3528 Lahnos,
478 3468 522 3518 scd
536 3469 607 3519 etiam
617 3467 680 3532 apud
716 3470 774 3520 leris
791 3472 871 3535 potiar
890 3484 960 3533 quom
979 3467 1016 3516 bis
1035 3466 1166 3530 leopardis.

112 3533 218 3612 Craccos
241 3536 265 3586 in
290 3537 436 3616 occuluisse..
470 3536 564 3586 Arctior
583 3535 682 3614 provin·
767 3552 794 3617 η)
811 3553 864 3603 Non
877 3545 1205 3621 ρρψρῑωῑπαραρρσομαρ,
1220 3547 1285 3615 φωρ

113 3615 203 3652 carrum
220 3603 319 3654 hornam
336 3619 430 3668 imperit
450 3619 523 3654 nexus
545 3604 637 3664 olfecit,
655 3609 682 3651 ut
715 3621 810 3671 invenio
829 3620 853 3669 j„
872 3619 931 3669 cod·
949 3619 976 3668 Ε,

113 3670 188 3719 multa
205 3671 323 3721 vocabula
347 3672 419 3722 latina
438 3688 451 3721 a
470 3671 568 3722 Graecis
586 3670 681 3734 recipe·
1024 3697 1032 3717 ι

112 3744 202 3786 rentur.
237 3738 286 3788 Ch.
304 3740 377 3802 lgnat
396 3739 426 3789 ad
446 3738 527 3803 Polyc.
546 3755 566 3788 o.
576 3739 599 3789 6.
631 3738 682 3788 llu-
767 3702 795 3765 8)
816 3702 887 3753 vm*
912 3704 1090 3774 Συγγνωμην
1124 3717 1175 3771 μοι
1209 3698 1286 3769 ἔχε’.

112 3804 178 3864 tber,
206 3804 245 3855 dia
276 3806 425 3869 wlcbtigsten
453 3806 580 3855 bedenhen
607 3820 683 3868 gesen
717 3786 763 3821 ⁰¹¹¹·
784 3772 846 3821 Arm·
866 3771 888 3820 ¹·
942 3854 955 3868 ⁴
1007 3846 1021 3866 „

113 3870 152 3922 dia
167 3872 291 3924 decbtbeit
309 3873 353 3924 der
371 3874 484 3936 lgnntian.
503 3874 581 3923 Bricle
598 3873 623 3921 ln
639 3872 681 3922 lll-
765 3855 793 3916 9)
816 3855 887 3905 v⁰⁰⁰·
910 3855 974 3907 NW
1003 3869 1122 3924 “wilm
1155 3845 1288 3921 μαθηῖὴῗ

112 3940 189 4002 aena:
210 3940 349 3992 astacum
367 3942 406 3991 rar
418 3942 503 3991 atsur.
515 3940 599 3990 nasot.
610 3940 681 3990 rm.
717 3919 789 3974 aava.
807 3921 881 3985 Suus
900 3936 949 3971 που
967 3920 1013 3984 lea·

113 4005 139 4055 P.
156 4007 192 4058 lt.
215 4022 240 4072 p.
263 4010 296 4060 54
310 4024 365 4075 sqq.
394 4017 417 4058 et
438 4008 596 4059 bastardieclt
621 4008 636 4058 Ι.
660 4023 680 4056 c.
769 4005 809 4067 10)
828 4002 1059 4071 Voccdvuropral,
1078 3999 1231 4070 διαιρέσεις
1247 4011 1286 4063 ap.

112 4087 136 4137 p.
155 4075 195 4126 66.
231 4075 280 4127 etr.
299 4077 383 4141 Stepb.
403 4077 463 4127 thes
483 4077 498 4126 l.
516 4092 551 4139 pr.
570 4075 681 4126 edllase
716 4073 844 4123 Eusebium
872 4080 896 4122 et
920 4071 1090 4134 llieronymutu
1114 4069 1177 4117 bunc
1205 4065 1286 4116 locum

112 4156 132 4191 ⁸·
150 4155 171 4190 v·
188 4139 353 4214 λεόπαρδος.
377 4144 405 4193 ΙΙ,
441 4144 511 4193 Plura
533 4144 556 4193 b.
580 4143 596 4191 Ι.
622 4158 681 4192 con·
716 4141 840 4190 laudantes
864 4156 911 4190 non
933 4145 1024 4196 extant,
1049 4150 1126 4200 neque
1149 4149 1162 4181 a
1183 4132 1244 4195 Syro
1264 4133 1287 4184 Ι.

113 4209 187 4272 gessit
204 4210 340 4263 Cotelerins
358 4212 389 4263 ad
406 4226 489 4262 rocem
507 4209 574 4261 illam
588 4210 681 4273 lgnetic
716 4217 851 4269 vertuntur,
874 4222 918 4256 nec
941 4221 954 4254 a
972 4212 1018 4254 vet.
1036 4204 1079 4252 lnt.
1103 4201 1143 4250 lat.
1168 4199 1288 4280 Praebent

114 4276 288 4330 vindicandam.
718 4291 745 4326 aa
757 4290 839 4325 omnes
853 4272 929 4324 nostrl
943 4271 1019 4320 Codd.
1032 4283 1124 4319 recens.
1137 4265 1285 4330 prolixione,

163 4347 191 4407 4)
207 4346 364 4410 lntelligenda
391 4356 457 4407 sunt,
488 4347 509 4396 ai
538 4345 683 4395 Wocbernm
717 4345 779 4393 hcm.
797 4342 834 4404 23
859 4338 998 4405 διαίρεσις
1014 4338 1077 4386 arn.
1097 4335 1118 4386 Ι.
1136 4334 1188 4384 sine
1206 4346 1287 4398 praec.

115 4412 206 4474 audias,
224 4413 343 4465 banellcia
360 4414 476 4466 militibus
486 4413 575 4464 collata
591 4412 684 4463 aCbrl·
718 4408 867 4478 ἀνατομαί.
1054 4464 1253 4618 n
