2886 4882
322 238 519 299 mutuaturi
538 239 566 298 S.
587 240 781 299 Poulcanut.
809 241 854 301 lli.
876 242 919 301 Ν.
940 241 971 300 V.
992 243 1035 302 vt
1054 243 1109 302 tlt.
1241 241 1301 304 aba

129 416 160 466 ut
180 426 257 465 suam
278 408 337 482 ipae
362 414 476 464 aetatem
497 409 682 476 miseraretur,
704 407 748 464 ille
769 406 884 464 bestiam
905 407 978 465 ultro
993 404 1027 464 ad
1050 426 1079 465 se
1092 412 1200 468 attraxit
1220 411 1303 486 eique

132 493 183 549 rim
205 491 309 559 intulit,
339 489 452 564 cupiens
475 492 594 548 velocius
617 508 648 546 ex
673 492 772 547 iniusta
794 499 819 546 et
842 492 934 564 iniqua
957 489 1065 548 illorum
1087 493 1227 551 hominum
1248 495 1302 552 vita

129 575 260 648 elingere.
302 575 404 630 Exinde
426 581 514 630 autem
537 576 662 630 universa
684 573 835 642 multitudo,
858 573 1045 631 fortitudinem
1066 575 1104 647 pii
1127 593 1158 632 ac
1180 578 1303 650 religiosi

130 658 347 715 Christianorum
375 658 484 730 generis
513 658 660 724 admirata,
692 657 861 713 exclamarit:
898 657 971 725 ,tolle
993 657 1108 729 impios;
1135 657 1302 734 Polycarpum

130 737 311 814 requiratur!‘

535 888 576 945 tu.
621 888 742 958 Quintus
763 897 900 964 apostate.

214 1026 428 1098 baldemum,
452 1029 560 1087 nomine
583 1029 706 1098 Quintus,
727 1030 835 1087 natione
857 1030 961 1106 Phryx,
985 1034 1031 1106 qui
1053 1048 1141 1106 nuper
1162 1049 1194 1089 en
1216 1018 1301 1109 unq?

131 1114 174 1188 gia
194 1111 351 1181 advenerat,
383 1127 442 1168 cum
464 1112 577 1169 vidisset
602 1113 720 1180 bestias,
749 1114 846 1170 timore
869 1115 1014 1189 perculsus
1043 1124 1091 1173 est
1135 1115 1185 1173 llic
1213 1122 1303 1172 autem

130 1203 197 1264 crat,
223 1195 270 1269 qui
292 1212 321 1251 se
344 1195 433 1269 ipsum
448 1202 475 1252 et
496 1196 563 1252 alios
577 1196 709 1271 quosdam
721 1196 873 1270 impulerat,
889 1205 919 1254 ut
933 1199 1003 1255 ultro
1019 1199 1191 1256 accederent
1232 1197 1302 1256 Huic

130 1277 278 1355 proconsul
299 1278 390 1335 multis
413 1278 650 1336 obsecrationibus
673 1280 809 1353 persuasit
822 1281 911 1338 iurare
933 1299 964 1339 ac
980 1281 1144 1339 sacrificare.
1187 1282 1302 1357 Propter

130 1360 184 1417 hoe
207 1360 297 1434 igitur,
319 1360 434 1430 iratres,
456 1378 512 1418 uon
533 1362 672 1418 laudamus
695 1377 759 1431 eos,
783 1364 829 1437 qni
852 1371 948 1438 sponte
971 1381 1034 1423 sese
1056 1364 1189 1436 ollerunt3
1218 1378 1300 1440 quan·

132 1445 278 1520 doquidem
299 1460 355 1502 nou
377 1445 413 1501 ita
436 1444 518 1501 docet
535 1444 714 1519 Evangelium.

461 1617 492 1676 ll.
535 1619 684 1696 Polyccapi
702 1637 826 1679 secessus
848 1627 873 1678 et
893 1622 972 1679 cisio.

215 1750 383 1826 Polycarpus
405 1759 510 1823 autem,
531 1753 570 1810 vir
590 1755 704 1811 manime
726 1753 909 1825 admirabilis,
931 1755 1061 1830 primum,
1083 1774 1113 1813 re
1135 1754 1225 1813 audita
1246 1772 1301 1813 non

132 1834 266 1902 turbatus,
288 1834 316 1891 in
338 1834 405 1893 urbe
426 1854 588 1911 permanere
610 1837 731 1907 uolebat3
752 1838 876 1912 plerique
900 1846 988 1896 tamen
1003 1839 1026 1896 ei
1048 1845 1251 1914 persuaserunt,
1270 1844 1302 1897 ul

132 1917 282 1975 secederet.
326 1915 359 1973 lit
385 1922 502 1977 secessit
522 1921 548 1977 in
572 1921 673 1990 villam,
700 1939 755 1979 non
784 1920 896 1979 multum
927 1921 960 1979 ab
991 1922 1060 1980 urbe
1089 1923 1226 1990 dissitam
1253 1916 1301 1979 ubi

133 2018 193 2058 cum
215 2001 309 2074 paucis
332 2003 443 2072 mansit,
466 2003 512 2061 diu
535 2014 672 2078 noctuque
694 2006 731 2062 nil
753 2004 826 2062 aliud
848 2023 945 2081 agens,
967 2006 1020 2063 nisi
1041 2005 1114 2080 quod
1137 2011 1228 2062 oraret
1249 2020 1301 2079 pro

132 2084 266 2141 universis
293 2094 320 2141 et
349 2103 400 2158 pro
423 2087 549 2144 omnibus
571 2105 620 2162 por
642 2088 737 2145 orbem
758 2087 899 2160 ccelesiis3
920 2090 994 2162 quod
1017 2089 1068 2163 ipsi
1091 2096 1149 2144 erat
1170 2086 1302 2144 solemne.

131 2166 162 2223 Et
184 2184 243 2224 cnm
257 2176 356 2235 oraret,
372 2169 463 2226 triduo
486 2177 628 2244 antequam
643 2171 930 2245 comprehenderetur,
942 2173 1009 2228 visio
1026 2172 1051 2227 ei
1065 2169 1168 2244 obtigit,
1182 2169 1301 2244 viditque

131 2248 245 2307 cervical
267 2269 344 2307 suum
369 2251 495 2308 incendic
519 2252 700 2326 conflagrans.
744 2253 776 2309 Et
798 2269 948 2311 conversus
973 2254 1007 2310 ad
1029 2253 1119 2309 socios
1140 2251 1301 2326 prophetice

131 2333 414 2408 disrumperemus
437 2335 522 2390 riuum
545 2330 687 2391 comburi.‘

250 2497 292 2555 Vl.
333 2498 507 2575 Polycarpum
527 2517 546 2558 c
567 2499 677 2556 amulo
694 2500 833 2573 proditur.
878 2500 1002 2557 Herodes
1022 2497 1181 2556 irenarcha.

214 2630 379 2688 lustantibus
402 2639 490 2690 autem
512 2632 545 2689 iis
568 2633 614 2706 qui
639 2632 807 2706 quaerebant
828 2649 898 2703 eum,
920 2633 947 2690 in
968 2630 1149 2689 aliamrillam
1163 2631 1300 2706 migravit3

132 2723 159 2773 et
180 2714 270 2771 statim
293 2715 406 2772 aderant
435 2715 629 2791 exploratores.
674 2716 795 2790 Cumque
826 2716 901 2773 illum
930 2731 985 2773 uon
1014 2715 1200 2791 reperissent,
1231 2715 1301 2774 duos

131 2799 253 2856 servulos
276 2799 560 2872 comprehenderunt,
582 2814 699 2873 quorum
721 2800 803 2869 alter,
827 2801 967 2857 tormentis
988 2799 1127 2868 subditus,
1157 2798 1300 2857 confessus

131 2890 181 2939 est
225 2881 396 2957 impossibile
418 2890 508 2940 autem
530 2892 588 2940 erat
608 2882 692 2940 latere
714 2884 812 2959 ipsum,
827 2900 889 2941 cum
903 2884 1061 2959 proditores
1084 2882 1226 2938 domestici
1239 2882 1299 2941 eiua

132 2975 233 3023 essent.
277 2965 424 3023 lrenareba
444 2983 517 3034 vero,
538 2965 580 3023 vel
602 2966 789 3035 cleronomus,
811 2967 884 3041 qued
907 2968 970 3024 item
992 2981 1090 3022 munus
1112 2971 1168 3032 est,
1190 2964 1300 3024 nomine

131 3046 272 3116 llerodes,
293 3050 319 3105 in
343 3050 458 3107 stadium
480 3049 554 3105 illum
577 3050 678 3106 ducere
700 3049 878 3125 properabat,
908 3058 938 3106 ut
961 3050 1006 3106 hic
1028 3056 1130 3105 sortem
1153 3065 1229 3103 snam
1251 3049 1298 3105 im·

131 3129 233 3268 palibret’
255 3131 366 3249 'Christi
393 3150 511 3190 consors
541 3132 642 3202 lactus;
671 3135 827 3207 proditores
857 3141 945 3190 autem
974 3133 1061 3206 ipsius
1087 3131 1167 3187 ludae
1196 3147 1299 3204 poenas

131 3230 144 3268 s
185 3219 260 3269 caut.

354 3363 407 3420 vu.
450 3366 621 3440 Polycarpum
649 3368 908 3441 eperaacutorilcs
928 3366 1076 3423 invenitor.

214 3503 351 3562 Habentes
372 3520 439 3580 ergo
461 3506 621 3581 puerulum,
650 3506 717 3562 leria
740 3515 828 3575 senta,
855 3506 907 3563 sub
929 3507 1023 3563 boram
1046 3522 1164 3575 coenae,
1193 3505 1302 3581 egressi

132 3594 196 3643 suut
218 3597 410 3661 persecutores
438 3597 465 3645 et
494 3589 601 3662 equites
631 3604 692 3645 curu
722 3590 861 3646 consuetis
883 3590 980 3656 armis,
1009 3596 1145 3661 ,uuquam
1168 3589 1301 3647 adversus

129 3807 197 3879 μετ’
222 3806 325 3877 ὀλίγων
347 3805 479 3880 ἀδελφῶν
496 3813 576 3873 virid,
606 3811 696 3882 ἔτριβε
782 3813 809 3872 dl
828 3809 1300 3883 Klqpovo'pcorsnnlmagistratttssorte

128 3875 194 3947 μετ’
214 3875 312 3945 ὀλίγον
329 3881 427 3929 liarocc.
442 3881 540 3943 etprius
559 3883 616 3932 libb.
627 3883 696 3946 impr.
731 3883 810 3932 electi.
843 3881 890 3929 Cot.
922 3880 980 3932 Cum
1008 3883 1062 3932 aliis
1091 3880 1245 3931 Glallicciolli
1275 3887 1299 3930 et

180 3946 206 4008 2)
225 3947 256 3995 lta
282 3945 359 3996 Codd.
392 3945 458 3994 vind.
489 3948 564 3998 Paris.
590 3951 696 4009 barocc,
733 3948 841 3999 Gratiani
868 3943 1049 4016 εἰρηνᾶρχοος
1065 3958 1088 3998 et
1113 3942 1300 4015 κληρονόμους

131 4014 344 4075 κατακαυθῆναι
360 4013 422 4075 vulg.
440 4022 494 4064 ante
514 4015 560 4066 lac.
733 4015 830 4065 eosdem
849 4015 923 4064 luisse
942 4016 1094 4079 magistratus
1112 4020 1205 4078 putant.
1243 4012 1298 4062 llihi

181 4080 238 4144 Cap.
258 4081 293 4130 lll.
331 4082 356 4143 1)
371 4070 424 4131 'Ilv
440 4078 495 4149 γὰρ
574 4079 698 4149 ὑπῆρχον
733 4083 829 4147 quidem
852 4097 919 4132 rocc.
943 4080 958 4133 ὁ
985 4083 1032 4132 καὶ
1056 4074 1239 4148 κληρονόμος,
1266 4077 1298 4130 τὸ

131 4159 158 4195 ex
176 4147 359 4210 interpolatoris
378 4162 449 4198 mauu
468 4165 529 4210 esse,
551 4157 633 4200 censet
641 4148 700 4199 llal·
735 4147 802 4201 αὐτὸ
820 4144 912 4218 ὄνομα
929 4150 1081 4212 glossematis
1108 4147 1215 4210 speciem
1239 4157 1298 4210 praa

132 4214 255 4276 rymplins.
276 4216 325 4264 loc.
734 4233 759 4267 sc
779 4218 842 4266 serre
860 4218 977 4267 videntur.

181 4280 208 4342 l)
225 4281 366 4332 irenarchae
384 4299 469 4334 munus
488 4292 549 4344 erat,
568 4282 699 4332 seditiosos
785 4286 812 4349 l)
827 4286 890 4347 Lege
909 4282 1003 4347 αὑτήν.
1021 4282 1067 4332 lac.

130 4346 238 4396 homines
267 4356 289 4397 et
319 4352 386 4413 pacis
418 4348 530 4414 publicae
565 4348 700 4401 turbatores

130 4413 342 4480 comprobandae.
364 4417 438 4472 dalea.
788 4419 847 4482 Cap.
864 4416 912 4467 tlt
948 4415 975 4480 l)
994 4412 1075 4467 uasta
1092 4414 1133 4480 Ἃ,
1152 4416 1193 4467 dd.
