2886 4882
463 248 655 311 sluulruno
678 247 728 319 111,
752 250 841 307 5—8.
1175 249 1235 311 625

64 400 190 483 άρμόσαι
212 411 272 477 τοῖς
293 409 421 477 λοιποῖς·
442 399 511 477 τούς
532 402 563 465 δέ
584 400 624 484 μὴ
646 401 824 486 άρμόζοντας
845 405 946 484 (λάτριονι
968 407 1081 489 μακρὰν
1103 406 1162 475 ἀπὸ
1182 417 1234 474 τοῦ

62 484 205 571 πύργου”
227 483 296 567 μετά
316 483 433 550 πάντων
454 477 495 549 όν
517 484 661 567 ἐληλύθει.
702 488 745 548 At
763 485 794 548 δὲ
812 488 957 569 παρθένοι
977 486 1073 576 κύκλρι
1095 500 1147 555 τοῦ
1165 492 1234 576 πύρ-

61 596 116 654 γον
138 567 327 648 είστῆκεισαν8
344 576 483 650 τηροῦσαι
504 566 602 634 αύτόν.
644 569 730 654 Λέγω
759 575 800 654 τῷ
825 570 940 648 ποιμένι
970 572 1057 635 πάλιν
1087 567 1177 639 Ούτοι
1206 578 1237 640 σι’

62 656 143 718 λίθοι
166 650 305 717 δύνανται
334 654 375 727 είς
405 649 458 735 τὴν
481 650 639 733 οἰκοδομὴν
659 660 712 717 τοῦ
731 650 845 736 πύργου
867 652 1005 717 άπελθεῑν
1026 653 1235 736 άποδεδοκιμα-

63 737 179 817 σμένοι;
207 737 396 818 Ἀποκριθεές
413 761 462 819 μοι
484 736 556 820 λέγει
579 738 717 819 Βλέπεις,
748 737 840 816 φησί,
869 733 937 810 τούς
965 739 1071 812 λίθους
1096 737 1234 817 τούτους,

63 820 172 897 Βλέπω,
195 823 287 900 φημί,
309 816 346 882 κύ
366 844 398 885 ιε.
436 817 529 902 Ἐγώ,
551 823 640 900 φησί,
662 817 694 885 τὸ
716 826 849 883 πλεῖστον
869 821 956 902 μέρος
976 829 1034 884 τῶν
1055 824 1151 884 λίθων
1171 820 1233 885 τού·

60 929 119 967 των
139 902 292 984 λατομήσω
316 845 365 967 καλ
385 899 491 983 βάλλω
514 905 556 976 είς
575 900 629 984 τὴν
649 903 820 984 οἰκοδομήν,
845 904 895 966 καλ
914 901 1076 983 άρμόσουσι
1092 901 1234 1007 μετὰτῶν

62 993 172 1051 λοιπῶν
193 990 296 1052 λίθων.
340 991 427 1064 Πῶς,
450 989 540 1067 φημί,
570 986 667 1067 κύριε,
690 985 829 1050 δύνανται
850 989 1052 1069 περικοπέντες
1072 1013 1122 1051 τον
1144 982 1235 1050 αὐτόν

60 1069 153 1135 τόπον
181 1077 346 1155 πληρῶσαι,
385 1066 575 1151 Ἀποκριθεὶς
591 1070 665 1153 λέγει
694 1095 744 1150 μοι
772 1067 860 1133 Ὅσοι
890 1072 988 1154 μικροὶ
1015 1066 1233 1154 εύρεθήσονται,

61 1157 103 1229 τίς
124 1156 223 1235 μέσον“
243 1162 295 1235 τῆς
315 1155 474 1234 οἰκοδομῆς
493 1151 704 1234 βληθὴσυνται,
726 1153 792 1217 ὅσοι
815 1152 845 1217 δέ
874 1158 1016 1235 μείζονες,
1046 1154 1177 1238 ἐξότεροι
1192 1179 1234 1218 τε-

60 1235 205 1318 θήσονται
232 1239 281 1303 καὶ
316 1235 563 1340 συγκρατήσουσιν
594 1233 709 1312 αύτούς.
756 1233 854 1300 Ταῦτά
875 1263 925 1318 μοι
945 1237 1071 1320 λαλήσας
1091 1239 1164 1323 λέγει
1185 1264 1234 1319 μοι

52 1319 202 1405 Ἄγωμεν,
230 1322 279 1385 καλ
300 1346 369 1403 μετα
389 1317 499 1402 η’μέρας
520 1319 575 1383 δύο
595 1322 726 1401 ἔλθωμεν
747 1321 797 1382 καλ
818 1325 1022 1403 καθαρίσωμεν
1041 1318 1111 1396 τούς
1130 1325 1235 1397 λίθους

59 1404 197 1484 τούτους,
228 1407 277 1468 καί
305 1404 439 1485 βάλωμεν
467 1399 574 1476 αύτούς
603 1407 645 1477 είς
665 1401 719 1481 τὴν
740 1398 910 1482 οἰκοδομὴν·
931 1399 968 1466 τά
987 1401 1042 1489 γάρ
1064 1402 1160 1490 κύκλιμ
1180 1411 1234 1467 τοῦ

59 1487 174 1572 πύργου
194 1485 290 1551 πάντα
309 1494 532 1569 καθαρισθῆναι
563 1488 622 1561 δεῖ,
651 1483 760 1566 μήποτε
791 1480 809 1546 ό
837 1485 978 1566 δεσπότης
1013 1484 1131 1562 ἐξάπινα
1160 1488 1233 1574 ἔλθη

60 1572 110 1634 καὶ
130 1568 165 1634 τά
185 1567 265 1654 παρά
286 1570 336 1634 τὸν
356 1568 468 1652 πύργον
496 1568 613 1648 ῥυπαρά
632 1567 702 1653 εύρη
725 1568 774 1630 καλ
794 1571 1005 1670 ιτροσογθίση,6
1031 1570 1082 1633 καλ
1101 1561 1184 1633 ούτοι
1204 1572 1236 1633 οί

60 1657 142 1716 λίθοι
163 1652 219 1716 ούκ
240 1650 447 1716 ἀπελεύσονται
468 1653 509 1725 είς
529 1647 583 1730 τὴν
604 1647 762 1732 οἰκοδομὴν
782 1658 836 1714 τοῦ
856 1677 986 1736 πυργου,
1017 1647 1099 1736 κάγιδ
1126 1649 1233 1757 άμελέγς

61 1735 137 1813 δόξω
157 1732 243 1799 εἶναιἵ
264 1731 343 1818 παρὰ
364 1741 415 1797 τοῦ
437 1732 600 1798 δεσπότου.Β
630 1735 690 1796 Καὶ
704 1732 774 1814 μετά
793 1731 902 1818 ἡμέρας
922 1733 977 1799 δύο
997 1731 1140 1817 ἤλθομεν”
1159 1760 1234 1818 προς

60 1815 112 1883 τδν
131 1816 253 1902 πύργον,
276 1819 326 1882 καλ
337 1817 412 1901 λέγει
432 1842 482 1898 μοι
503 1814 735 1923 Κατανοῆσωμεν
748 1816 817 1892 τούς
838 1820 943 1893 λίθους
963 1817 1082 1898 πάντας,
1104 1819 1233 1887 καλίδιτ

60 1926 113 1986 μεν
132 1899 201 2006 τούς
222 1902 402 1984 δυναμένους
421 1904 463 1976 είς
483 1898 536 1985 τὴν
557 1903 717 1983 οίκοδυμην
738 1897 885 1966 άπελθεῖν.
927 1902 1014 1987 Λέγω
1032 1899 1112 1990 αύτῷ
1134 1898 1233 1987 Κύριε,

61 2007 291 2068 κατανοησωμεν.

148 2094 210 2151 νΙΙΙ.
255 2085 313 2147 Ka}
335 2080 487 2167 ίιρξάμενοι
508 2091 624 2167 πρῶτον
644 2080 712 2159 τούς
734 2084 857 2164 μέλανας
885 2093 1084 2166 κατανοοῦμεν
1111 2088 1231 2160 λίθους.

62 2171 111 2234 καλ
134 2165 191 2233 οίοι
212 2169 244 2232 έιι
264 2175 317 2248 τῆς
337 2171 494 2249 οἰκοδομῆς
515 2169 664 2248 ἐτέθησαν,
686 2175 813 2232 τοιοῦτοι
834 2169 884 2230 καί
905 2166 1084 2249 εύρέθησαν·
1105 2171 1155 2232 καλ
1173 2170 1231 2231 έκέ-

62 2261 162 2316 λευσεν
184 2249 290 2324 αύτούς
311 2247 329 2313 ό
349 2249 459 2331 ποιμὴν
481 2252 513 2313 έκ
532 2256 584 2313 τοῦ
605 2248 719 2334 πύργου
741 2257 945 2331 μετενεχθῆναι
966 2253 1016 2313 καὶ
1041 2257 1231 2332 χωρισθῆναι.

67 2332 143 2398 Εἶτα
164 2332 319 2414 κατενόησε
344 2330 413 2404 τοὺς
440 2331 656 2416 έψωριακότας,
682 2335 731 2398 καλ
752 2331 850 2415 λαβὼν
875 2333 1030 2414 έλατόμησε
1057 2330 1182 2408 πολλούς
1203 2334 1232 2409 ίξ

63 2416 174 2497 αύτῶν,
206 2419 256 2480 καλ
283 2416 410 2479 ἐκέλευσε
434 2415 487 2490 τὰς
507 2416 675 2500 παρθένους
704 2409 773 2499 άραι
801 2412 909 2491 αύτούς
929 2419 979 2479 καὶ
996 2421 1095 2498 βαλεῖν
1116 2419 1158 2491 είς
1177 2412 1232 2496 τὴν

62 2497 227 2581 οἰκοδομήν.
271 2500 329 2562 Καὶ
349 2492 426 2583 ἦραν
446 2494 554 2574 αύτούς
575 2501 607 2561 αἱ
625 2501 784 2579 παρθένοι,
817 2502 866 2564 καί
887 2501 1001 2580 έθηκαν
1020 2501 1062 2573 είς
1082 2496 1135 2581 τὴν
1156 2500 1232 2562 ολκο

63 2582 157 2666 δομὴν
175 2589 227 2646 τού
247 2581 361 2668 πύργου
384 2584 492 2665 μέσην.1
538 2581 615 2657 Τυύς
636 2584 667 2647 δέ
688 2580 809 2658 λοιπούς
831 2583 960 2646 έκέλευσε
980 2581 1049 2664 μετά
1070 2588 1128 2646 τῶν
1148 2580 1232 2663 μελά·

62 2693 122 2732 νων
142 2674 283 2747 τεθῆναι·
315 2670 365 2730 καλ
393 2665 449 2751 γάρ
480 2667 529 2731 καλ
550 2658 631 2729 οὗτοι
652 2667 770 2748 μέλανες
792 2664 964 2748 εύρέθησαν.
1008 2661 1083 2728 Είτα
1103 2662 1231 2729 κατενόει

61 2749 131 2825 τούς
151 2749 203 2825 τάς
222 2749 342 2831 σγισμδς
363 2752 492 2832 ἔχοντας·
522 2751 572 2812 καλ
592 2751 626 2813 έκ
649 2749 760 2815 τούτων
780 2746 907 2824 πολλούς
927 2745 1084 2829 έλατόμησε
1102 2749 1151 2811 καλ
1174 2748 1232 2812 έκέ-

62 2844 145 2899 λευσε
164 2831 214 2897 διὰ
232 2840 290 2897 τῶν
310 2835 467 2916 παρθένων
489 2835 530 2908 εἰς
550 2829 604 2913 τὴν
627 2830 786 2914 οἰκοδομὴν
811 2831 1021 2914 άπενεγθῆναι·
1051 2828 1181 2914 έξοίτεροι
1201 2831 1233 2895 δέ

63 2919 215 3000 έτέθησαν,
237 2916 282 2981 ὅτι
302 2916 460 3001 ύγιέστεροι
481 2915 659 2999 εύρίθησαν·
688 2919 719 2981 σί
737 2917 768 2979 δὲ
788 2918 885 2980 λοιποὶ
914 2915 964 2978 διά
984 2910 1017 2978 τδ
1038 2920 1156 2995 πλῆθος
1175 2922 1233 2978 τῶν

63 3000 224 3082 σγισμάτων
245 3000 299 3064 οὐκ
320 3001 516 3083 ἠδυνήθησαν
537 3007 747 3082 λατομηθῆυαι.
791 2999 848 3062 Διά
867 2996 975 3078 ταύτην
995 2990 1051 3062 ούν
1071 2996 1123 3078 τὴν
1138 3000 1232 3061 αἰτίαν

61 3083 275 3165 άπεβλῆθησαν
304 3083 362 3149 άπὸ
389 3093 441 3166 τῆς
468 3087 625 3169 οίκρδομῆς
648 3092 701 3148 τοῦ
729 3081 852 3167 πύργου.
902 3078 977 3144 Εἶτα
1003 3079 1134 3146 κατενόει
1163 3078 1232 3154 τούς

62 3165 219 3248 κολοβούς·
248 3169 298 3230 καὶ
319 3166 483 3250 εύρίθησαν
503 3169 604 3231 πολλοί
627 3167 658 3232 έν
679 3165 779 3241 αύτοῖς
800 3168 934 3247 μέλανες,
966 3164 1042 3238 τινές
1062 3163 1095 3227 δέ
1114 3161 1233 3244 σχιομάς

61 3249 185 3335 μεγάλας
206 3254 410 3330 πεποιηκότες·
429 3254 477 3313 καὶ
499 3251 628 3314 ἐκέλευσε
648 3252 699 3314 καὶ
719 3248 840 3325 τούτους
860 3257 986 3330 τεθῆναι
1005 3243 1146 3329 μετὰτῶν
1161 3245 1231 3311 άπο-
1310 3257 1313 3261 ’
1367 3316 1377 3330 ,

60 3334 257 3417 βεβλημένων·
278 3331 347 3407 τούς
359 3333 390 3396 δέ
400 3333 622 3411 περισσεύοντας
640 3332 737 3396 αὐτῶν
745 3335 910 3415 καθαρίσας
930 3334 979 3396 καλ
995 3328 1159 3411 λατομήσας
1175 3331 1233 3394 έκέ-

60 3426 161 3482 λευσεν
182 3419 223 3491 είς
243 3411 296 3494 τὴν
316 3414 475 3497 οἰκοδομὴν
495 3423 627 3498 τεθῆναι.
671 3418 715 3479 At
733 3417 765 3480 δέ
784 3416 928 3498 παρθένοι
949 3412 1056 3487 αύτούς
1069 3411 1175 3494 άρασαι
1192 3415 1233 3485 είς

61 3503 151 3584 μέσην
164 3499 218 3582 τὴν
231 3497 391 3581 οἰκοδομὴν
407 3505 460 3563 τοῦ
475 3495 588 3583 πύργου
602 3497 748 3581 ἥρμοσαν·
771 3497 971 3578 ἀσθενέστεροι
983 3494 1038 3579 γὰρ
1053 3487 1138 3576 ἦσαν.
1158 3489 1233 3556 Είτιτ

61 3581 189 3649 κατενόει
210 3579 279 3656 τούς
298 3582 412 3666 ἡμίσεις
432 3582 567 3660 λευκούς,
589 3580 702 3664 ἡμίσεις
724 3582 755 3645 δέ
776 3582 915 3664 μέλανας,
937 3578 986 3642 καλ
1007 3579 1107 3641 πολλοί
1128 3576 1158 3654 έξ
1178 3573 1231 3641 αύ-
1280 3603 1283 3611 ·

62 3673 121 3732 τῶν
143 3663 307 3747 εύρέθησαν
328 3668 462 3751 μέλανες·
493 3666 621 3731 έκέλευσε
650 3666 682 3735 δέ
710 3667 760 3729 καί
789 3661 910 3737 τούτους
931 3660 1064 3744 άρθῆναι
1085 3657 1155 3742 μετὰ
1176 3667 1233 3725 τῶν

65 3821 274 3833 ..----.--

115 3904 172 3969 Cap.
191 3903 237 3954 vn.
275 3899 299 3964 1)
318 3902 480 3961 hocssccentu
500 3918 583 3966 apogr.
718 3899 744 3961 6)
764 3899 958 3968 προσοχθίσηι
995 3913 1077 3960 apogr.
1107 3909 1234 3966 προσαχ-

114 3972 141 4034 2)
162 3979 238 4021 textus
258 3984 355 4019 mancus
373 3979 417 4020 σοι.
667 3968 750 4018 θίσω.

77 4109 95 4157 't
116 4040 143 4159 δέ)
158 4053 241 4103 apogr.
252 4032 436 4102 ελστήκεισαν,
454 4052 528 4100 super
546 4035 571 4087 ελ
589 4051 634 4098 ρο·
718 4050 745 4166 ἒ)
764 4045 852 4100 dm
870 4063 953 4113 apogr·
973 4044 1057 4116 ‘W'-

63 4124 110 4157 ⁵¹⁰
144 4144 149 4156 ·
767 4116 800 4165 ιιι
817 4132 830 4164 ιι
850 4130 864 4164 ο
881 4131 900 4164 r.

114 4176 143 4237 4)
161 4167 265 4238 έᾶέέωῑ
282 4172 317 4221 ⁸¹⁰
335 4186 418 4234 ⁸1¹⁰st
720 4118 747 4248 θλ
767 4131 850 4246 ιροςό.
866 4131 997 4252 έλθομεν.

117 4256 143 4315 5)
164 4271 246 4318 apogr.
270 4256 311 4312 ελς
331 4255 423 4324 μέσην
448 4260 562 4316 sequente
588 4253 636 4315 τῆς

65 4319 222 4391 οἰκοδομῆς.
240 4323 304 4372 Infra
325 4337 380 4372 ιετο
400 4320 437 4369 bis
450 4327 487 4369 σοι
497 4319 538 4377 εἰς
545 4320 637 4388 μέσην
721 4318 778 4381 Cap.
798 4317 857 4365 vlu.
900 4316 924 4378 Ι)
949 4314 1040 4383 μέσην
1060 4311 1141 4376 potius
1165 4325 1236 4376 quam

66 4390 117 4456 τῆν
134 4384 293 4457 οἰκοδομήν.
669 4385 758 4456 μέσον
777 4385 802 4433 in
820 4397 902 4446 κροςι.
921 4392 964 4433 σοι

134 4474 227 4523 Ρκτιτι
246 4485 330 4523 ιεοοτ.
886 4495 889 4500 -
997 4469 1029 4517 λθ
