2886 4882
294 257 429 321 nunnus
450 266 587 322 ristun.
631 256 727 322 tisun
750 267 768 323 r.
812 266 899 326 visto
918 267 951 330 n.
972 256 1017 342 to)
1181 256 1243 332 417

77 434 117 487 sic
146 429 298 503 completae
329 438 391 485 sunt
422 430 577 503 iniquitates
606 432 737 505 ipsorum.
780 432 833 488 Sed
862 435 972 508 increpa
1000 436 1043 492 his
1070 436 1243 495 sermonibus

78 513 149 570 filios
172 521 233 567 tuos
256 528 350 568 omnes
372 521 399 567 et
420 529 531 568 uxorem
554 522 640 582 tuam,
664 531 732 586 quae
755 515 850 589 incipit
870 533 951 572 soror
971 525 1016 573 tua
1039 535 1110 586 esso,
1133 528 1160 575 et
1187 536 1242 577 nou

77 596 195 651 abstinet
216 595 320 667 lingna,
343 596 368 648 in
391 613 444 668 qua
467 596 591 668 nequiter
613 597 675 668 agit
717 597 837 653 Audiens
860 599 930 654 enim
951 598 1018 655 haec
1039 600 1120 657 verba
1141 603 1243 671 evadet,

77 688 105 735 ct
126 676 237 733 habebit
258 678 473 733 misericordium
496 686 558 750 post
580 679 656 734 istam
679 678 890 753 increpationem
912 689 984 737 tuam
1012 691 1039 738 et
1068 683 1164 738 horum
1187 701 1243 739 ser·

76 777 195 828 monum,
218 752 298 832 quos¹
333 759 396 814 milri
426 760 560 815 mandavit
581 761 710 816 Dominus
749 770 778 817 nt
809 761 856 817 tibi
884 764 1105 832 manifestentur,
1136 765 1243 837 qnando

77 845 247 899 dimittuntur
269 844 307 896 eis
331 842 420 897 omnin
443 851 560 914 peccata,
583 860 652 916 quae
674 851 736 899 ante
757 854 944 917 peccaverunt
987 845 1019 901 lit
1040 847 1165 902 omnibus
1187 847 1243 918 qui·

78 928 139 981 dem
162 925 284 980 dimissio
307 925 371 991 erit,
402 924 448 996 qui
477 933 658 997 peccaverunt
682 942 768 998 usqne
797 926 822 981 in
845 926 917 983 bunc
941 929 1026 997 diem,
1057 929 1080 984 si
1110 946 1142 985 cx
1171 929 1244 985 omui

78 1008 160 1064 corde
184 1007 375 1081 poenitentiam
397 1008 504 1078 egerint
523 1014 550 1063 ct
569 1008 678 1063 tulerint
700 1009 733 1064 de
757 1008 885 1065 cordibus
906 1012 963 1066 suis
986 1010 1159 1066 dubietatem.
1202 1009 1243 1067 ln·

78 1092 144 1145 ravit
165 1092 236 1147 cuim
260 1089 387 1144 Dominus
409 1106 459 1161 per
480 1090 592 1162 gloriam
615 1107 690 1145 suam
712 1108 796 1165 super
817 1090 919 1149 electos
940 1110 1019 1160 suos,
1041 1094 1139 1166 quodsi
1160 1109 1244 1166 super

77 1181 175 1228 statuta
197 1172 241 1227 die
263 1171 350 1227 adhuc
371 1180 510 1243 peccatum
533 1170 622 1238 luerit,
644 1190 699 1228 non
722 1172 823 1229 habere
845 1191 893 1230 cos
915 1174 1036 1231 salutem.
1076 1176 1244 1231 Poeuitentia

78 1264 166 1310 nutem
190 1257 323 1310 iustorum
346 1253 427 1309 babet
450 1253 540 1309 linem.
585 1254 717 1327 Complcti
739 1264 802 1311 sunt
823 1256 882 1312 dies
902 1258 1086 1330 poenitentiae
1117 1257 1244 1313 omnibus

79 1339 195 1403 sauctis3
224 1353 285 1391 nam
313 1344 340 1391 et
361 1336 486 1408 gentibus
513 1338 678 1410 poenitentia
701 1346 743 1393 est
775 1356 862 1411 nsque
894 1339 927 1395 ad
956 1341 1133 1396 novissimum
1165 1340 1245 1395 diem.

81 1419 128 1475 llic
158 1436 224 1492 crgo
253 1417 391 1492 prioribus
419 1419 567 1487 ccclesiae,
598 1427 627 1475 ut
649 1421 786 1492 corrigant
813 1421 869 1475 vias
891 1439 954 1478 suas
984 1421 1017 1477 ad
1039 1422 1181 1490 iustitiam,
1215 1429 1244 1477 ut

78 1502 209 1575 recipiant
231 1501 337 1575 plenam
357 1502 567 1573 promissionem
590 1518 651 1556 cum
679 1518 775 1575 magua
812 1501 914 1574 gloria,
944 1513 1153 1577 perseveranter
1180 1520 1244 1577 ope·

78 1593 168 1640 rantes
191 1584 328 1640 iustitiam.
372 1581 406 1637 bt
426 1582 517 1638 nolitis
540 1585 566 1639 in
590 1583 752 1656 quibusdam
774 1576 862 1639 dubii'
884 1602 961 1652 esse,
990 1594 1020 1641 ut
1048 1585 1094 1642 liat
1124 1586 1176 1641 iter
1201 1602 1244 1641 ve·

80 1675 165 1723 strum
189 1682 249 1722 cum
273 1664 374 1737 angelis
395 1667 505 1721 sanctis.
547 1666 620 1722 Beati
642 1682 707 1734 vos,
739 1667 784 1738 qui
807 1668 987 1739 perseveratis
1015 1669 1042 1724 in
1064 1667 1246 1736 tribulatione,

79 1766 148 1821 quae
171 1746 328 1821 supervenit
350 1764 460 1819 magna,
488 1756 515 1804 et
542 1750 588 1822 qui
619 1765 674 1804 nou
701 1757 801 1821 negent
829 1750 908 1805 vitam
930 1767 1015 1806 suam.
1057 1750 1155 1806 luravit
1176 1751 1246 1806 enim

79 1831 208 1886 ltominus
231 1846 281 1902 per
301 1828 384 1884 lilium
407 1846 501 1896 snum,
529 1848 578 1887 eos
601 1831 646 1903 qni
669 1840 834 1903 negaverunt
856 1831 996 1889 bominum
1020 1850 1098 1889 suum
1120 1833 1247 1906 despera·

79 1922 127 1977 tos,
145 1911 238 1968 haberi
262 1928 275 1966 a
298 1913 349 1967 vita
371 1929 427 1980 sua,
451 1914 496 1985 qui
518 1905 602 1970 nnno³
624 1914 756 1986 incipiunt
777 1931 877 1986 negare
907 1916 933 1970 in
964 1915 1061 1971 diebus
1088 1915 1245 1989 superveni·

79 1993 196 2051 entibus.
236 1994 300 2049 Nam
324 1994 382 2063 his,
415 1996 459 2068 qui
482 1997 599 2069 primum
622 2004 801 2069 negaverunt,
825 2006 939 2070 propter
960 1997 1070 2054 multam
1091 1997 1245 2054 misericor·

79 2078 148 2132 iliam
171 2094 246 2133 sunm
268 2078 459 2151 propitiabitur
481 2077 562 2137 Deus.

160 2256 251 2329 (n)lll.
273 2261 312 2314 'lu
334 2269 423 2314 autern
445 2275 479 2313 ne
500 2275 604 2313 memor
617 2258 656 2312 sis
670 2259 784 2314 malitiae
800 2257 918 2314 liliorum
932 2267 1048 2326 tuorum,
1072 2252 1133 2316 nec¹
1154 2260 1247 2316 demit·

78 2351 118 2395 tas
131 2359 255 2397 sororem
270 2350 349 2403 tuam,
364 2349 394 2394 ut
407 2346 559 2412 purgentur
573 2357 586 2393 a
603 2337 722 2410 peccatis
733 2340 799 2394 suis.
833 2332 1033 2411 Corripientnr¹
1054 2349 1143 2397 autem
1157 2357 1247 2396 corre-

78 2425 169 2496 ptione
192 2425 268 2489 iusta,
292 2424 314 2477 si
337 2431 365 2476 tu
386 2437 491 2477 memor
513 2437 566 2474 non
594 2419 679 2475 lucris
709 2420 840 2475 malorum
868 2418 992 2488 illorum3
1021 2421 1136 2476 malitiae
1158 2430 1246 2476 autem

76 2507 206 2561 memoria
239 2512 354 2558 mortem
385 2510 515 2576 operatur
547 2509 692 2556 aeternam
723 2502 778 2557 ''l'u
806 2508 894 2556 autem
922 2502 1019 2557 multas
1057 2500 1244 2558 tribulationes

79 2588 195 2643 habuisti
212 2587 338 2659 proprias
361 2593 474 2659 propter
495 2583 740 2656 praevaricationes
764 2583 861 2638 domus
876 2591 944 2652 tuae,
969 2583 1096 2657 quoniam
1119 2600 1173 2638 non
1198 2583 1245 2639 tibi

79 2670 198 2742 pertinet
229 2669 262 2724 de
291 2669 373 2740 ipsis,
402 2667 451 2723 scd
481 2666 638 2738 recogitasti
668 2673 695 2720 et
723 2666 749 2721 in
780 2666 896 2738 negotiis
923 2667 975 2721 tuis
998 2665 1173 2738 nequissimis
1196 2665 1247 2721 cir·

80 2752 158 2806 cuisti
181 2760 208 2807 et
230 2760 255 2807 te
279 2751 422 2811 involvisti.
469 2749 521 2804 Sed
544 2747 690 2803 salvaberis
713 2765 755 2817 eo,
772 2747 845 2821 qnod
860 2765 914 2803 non
929 2747 1068 2804 recessisti
1083 2765 1097 2803 a
1112 2748 1167 2803 beo
1182 2747 1249 2802 vivo.

80 2930 287 2940 ————-

83 3049 257 3095 advenientibus
283 3045 371 3092 dicbus.
413 3041 534 3090 Genuinus
562 3053 647 3088 sensus
733 3038 759 3101 3)
779 3041 897 3089 erudietur
913 3039 963 3088 Vnt.

82 3114 140 3161 lutet
158 3114 180 3160 in
201 3114 250 3160 vat.
286 3111 427 3158 Coniectum
447 3115 529 3156 nostra
551 3115 591 3155 eut
613 3106 648 3154 le·
735 3108 761 3169 4)
779 3108 894 3155 uentorum
913 3108 1006 3155 nrelicie
1025 3108 1075 3155 Vel.

83 3180 161 3227 ctione
174 3179 270 3225 Codicis
282 3177 330 3224 vat.
350 3184 454 3237 recepta,
474 3175 541 3222 deest
552 3173 647 3236 quidem
734 3173 760 3235 5)
779 3176 890 3224 mulorum
911 3173 960 3222 vas.

83 3245 198 3307 apodnsis
216 3245 266 3302 illa,
287 3257 356 3305 qnam
376 3242 489 3289 babemus
508 3242 589 3289 blattlr.
610 3242 648 3297 to,
733 3242 760 3305 b)
778 3243 861 3291 obliuio
883 3244 944 3289 enim
966 3241 1080 3289 mulorum
1101 3242 1173 3289 vitum
1190 3246 1251 3288 eter-

82 3314 123 3361 33.
144 3311 191 3360 Sed
205 3311 250 3359 alia
264 3309 324 3366 heir,
343 3323 413 3370 qnam
425 3308 483 3366 illic,
503 3307 650 3369 exposcitur,
683 3323 737 3356 num
759 3313 905 3371 cooperetur.
943 3308 974 3355 Tu
997 3306 1142 3368 critalant,
1166 3314 1251 3370 postea

84 3395 161 3441 neque
186 3394 214 3425 ea
244 3390 359 3424 caremus.
400 3374 492 3432 Felices
518 3374 649 3436 praedicat,
685 3376 787 3424 debuisti
806 3390 829 3437 p.
850 3376 992 3423 sustinuisti.

85 3447 227 3507 quicumque
246 3443 363 3491 sustinent
380 3456 516 3503 pressurum
534 3454 648 3502 superve-
735 3458 762 3520 7)
780 3460 888 3522 quomam
914 3472 959 3504 mm
984 3458 1095 3518 mmm-p
1119 3457 1150 3504 ap
1173 3462 1194 3503 pe
1222 3457 1251 3504 pe

85 3514 187 3561 trientem
206 3523 314 3571 maguam
339 3516 361 3557 et
382 3508 524 3571 quicumque
542 3521 649 3582 nonne-
684 3526 735 3573 pp,
759 3540 782 3586 p·
810 3526 919 3587 quoniam
945 3524 1014 3578 ,pap
1042 3529 1067 3569 ,α
1089 3523 1119 3570 Μ
1143 3529 1164 3570 pe
1190 3523 1250 3570 „quq

85 3578 191 3638 gaverint
218 3578 287 3625 vitam
314 3590 395 3632 snam;
427 3573 578 3636 despondent
596 3588 610 3620 r.
630 3587 650 3619 e.
684 3594 835 3654 pem-„em
855 3590 982 3651 nepem-su
1002 3589 1051 3635 pap·

87 3645 195 3692 amittunt
212 3644 282 3691 vitam
300 3657 367 3689 snam
386 3641 512 3690 bominum
529 3646 651 3699 negantes,

87 3711 142 3791 qnia
163 3710 232 3790 etiam
245 3709 329 3756 dielvns
349 3707 457 3788 nlluturis
474 3706 537 3754 idom
557 3704 651 3753 larient.
739 3739 796 3801 Cap·
815 3738 842 3787 'L
879 3736 904 3794 lp
923 3751 982 3800 qm
1003 3735 1052 3784 Pal·

88 3775 317 3892 mr'tgnnptybgf'
336 3774 376 3822 ω
565 3860 569 3868 ,
739 3806 765 3867 2)
783 3809 959 3867 perseverantes
985 3809 1106 3866 operames
1128 3805 1252 3851 iustitium.

140 3909 183 3965 20)
202 3908 277 3968 [ogas
296 3905 376 3954 φῆμαι,
393 3907 492 3969 mmm
510 3906 525 3953 q·
540 3922 561 3954 e·
578 3904 656 3954 mm
690 3875 716 3923 te
733 3887 780 3920 non
799 3874 823 3919 in
840 3871 978 3963 qqilvsssdum
996 3871 1080 3919 dubios
1101 3869 1149 3917 Pal.

88 3978 147 4026 Nam
166 3976 205 4038 qni
224 3987 352 4036 numquam
364 3972 539 4033 denegaverint,
559 3971 656 4034 iispro-
740 3951 768 4017 3)
787 3953 895 4014 Legerrm
916 3968 972 4017 quen
990 3956 1037 4001 iam
1055 3967 1122 4000 nunc,

90 4045 153 4091 lecto
179 4042 315 4090 nimia.illa
340 4040 382 4089 liei
415 4039 580 4088 misericordia
609 4052 656 4086 uon
743 4065 853 4130 cmm·
890 4068 915 4126 ¹)
933 4064 1017 4116 apol·
1040 4060 1254 4122 Quamqecfionem

91 4125 152 4172 ⁰9⁰⁵
169 4117 213 4158 ‘st’
692 4135 712 4184 si
731 4135 834 4183 retinere
852 4134 979 4194 malueris,
999 4130 1083 4179 saltem
1103 4126 1254 4178 scribendum

144 4209 200 4271 Cup.
219 4209 258 4258 tlt.
296 4207 320 4269 l)
337 4209 452 4257 melorum
467 4207 517 4255 Vnt.
537 4206 586 4253 lam
599 4217 659 4252 uror
693 4202 735 4251 tibi
754 4201 799 4251 erit
818 4208 839 4250 et
858 4203 964 4251 dimittes
984 4198 1065 4272 sorori
1079 4201 1133 4244 tuoe
1146 4193 1190 4272 (sc.
1202 4208 1254 4272 mo·

93 4276 193 4323 llermae
211 4289 282 4323 soror
302 4276 363 4323 lacta
382 4282 418 4322 cst
437 4273 491 4336 ipsi.
693 4270 841 4332 lignitatem).
856 4263 1027 4318 storacisttt.
1038 4262 1144 4311 tristoo.
1157 4260 1198 4338 llis
1211 4266 1255 4309 trt-

145 4342 171 4402 2)
193 4345 265 4400 sines,
279 4343 320 4389 sed
333 4348 357 4388 nt
371 4342 504 4388 emendetur
512 4339 659 4401 pneqls‘pes,
693 4338 747 4385 buta
758 4338 882 4394 dimittere,
903 4336 961 4383 otios
974 4329 1158 4379 immunitatibus
1169 4339 1257 4376 sunere.

94 4410 136 4457 sed
153 4423 217 4465 eure,
236 4413 261 4455 ut
279 4409 412 4456 emendetur
430 4407 479 4455 Vnt.
743 4404 769 4468 2)
787 4403 940 4464 corripiantur
957 4395 1007 4446 l’al.

162 4490 255 4539 Purus
272 4502 356 4573 aroer.
1016 4477 1047 4528 at
