2886 4882
357 248 558 306 minutulum
579 248 606 306 S.
631 247 828 306 rotumum.
856 247 899 306 lx.
918 249 949 306 X.
969 247 1014 306 xt.
1035 247 1091 307 xit.
1246 242 1308 309 890

138 418 181 475 isti
202 415 329 492 preferre
357 413 462 472 solent:
491 416 560 484 ,iura
580 432 630 490 per
651 414 787 472 fortunam
810 415 948 484 Caesaris,
979 415 1128 488 resipisce,
1156 414 1308 473 conclama:

136 501 201 558 tolle
224 496 341 574 impios.‘
384 496 461 556 Tunc
489 499 657 573 Polycarpus
680 499 753 572 gravi
783 515 817 555 ac
845 515 941 555 severo
963 499 1038 554 vultu
1065 499 1171 556 turbam
1199 512 1307 556 omnem

137 584 341 650 sceleratorum,
364 583 410 656 qui
432 582 460 638 in
483 583 571 639 stadio
594 589 680 651 eraut,
704 581 842 656 gentilium
865 589 1007 651 contuens,
1030 598 1192 655 manumque
1209 582 1236 638 in
1258 598 1307 640 cos

40 727 43 731 ,
139 670 301 742 porrigens,
332 665 468 738 simulque
497 680 608 738 gemens
630 682 663 721 ac
686 665 791 722 eoelum
813 665 965 739 suspiciens
987 664 1067 720 disits
1095 664 1169 730 ,tolle
1190 662 1305 739 impios!

136 749 254 824 Urgente
284 765 348 806 vcro
375 749 542 822 proconsule
572 758 653 822 atque
684 749 806 805 dicente:
835 749 916 816 pura,
939 756 967 805 et
993 748 1097 804 dimitte
1121 755 1162 816 te,
1193 747 1309 805 maledic

138 830 272 901 Christo,‘
294 831 463 906 Polycarpns
486 832 644 905 respondit:
666 833 814 905 ,octoginta
836 840 863 888 et
885 848 932 888 sex
946 832 1008 888 anni
1021 839 1091 899 sunt,
1105 848 1137 887 ea
1149 848 1204 904 que
1220 831 1309 889 servio

137 919 171 985 ei,
194 935 245 973 nee
267 933 310 972 me
332 915 385 970 ulla
407 915 498 971 affecit
521 916 634 983 iniuria,
658 923 685 971 et
706 914 845 989 quomode
867 915 971 989 possim
984 914 1145 971 maledicere
1159 914 1216 988 regi
1238 928 1309 981 meo,

138 1000 184 1072 qui
206 1000 309 1056 salvum
331 1014 374 1055 me
396 995 490 1055 iecitl‘

173 1151 203 1206 ll.
245 1150 417 1221 Polycarpus
438 1164 467 1203 se
490 1148 679 1206 Christianum
696 1149 855 1222 profitetur,
878 1156 902 1205 et
923 1151 956 1206 de
978 1148 1085 1205 Christo
1101 1107 1184 1220 'logni
1204 1147 1271 1204 nult.

222 1264 337 1338 Urgente
359 1280 455 1320 rursus
478 1263 522 1320 illo
546 1271 573 1320 et
596 1263 720 1322 dicente:
758 1266 826 1330 ,iura
853 1281 905 1338 per
933 1264 1066 1321 fortunam
1089 1265 1212 1322 Caesaris
1222 1260 1239 1331 ,‘
1268 1278 1310 1320 re·

139 1348 263 1423 spondit:
284 1348 318 1417 ‚si
333 1364 427 1402 ranam
444 1364 477 1403 ex
498 1363 531 1402 ee
554 1349 664 1420 quaeris
685 1348 808 1422 gloriam,
830 1356 861 1404 ut
880 1365 932 1421 ego
954 1366 1005 1423 per
1022 1348 1145 1404 Caesaris
1166 1347 1310 1414 tartunam,

138 1442 169 1489 ut
189 1440 218 1488 tn
239 1433 287 1500 ais,
307 1432 409 1499 iurem,
442 1430 552 1486 simulas
574 1438 663 1487 autem
686 1432 793 1488 nescire
816 1431 878 1504 quis
900 1433 966 1496 sim,
988 1431 1074 1506 palam
1096 1430 1174 1488 audi:
1197 1429 1310 1487 Christi·

138 1532 206 1571 anus
228 1532 297 1572 sum.
340 1514 369 1570 Si
390 1529 453 1570 vere
477 1514 640 1570 christianae
663 1514 806 1571 doctrinae
828 1516 962 1571 rationem
984 1516 1023 1570 vis
1045 1514 1169 1583 discere,
1195 1513 1228 1570 da
1256 1511 1311 1569 diei

138 1600 254 1673 spatium
276 1606 304 1654 et
324 1593 406 1654 audi‘
448 1596 600 1653 Proconsul
623 1597 701 1654 dixit:
734 1597 879 1672 ,persuade
907 1594 1029 1672 popule.‘
1072 1597 1239 1671 Polycarpus
1268 1610 1310 1653 se·

138 1681 262 1756 spondit:
283 1688 318 1749 ,tc
342 1678 451 1752 quidem
474 1695 601 1737 sermone
623 1680 734 1755 dignum
755 1689 837 1756 puto;
865 1680 956 1738 edocti
979 1681 1050 1738 euim
1072 1696 1182 1750 sumus,
1209 1677 1310 1753 princi·

139 1764 220 1838 pibus
243 1771 272 1820 et
294 1762 482 1837 potestatibus,
504 1781 519 1820 a
540 1763 595 1820 lleo
622 1765 763 1834 ordinatis,
785 1772 868 1839 prout
889 1765 975 1833 decet,
998 1765 1131 1821 honorem
1153 1762 1234 1820 nobis
1255 1776 1311 1819 nou

85 1898 89 1905 .
141 1855 286 1904 nocentem
308 1846 431 1916 delerre;
453 1846 514 1904 illes
535 1863 600 1904 nere
622 1848 749 1923 indignos
772 1857 848 1922 puto,
868 1847 967 1923 quibus
989 1848 1121 1905 rationem
1142 1845 1263 1904 reddam.

229 1997 271 2053 lil.
312 1998 369 2056 Nec
390 1999 554 2065 beatianam,
576 2017 626 2058 nec
646 2002 721 2075 ignis
745 2002 837 2058 minoe
856 2000 1043 2074 Polpcomum
1060 2005 1222 2074 perterrent.

222 2116 255 2171 tt
275 2116 424 2189 proconsul
445 2117 479 2173 ad
502 2117 591 2190 ipsum
614 2116 697 2174 dixit:
720 2115 833 2185 ,bestias
853 2114 960 2185 habe03
989 2117 1032 2172 lais
1055 2123 1081 2173 te
1102 2115 1237 2185 ebiieiam,
1260 2112 1313 2171 nisi

142 2195 324 2254 convertaris‘
368 2197 430 2272 lpse
452 2216 516 2255 vere
539 2200 695 2272 respondit:
723 2216 843 2268 ,arcesse
866 2216 929 2267 eas,
960 2215 1011 2255 nes
1034 2200 1106 2256 enim
1128 2198 1225 2256 mutari
1256 2212 1312 2254 nen

143 2298 289 2353 possumus
312 2282 494 2336 conversione
514 2297 530 2335 a
550 2280 710 2337 melioribus
732 2282 766 2337 ad
788 2281 941 2348 deteriora3
963 2279 1065 2337 bonum
1087 2288 1176 2339 autem
1197 2287 1248 2344 est,
1269 2295 1312 2335 me

141 2364 254 2420 amalis
277 2362 310 2418 ad
333 2363 402 2418 iusta
426 2359 560 2420 transire.‘
602 2362 706 2420 llursus
728 2364 780 2420 iste
809 2363 843 2418 ad
864 2361 1060 2437 Polycarpum:
1082 2359 1312 2436 ,qundoquidem

140 2445 242 2502 bestias
264 2445 389 2518 spernis,
417 2446 473 2519 igni
499 2452 525 2501 tc
553 2444 657 2502 tradam
678 2445 910 2516 consumendum,
942 2445 995 2501 nisi
1024 2445 1184 2503 sententiam
1205 2444 1312 2501 mutes-⁴

141 2528 189 2585 (lui
211 2527 393 2601 Polycarpus:
416 2528 517 2601 ,ignem
538 2527 665 2597 minaris,
689 2529 735 2602 qui
758 2530 793 2586 ad
814 2528 899 2584 herae
921 2528 1038 2602 spatium
1060 2528 1152 2592 ardet,
1175 2543 1206 2585 ae
1228 2525 1309 2600 paule

140 2618 205 2686 post
226 2611 419 2685 exstinguitur3
450 2612 560 2685 ignoras
589 2612 661 2669 enim
683 2610 757 2668 illum
780 2611 863 2668 lutnri
893 2610 987 2668 inadieii
1009 2620 1037 2668 et
1058 2618 1182 2668 aeternae
1204 2622 1310 2684 poenae

141 2696 245 2768 ignem,
273 2694 321 2767 qui
342 2694 432 2803 impiis
454 2701 616 2753 reservatur.
658 2692 757 2754 Verum
779 2696 845 2770 quid
866 2695 1003 2752 morerlsl
1025 2694 1140 2765 Proles,
1170 2692 1314 2769 quodcun-

141 2795 194 2852 que
216 2778 344 2836 volueris.

412 2919 467 2977 llll.
509 2919 681 2994 Polycarpus
703 2921 742 2978 od
762 2936 862 2994 rogem
882 2872 1043 2978 damnatae.

225 3036 297 3093 llaec
318 3053 383 3095 vero
407 3046 487 3111 atque
508 3037 559 3094 alia
580 3036 660 3111 plura
683 3053 744 3094 cum
767 3037 881 3107 diecret,
906 3035 1006 3094 tiducia
1025 3043 1054 3093 et
1073 3036 1172 3111 gaudio
1190 3034 1313 3111 repleba-

144 3129 196 3187 tur,
218 3119 343 3194 illiusque
364 3121 453 3178 vultus
475 3120 572 3196 plenus
593 3122 695 3196 gradem
717 3129 783 3191 erat,
806 3120 886 3191 adeo,
908 3129 1013 3177 utnon
1035 3119 1124 3176 selum
1145 3136 1200 3176 non
1224 3120 1314 3176 conci·

143 3202 232 3269 deret,
254 3204 288 3259 iis
310 3221 379 3277 quae
401 3204 519 3261 adeum
541 3205 613 3262 dicta
634 3212 727 3262 essent
747 3205 873 3274 territus,
902 3203 951 3261 sed
974 3210 1069 3260 contra
1089 3201 1239 3278 proconsul
1261 3210 1316 3261 stet·

142 3293 228 3359 peret,
250 3301 383 3360 suumque
404 3287 524 3345 mitteret
544 3304 709 3362 praeconem
730 3293 773 3346 ter
800 3287 827 3344 iu
850 3288 940 3345 medio
963 3287 1051 3344 stadie
1072 3287 1316 3362 proclamaturums

141 3367 476 3443 ,Polycarpusconlessus
496 3370 747 3440 conchristianum
768 3387 799 3428 se
820 3367 902 3428 esse!
943 3370 1022 3440 Quod
1042 3370 1090 3427 ubi
1111 3370 1317 3445 pronuntiasset

145 3468 255 3524 praeeo,
278 3452 404 3509 universa
423 3453 568 3510 multitudo
590 3453 732 3528 gentilium
754 3470 786 3509 ae
808 3453 986 3523 ludaeorum,
1009 3454 1062 3527 qul·
1078 3452 1220 3529 Smyrnam
1240 3453 1316 3511 ineo·

141 3533 240 3602 lebant,
264 3535 394 3593 effrenata
405 3537 444 3593 ira
457 3544 485 3594 et
500 3553 598 3612 magna
612 3553 679 3594 voce
696 3535 896 3597 conclamabat:
918 3537 972 3606 ,bic
987 3536 1132 3610 impietatis
1147 3544 1190 3594 est
1205 3550 1315 3611 praeee-

143 3623 214 3689 ptor,
235 3626 314 3690 pater
335 3618 559 3690 Christianorum,
581 3620 699 3677 Deorum
715 3627 871 3678 nostrerum
892 3634 1012 3688 eversor,
1035 3619 1082 3693 qui
1104 3618 1204 3676 multos
1227 3619 1315 3688 docet,

144 3714 178 3754 ne
201 3698 370 3767 sacrificent,
392 3719 459 3760 neve
481 3703 554 3761 lleos
576 3700 710 3761 adorent!
752 3702 825 3760 Haec
857 3703 978 3761 dicentes
1002 3701 1153 3760 clamabant
1172 3701 1314 3777 rogabant·

144 3827 352 3837 ——u—-——-

148 3893 187 3943 1t.
206 3885 222 3942 ὃ
231 3887 332 3956 βούλει.
354 3892 414 3943 llale
431 3892 455 3943 in
471 3892 609 3963 libbimpr.
627 3909 713 3967 προσ·
802 3895 860 3959 Cap.
873 3895 910 3946 lll.
941 3894 967 3959 l)
983 3892 1014 3949 ‘0
1032 3891 1112 3964 ἅγιος
1129 3890 1318 3964 Πολὺκιιρπος

147 3961 246 4016 ποιεῖς.
281 3959 349 4022 Apud
367 3960 454 4011 Euseb.
470 3959 715 4035 προσποιούμενος
749 3960 822 4031 λέγει
840 3963 908 4013 vind.

145 4024 259 4093 ἀγνοεῖν
275 4022 355 4084 ὅστις
373 4028 440 4098 εἰμί.
459 4030 507 4081 loe.
799 4030 827 4095 2)
846 4032 886 4081 Se.
903 4038 944 4080 aut
960 4030 1058 4092 bestiae,
1079 4037 1120 4080 aut
1135 4029 1221 4091 ignem.

194 4094 220 4157 2)
239 4094 257 4143 l.
275 4108 296 4143 e.
317 4096 399 4145 audire
418 4103 440 4146 te
458 4101 524 4159 sole,
551 4102 573 4149 si
592 4116 607 4149 e
623 4101 712 4164 popolo

141 4163 294 4223 prolationes
319 4164 430 4227 supplicii
457 4169 548 4228 poteris
580 4168 712 4229 impetrare.
802 4164 861 4231 Gap.
885 4167 934 4216 Xll.
979 4165 1004 4228 1)
1023 4165 1064 4216 Sic
1090 4163 1188 4212 barnee.
1221 4159 1317 4224 Ennia,

146 4227 257 4276 Neandro
276 4229 407 4291 proconsul
422 4232 538 4293 ignatium
555 4246 652 4283 semare
670 4247 715 4282 so·
751 4247 823 4305 snpa
843 4234 944 4292 ebroe
960 4233 1028 4283 vinu.
1046 4231 1121 4281 Paris.

144 4293 217 4342 luisse
236 4295 336 4345 videtur.
364 4298 422 4346 Vide
441 4299 492 4347 eius
510 4298 640 4349 Historiam
652 4300 715 4353 eccl.
804 4250 896 4365 tflro
923 4299 1053 4365 eldepadus
1072 4295 1245 4349 restituendum
1263 4308 1316 4347 esse

144 4360 162 4414 l.
183 4360 204 4410 1.
225 4375 250 4423 p.
270 4361 325 4413 189.
350 4363 378 4412 ll.
395 4365 446 4426 (ed.
464 4365 512 4425 tv.)
743 4365 844 4430 Ἀσίας,
863 4366 1055 4427 Eusebiillullnl
1068 4364 1318 4428 etvesenslueerpre·

195 4426 223 4493 3)
239 4428 289 4480 css.
305 4429 375 4481 lton.
396 4431 434 4495 ta,
454 4432 477 4484 l.
495 4430 519 4483 7.
545 4432 591 4485 tie
609 4434 635 4497 3,
657 4435 680 4487 l.
750 4430 1318 4488 mommorenciacensem.
