2886 4882
291 206 597 281 nmunnrsrnn.
640 188 801 273 inurar
841 151 1149 297 mpura)
1249 213 1312 276 san

131 364 223 441 anm
242 379 324 438 delict
345 372 499 438 clementia⁴
520 381 578 438 eins
600 380 703 455 sperni,
724 381 776 439 sed
797 381 889 454 potins
910 381 938 439 in
960 378 1066 443 deliciis
1086 387 1184 445 vesun
1196 403 1307 464 magna·

130 464 241 527 mdes
261 465 320 522 eius
343 464 535 531 honorificum
556 480 647 537 nsque
670 463 742 520 enim
763 464 823 540 ipse
845 471 974 541 repetens
997 464 1163 526 clementiam
1177 486 1254 531 snam
1278 477 1309 530 u

132 540 197 605 nos⁶
218 555 268 616 ost,
290 546 338 603 sed
360 547 394 603 ad
417 547 557 605 utilitatem
579 554 704 604 vestram.

214 692 253 767 (a)
274 696 387 755 lilllilll.
430 696 503 756 llaec
526 700 625 766 omnia,
648 714 719 771 qnae
741 699 926 772 suprascripta
946 705 1019 767 sunt,
1041 699 1172 759 servanda
1190 703 1307 772 mandat,

132 789 165 839 ut
186 781 238 836 iam
259 781 346 854 agatis
366 781 567 854 poenitentiam.
610 779 667 853 Ego
696 787 790 855 pastor
813 782 922 839 nuntius
950 781 1132 855 poenitentiae
1162 781 1238 841 vebis
1259 782 1308 845 nei

131 863 219 920 servis
242 863 362 932 ostendi,
385 872 412 920 et
432 864 540 923 loeutus
563 880 640 931 snm,
662 871 692 920 et
712 863 789 921 dico:
811 865 835 920 si
857 862 996 922 audieritis
1019 862 1100 921 verba
1122 880 1182 923 mea
1201 872 1229 923 et
1251 882 1308 927 one·

134 945 257 1002 dideritis
279 945 340 1015 illis,
363 945 561 1005 ambulaveritis
584 947 609 1003 in
633 945 685 1002 illis
707 955 734 1003 et
755 946 788 1003 de
802 956 911 1005 caetero
926 946 1100 1005 correxeritis
1122 947 1178 1005 vias
1195 955 1308 1018 vestras,

133 1028 222 1086 nivere
245 1030 378 1102 poteritis.
420 1029 449 1086 Si
472 1037 562 1086 antem
582 1030 786 1102 permanseritis
809 1030 835 1086 in
858 1028 956 1087 malitia
977 1024 1033 1100 [cl]
1062 1027 1228 1089 offensarum
1252 1046 1307 1089 me·

131 1112 228 1179 moria,
249 1111 340 1169 nullus
362 1130 394 1169 ex
415 1112 569 1170 huiusmodi
591 1112 660 1168 nivet
681 1112 744 1181 Deo,
768 1112 831 1187 quia
854 1113 922 1171 lineo
942 1112 1032 1169 omnia
1053 1110 1133 1168 verba
1152 1112 1309 1187 praedicata
1333 1170 1337 1177 ,

131 1200 196 1252 sunt
216 1187 313 1251 vobis.¹
355 1195 387 1252 lit
409 1197 506 1252 iterum
529 1195 593 1252 dixit
616 1195 695 1252 mili:
716 1196 806 1253 omnia
826 1212 868 1253 me
894 1195 1086 1269 interrogandi
1122 1193 1157 1252 Et
1183 1212 1235 1271 ago
1263 1211 1307 1259 ro

131 1277 246 1350 spondi:
275 1278 310 1333 ila
331 1287 381 1347 ast,
405 1279 522 1336 domine.
566 1277 663 1346 Quare,
685 1278 788 1351 inquil,
810 1296 853 1336 me
876 1295 930 1338 nnn
953 1277 1127 1351 interrogasti
1156 1274 1192 1339 ds
1218 1278 1307 1341 dorma

131 1358 251 1433 lapidum
272 1360 389 1430 illorum,
411 1363 457 1435 qui
480 1363 684 1418 instructuram
700 1361 798 1429 ierunt,
820 1378 889 1435 quos
909 1359 1091 1434 mplerimusl
1116 1357 1149 1416 dt
1161 1376 1215 1434 age
1235 1362 1306 1423 diri.-

131 1441 232 1503 oblitus
255 1461 323 1513 sum,
337 1445 456 1502 dominc.
496 1443 573 1507 Audi,
596 1443 692 1514 inquil,
715 1452 742 1499 et
764 1442 797 1500 da
820 1443 881 1500 illis.
925 1441 959 1498 lli
979 1450 1052 1511 sunt.
1072 1442 1119 1516 qni
1140 1459 1214 1503 nuno
1228 1445 1306 1505 audi·

131 1534 211 1583 erunt
239 1528 364 1585 mandata
385 1544 461 1595 mea,
483 1534 511 1583 et
538 1525 657 1581 astutis
686 1526 857 1598 praecordiis
888 1533 1004 1599 egerunt
1030 1525 1233 1599 poenilenliom.
1274 1527 1305 1588 ln

131 1608 197 1664 virlit
218 1610 360 1677 Dominus,
383 1609 578 1683 poenitentiam
600 1623 695 1664 corum
716 1606 813 1665 bonnm
836 1617 864 1664 el
884 1624 979 1682 puram
1001 1623 1079 1675 esse,
1111 1615 1139 1666 et
1167 1625 1252 1682 posse
1277 1610 1305 1668 in

131 1707 164 1746 ea
185 1692 351 1763 poenitentia
375 1709 422 1748 eos
445 1705 615 1764 permanere.
659 1688 741 1745 lussit
763 1692 854 1763 priora
884 1707 978 1747 eorum
1002 1697 1114 1762 peccata
1138 1692 1232 1749 deleri.
1273 1690 1306 1748 nr

131 1773 168 1831 ita
191 1773 278 1830 deleta
301 1782 365 1830 suni
386 1782 415 1831 et
435 1779 560 1847 aequata,
582 1789 615 1828 nc
638 1782 800 1846 apparerent
820 1765 939 1848 postca.²

554 1934 728 2009 [srarnrrnno
751 1935 878 2010 nactus]

214 2052 252 2125 (o)
275 2055 423 2130 Postquam
453 2056 552 2132 scripsi
575 2054 676 2113 librum
698 2056 787 2124 hunc,
810 2057 928 2112 venitin
950 2056 1074 2126 domum,
1097 2057 1125 2112 in
1148 2070 1305 2130 quaeram,

130 2140 242 2194 nuntius
264 2139 327 2208 ille,
349 2141 396 2212 qni
418 2140 566 2196 tradiderat
586 2155 629 2194 mc
650 2141 772 2212 pastori,
794 2147 822 2194 ct
843 2139 914 2196 sedit
934 2155 1018 2215 supra
1038 2139 1137 2197 lectum
1159 2137 1305 2213 quandam,

132 2215 299 2293 adstititque¹
321 2222 345 2277 ei
368 2222 401 2276 ad
412 2223 532 2277 dextram
549 2219 591 2276 ille
606 2229 706 2293 pastor.
750 2219 850 2277 Deinde
872 2223 976 2279 vocarit
995 2238 1046 2290 me,
1069 2229 1097 2279 et
1118 2223 1305 2279 haeemeenm

132 2303 239 2358 lucidus
262 2313 303 2357 cst
319 2303 416 2362 vcrlrn:
440 2304 555 2370 tradidi,
587 2304 689 2375 inquit,
720 2310 745 2359 te
766 2304 930 2377 domumque
952 2313 1025 2361 tuam
1047 2304 1111 2360 hnic
1133 2303 1253 2379 pastori,
1275 2312 1306 2362 ul

132 2384 165 2440 ah
188 2401 220 2439 co
243 2387 349 2458 protegi
375 2388 473 2459 prussis.
515 2385 547 2440 Et
566 2402 617 2457 ego
640 2384 693 2440 dixi
723 2385 763 2441 ci:
793 2386 829 2440 ita
851 2377 958 2454 iacias,¹
987 2386 1103 2443 dominc.
1146 2385 1179 2442 Et
1200 2385 1245 2443 ille
1266 2389 1303 2445 ait

131 2468 214 2524 milri:
238 2469 260 2522 si
281 2469 320 2522 vis
343 2485 410 2541 ergo
432 2469 536 2543 protegi
559 2468 593 2522 ab
615 2468 687 2523 omni
707 2468 846 2523 vexatione
869 2476 896 2524 et
917 2468 950 2524 alr
966 2469 1171 2536 omnismodis,
1194 2485 1303 2526 succes·

131 2566 191 2607 suin
213 2560 301 2606 alitem
325 2551 426 2607 lralnera
448 2552 473 2606 in
496 2552 569 2605 omni
592 2549 664 2605 loono
689 2557 717 2605 ct
738 2551 763 2605 in
785 2552 857 2606 omni
873 2552 970 2608 virtute
983 2553 1111 2619 veritalis,
1133 2553 1159 2606 in
1171 2551 1304 2608 mandatis

130 2634 211 2689 liuius
233 2633 377 2705 ingredere
400 2635 426 2688 in
450 2634 511 2701 illis,
533 2649 602 2706 quae
621 2632 722 2688 iniunri
737 2631 793 2688 tibi.
837 2633 1005 2690 custodienti
1028 2634 1098 2690 enim
1112 2633 1160 2689 libi
1180 2632 1305 2690 mandata

131 2715 213 2772 liuius
249 2715 400 2772 subiectum
432 2718 484 2772 erit
511 2715 559 2771 tibi
588 2729 669 2770 omne
700 2715 865 2771 desiderium
888 2723 916 2771 et
943 2715 1059 2774 dulcedo
1090 2715 1170 2773 huius
1202 2715 1304 2786 seculi3

130 2815 276 2855 successus
296 2814 363 2855 vero
386 2799 475 2855 bonus
496 2800 522 2854 in
544 2797 617 2852 omni
640 2798 750 2871 negotio
773 2807 798 2854 to
822 2807 960 2872 sequetur.
1004 2798 1163 2856 Modestinus
1176 2804 1205 2854 el
1224 2813 1304 2856 rena·

130 2883 264 2938 rationein
285 2882 366 2938 huius
385 2883 499 2949 honora,
521 2889 548 2937 et
570 2878 695 2936 omnibus
717 2880 768 2948 dic,
791 2881 816 2936 in
839 2897 935 2956 magno
958 2882 1063 2938 honora
1087 2889 1114 2938 et
1135 2881 1221 2955 gloria
1241 2897 1304 2939 esse

131 2964 202 3036 apud
225 2964 307 3020 lleum
331 2982 401 3033 erim,
424 2974 452 3021 ct
472 2981 533 3020 euno
555 2978 667 3036 magnae
685 2964 828 3035 potestatis
844 2962 945 3021 habere
961 2963 1105 3021 licentiam.
1146 2963 1303 3037 Peleusque

130 3053 173 3101 esl
195 3047 221 3100 in
244 3054 306 3101 actu
329 3064 394 3114 sun;
424 3065 474 3121 per
496 3056 580 3103 toturn
603 3043 697 3102 orbem
719 3046 780 3101 solo
802 3046 865 3102 lruic
886 3046 984 3104 tradita
1004 3054 1048 3103 est
1067 3053 1187 3120 potestas
1209 3045 1302 3120 poeni·

130 3128 239 3184 tentiae.
281 3129 333 3182 Aul
355 3130 401 3185 tihi
431 3139 526 3203 potens
549 3144 602 3184 non
631 3144 692 3185 esso
721 3129 840 3195 videtur,
871 3131 934 3202 quia
962 3129 1033 3186 lorle
1061 3145 1110 3185 nos
1141 3127 1303 3186 modestiam

129 3208 372 3283 verecundiamque
395 3212 463 3279 eius,
486 3228 565 3285 quam
589 3212 614 3267 in
637 3227 686 3267 nos
707 3210 796 3280 habel,
819 3212 1010 3269 contemnitisl

183 3433 210 3492 8)
228 3437 254 3481 in
275 3448 302 3482 en
321 3433 370 3482 des.
388 3434 439 3481 Vnt.
464 3434 512 3484 Clr.
530 3449 603 3497 supra
623 3451 643 3484 e.
660 3436 697 3485 10.
783 3435 810 3499 ἶ)
828 3438 946 3488 dominura
963 3437 1013 3486 Vnt.

180 3501 237 3550 Sim.
256 3502 281 3550 ll.
320 3503 343 3561 1)
363 3499 517 3550 desideratur
534 3503 559 3549 in
574 3502 622 3551 Vnt.
641 3501 699 3550 ulti·
785 3504 811 3565 8)
830 3504 864 3554 ltu
884 3505 939 3554 dedi
957 3520 983 3553 ex
1001 3504 1062 3559 liat„
1079 3503 1223 3563 sumagante
1244 3499 1302 3548 nnn.

129 3583 181 3618 me
207 3568 374 3617 Similitudinis
393 3566 488 3626 titulus,
520 3568 575 3616 loco
603 3567 698 3630 quidem
734 3571 778 3629 Sc,
795 3585 818 3632 p.
830 3570 944 3621 cotelerii
957 3571 1067 3620 Prienaee
1078 3570 1123 3617 tili
1134 3568 1302 3617 videturesse?

129 3635 275 3697 adponcndo
289 3636 309 3684 ai
326 3635 420 3683 relicto.
733 3637 781 3685 lam
801 3637 863 3686 eninr
888 3638 918 3686 de
935 3645 1055 3699 potestate
1072 3634 1232 3698 poenitentias
1251 3633 1302 3696 agi·

184 3702 211 3759 2)
230 3704 269 3764 qni
289 3717 322 3749 nie
348 3703 475 3750 tradiderat
494 3702 546 3750 daie
564 3702 656 3764 portori
674 3703 700 3749 in
735 3711 779 3762 tur,
800 3719 843 3752 nec
862 3704 891 3752 da
910 3704 997 3753 nuncin
1017 3711 1123 3765 potente.

130 3771 198 3818 dome
220 3770 246 3816 iu
264 3784 309 3830 pan
329 3783 392 3816 erum
411 3776 433 3817 rt
452 3770 556 3817 consedit
575 3782 645 3830 super
663 3769 698 3816 ie·
785 3771 811 3831 ll)
828 3771 990 3818 verecundiam
1009 3770 1059 3821 tat.

130 3842 191 3885 cinni
209 3843 231 3884 rt
250 3837 326 3883 nstitit
344 3837 375 3883 ud
392 3837 545 3885 dexternmis
556 3841 640 3897 poster
651 3848 698 3883 scr.

131 3904 181 3952 Vnt.
198 3902 247 3952 Clr.
266 3902 376 3951 Proocm.
395 3902 472 3951 Marrd.
783 3902 809 3964 4)
828 3901 877 3949 Pul.
896 3901 950 3950 hab.
968 3901 1061 3951 videtur
1077 3902 1204 3950 demntia.

181 3970 208 4033 3)
228 3972 303 4034 inquit
320 3973 413 4033 protcpi
433 3978 523 4033 nansp.
544 3969 593 4017 l'al.
782 3969 809 4031 5)
826 3985 869 4018 coa
885 3968 949 4030 vulg.

182 4037 209 4099 4)
228 4039 252 4085 in
279 4039 398 4087 ntundntr's
424 4040 481 4087 istis
506 4037 626 4100 inprudens
653 4051 696 4099 quc
782 4035 840 4099 Cap.
866 4034 961 4084 xxxid.
1007 4033 1032 4098 1)
1056 4034 1179 4098 predicate
1206 4035 1259 4078 asni
1285 4045 1302 4080 s

133 4106 176 4153 tili
195 4107 282 4154 dederit
303 4106 353 4153 llnl.
731 4105 798 4154 soliis
823 4102 872 4152 nst.

184 4170 212 4234 5)
233 4171 375 4222 Custodients‘
392 4175 453 4221 enim
467 4173 511 4221 lidi
528 4172 638 4219 snortdntu
657 4171 697 4220 laec
781 4171 807 4231 2)
825 4161 1301 4241 PunctopositoscdbiturlipipninPal.

132 4239 237 4287 subiecta
255 4242 298 4289 eril
315 4242 358 4288 lidi
376 4244 451 4289 omnis
471 4240 587 4303 copiditas
607 4246 627 4287 et
644 4239 698 4287 dul-
782 4237 840 4286 Sim.
858 4237 884 4286 ll.
921 4236 945 4297 1)
964 4231 1156 4297 instituerant,
1173 4230 1214 4279 nbi
1225 4236 1303 4279 tamen

133 4306 188 4354 erdo
207 4307 281 4354 seculi
299 4308 368 4356 liuius
387 4309 436 4357 Vnt.
735 4314 786 4354 erat
803 4305 941 4369 adstitilpua
961 4300 1010 4351 Pal.

184 4371 211 4435 6)
230 4370 267 4420 Cl.
285 4372 333 4423 Pal.
786 4372 812 4436 ²)
830 4373 905 4433 sucini
923 4369 973 4419 Pal.
