2886 4882
180 226 242 290 456
360 225 496 285 nundin
516 223 656 285 Patron.
700 223 798 281 tinuit
819 216 859 281 ll.'
895 222 1038 279 danunt.
1060 220 1102 276 Vl.
1123 213 1166 288 (λ)

184 394 315 472 gaudem,
339 401 366 449 st
386 391 572 448 honorificans
585 392 725 448 llotniuum
749 391 774 446 in
796 391 868 447 omni
888 393 1171 463 temporemansncte.
1201 384 1274 442 llaec
1285 385 1358 441 euim

185 467 392 553 acquanimitas⁶
422 473 523 530 habitat
544 491 605 531 cum
626 473 858 541 beuclrdeutibus3
897 490 957 528 narn
987 470 1125 527 iracundia
1154 468 1234 524 stulta
1264 474 1307 523 cst
1328 475 1357 524 ot

185 561 253 618 levis
273 566 300 614 ct
320 557 403 614 fatua.
445 556 483 612 lle
505 556 616 613 stultitia
637 574 702 612 vero
725 558 847 614 nascitur
869 555 1035 620 amaritudo,
1064 545 1104 608 ct⁶
1127 571 1159 608 cx
1180 551 1359 607 amaritudine

185 640 331 708 iracundia,
354 656 385 696 ex
406 639 544 696 iracundia
566 657 629 697 nero
652 640 737 696 luror.
780 640 829 695 llic
849 657 882 696 ex
903 648 943 694 tot
964 636 1040 693 unalis
1073 637 1171 691 creatis
1194 635 1271 690 luror
1293 650 1358 707 ope·

185 715 271 781 ratur*
292 730 435 796 peccatum
456 738 583 796 magnum
611 731 639 779 et
660 723 817 780 insanabile.
861 722 927 777 Cum
957 722 1028 777 enim
1051 717 1230 775 haecomnia
1253 719 1279 772 in
1302 734 1358 772 uno

184 821 247 863 vase
269 811 340 872 sunt,
363 803 409 860 ubi
431 812 457 861 et
479 803 597 878 Spiritus
619 816 729 862 sanctus
752 813 880 869 moratur,
903 821 957 860 non
980 803 1053 877 capit
1075 803 1125 857 lios
1146 819 1208 869 nas,
1240 800 1289 856 scd
1316 817 1359 856 su·

184 879 353 964 pullus?
376 887 502 960 quoniam
525 894 603 945 tener
624 888 736 961 spiritus
759 905 813 944 uon
836 895 927 962 potest
949 903 1009 942 cunr
1021 885 1090 942 uralo
1105 885 1202 958 spiritu
1213 884 1360 950 immorari,

185 969 291 1028 recedit
319 978 347 1026 ct
374 969 476 1026 habitat
503 987 563 1026 cum
587 963 750 1028 mansueto?
792 971 992 1037 Deindc,cu1n
1016 968 1162 1024 recesserit
1184 965 1217 1021 ab
1240 967 1360 1034 homine,

185 1044 238 1111 ἰοιο
260 1067 314 1126 quo
336 1051 482 1122 habitabat,
506 1052 535 1108 tn
556 1055 637 1110 homo
660 1071 760 1110 vacuus
783 1072 797 1110 a
820 1054 923 1128 Spiritu
946 1060 1049 1119 sancto,
1073 1061 1100 1106 ct
1120 1058 1217 1124 postea
1239 1049 1362 1122 repletur

187 1134 329 1211 spiritibus
352 1135 492 1208 malignis,
516 1144 543 1193 ct
562 1136 727 1194 obcaecatur
748 1154 762 1192 a
786 1137 950 1211 cogitatione
973 1136 1049 1191 mala.
1092 1133 1137 1190 Sic
1159 1133 1285 1188 omnibus
1309 1132 1361 1187 ira·

190 1218 286 1277 ciundis
309 1218 447 1291 contingit.
469 1217 575 1275 lleccde
598 1237 664 1292 ergo
687 1228 715 1275 tu
737 1220 770 1276 ab
793 1220 942 1286 iracundia,
966 1227 992 1274 et
1014 1217 1094 1275 indue
1116 1215 1361 1288 animaequitatcm‚

186 1308 216 1358 et
235 1298 333 1356 resiste
362 1298 536 1370 iracundiac3
570 1310 598 1358 ct
625 1303 768 1358 invenieris
799 1319 859 1359 cum
889 1301 1017 1375 pudicitia
1046 1309 1074 1357 ct
1094 1301 1215 1354 castitate
1238 1315 1253 1353 a
1276 1289 1361 1353 ltco.¹¹

186 1381 253 1439 Vide
274 1398 350 1454 ergo,
373 1399 407 1439 uc
429 1382 499 1440 torte
524 1385 645 1458 negligas
668 1386 721 1440 hoc
742 1386 912 1453 mandatum
935 1386 956 1441 si
981 1385 1052 1440 onim
1075 1382 1275 1438 buicrnandato
1297 1378 1362 1435 obc-

190 1464 318 1523 dicutiam
340 1467 517 1540 praestiteris,
540 1459 670 1525 cactcra¹¹
692 1468 816 1525 mandata
838 1484 906 1535 mea,
933 1485 1001 1541 quae
1024 1466 1072 1522 tibi
1092 1466 1266 1521 mandaturus
1289 1480 1360 1530 sum,

187 1549 290 1623 poteris
313 1565 431 1606 servare.
466 1549 601 1606 Confirma
624 1542 713 1623 crgo¹³
736 1568 808 1607 nuuc
831 1560 856 1607 te
879 1551 905 1607 in
921 1551 1052 1607 mandatis
1074 1550 1142 1617 istis,
1165 1548 1277 1605 utvivas
1292 1548 1364 1615 lleo;

189 1636 218 1688 ct
238 1632 392 1705 quicunque
415 1633 581 1690 servaverint
601 1633 669 1690 haec
691 1634 823 1702 mandata,
845 1634 934 1690 vivent
956 1631 1031 1691 llco.‘
1083 1642 1086 1647 '

624 1807 851 1873 MANDATUM
875 1808 922 1872 vt.

228 1930 272 1987 ns
293 1932 477 2003 agnoscendis
498 1932 717 2006 uniuscuiusque
733 1933 851 1989 bominis
873 1933 981 1989 dnobus
1005 1930 1108 1995 Geniis,
1131 1938 1156 1986 et
1175 1930 1320 2000 utriusque

654 2032 891 2104 inspirationibus.

270 2138 313 2215 (a)
330 2144 349 2199 l.
392 2138 639 2220 *,Pracccperam‚‘
662 2146 765 2219 inquit,
787 2147 844 2215 ,tibi
866 2148 893 2203 in
916 2149 1004 2222 primo
1026 2145 1168 2211 mandato,
1189 2148 1219 2198 ut
1241 2140 1362 2197 custodi·

188 2218 244 2283 ras¹
267 2224 348 2283 fidem
370 2235 398 2284 et
418 2227 544 2285 timorem
565 2237 593 2285 et
609 2227 820 2286 continentiam.‘
861 2227 975 2299 ‚Etiarn‘
997 2231 1115 2303 inquam,
1137 2221 1273 2294 ‚domine‘
1318 2222 1362 2289 ,llt

187 2300 281 2366 lint?
308 2311 374 2378 ,sed
402 2326 473 2367 nunc
495 2310 550 2366 'tihi
578 2311 639 2368 volo
662 2322 816 2370 monstrare
839 2313 951 2369 virtutes
973 2314 1071 2369 horum
1093 2309 1297 2374 mandatorum,
1331 2314 1362 2363 ut

87 2401 93 2407 Ι
137 2408 141 2417 ’
185 2413 341 2499 α’μίριμνος
362 2407 445 2496 οὖσα,
469 2414 581 2495 δοξάζει
609 2416 661 2483 τὸν
680 2417 783 2527 κύριον
802 2421 833 2484 ἒν
853 2422 940 2485 παντί
961 2425 1070 2505 καιρῷ,
1092 2414 1183 2499 μηδὲν
1203 2417 1307 2497 ἔχουσα
1328 2414 1360 2476 ἕν

186 2500 275 2589 ἑαυτῆ
305 2498 428 2584 πικρὸν,
457 2503 664 2584 παραμένουσα
692 2506 741 2568 δια
766 2499 876 2578 παντὸς
904 2505 964 2583 [iv]
993 2499 1132 2587 apparituri
1165 2500 1216 2563 καί
1245 2494 1358 2582 ῆσυγίρι.

178 2578 263 2666 sven
285 2575 339 2648 cdv
360 2581 380 2665 ῆ
400 2588 592 2668 μακροθυμία
611 2597 743 2652 κατοικεῖ
759 2585 908 2669 μετὰτῶν
928 2590 1024 2651 πίστιν
1045 2581 1166 2667 ἐχόντων
1187 2578 1357 2662 ὁλόκληρος·

184 2662 259 2746 aidi
277 2665 413 2750 ὀξνγολία
433 2675 549 2749 πρῶτον
569 2667 621 2750 μὲν
642 2673 737 2754 μωρία
757 2671 835 2735 ἐστὶν
861 2672 910 2734 καί
930 2671 1053 2752 ἐλαφρία
1084 2672 1216 2749 φρενῶν,
1246 2660 1307 2728 είτα
1328 2664 1359 2726 ἐκ

184 2755 238 2851 ’ἧς
259 2748 429 2896 ἀφροσύνης
450 2753 557 2834 γίνεται
577 2756 696 2830 πικρία,
721 2755 768 2833 [ἐκ
790 2754 822 2818 δὲ
830 2761 894 2902 ἑῆς
914 2756 1045 2836 πικρίας]
1068 2747 1167 2832 θυμὸς
1175 2798 1190 2852 ,1
1199 2749 1237 2813 ,ἐκ
1256 2746 1288 2812 δὲ
1309 2754 1361 2811 τοῦ

185 2840 287 2913 donov
326 2830 391 2917 ργῆ,
413 2834 446 2896 ἐκ
466 2833 498 2896 δὲ
518 2841 570 2915 τῆς
591 2832 681 2918 ὀργῆς
700 2844 794 2917 μῆνις.

185 2917 393 3000 συνισταμένη,
414 2917 520 3000 γίνεται
546 2914 670 2998 ῶμαρτία
690 2918 797 3002 μεγάλη
824 2922 873 2983 καί
901 2919 1027 2994 ἆνίατος.
1059 2918 1155 2982 Ὅταν
1180 2913 1235 3000 γὰρ
1265 2940 1360 2978 ποντα

185 2995 221 3062 τῶ
241 2996 415 3082 ἇνθρῶπινα
436 3005 526 3063 ταῦτα
547 3001 579 3063 ίν
600 3001 642 3064 bd
664 2999 768 3087 o'apyeips
789 3012 934 3081 κατοικεῖ,
956 3002 1032 3067 ὅπου
1060 3003 1109 3065 καί
1137 2997 1170 3063 τὸ
1191 3005 1306 3078 πνεῦμα
1326 2994 1359 3062 τὸ

78 3160 85 3174 ⁰
185 3079 278 3167 ὅγιον,
301 3081 338 3146 od
359 3090 448 3163 γωρεῖ
458 3083 552 3146 ἐκεῖνο
564 3081 597 3147 τὸ
614 3081 709 3168 ἄγγος,
724 3083 786 3150 ἀλλ’
802 3082 1020 3171 ὖπερπλεονοίζει
1033 3083 1064 3148 τὸ
1078 3079 1224 3165 τρυφερὸν
1234 3087 1358 3162 πνεῦμα,

184 3162 226 3269 μῆ
246 3166 312 3245 ἔχου
332 3165 584 3270 συνγῆθειανμετολ
604 3175 735 3250 πονηροῦ
755 3169 918 3250 πνεύματος
931 3171 979 3233 καί
993 3166 1185 3251 σκληρότητος
1198 3171 1359 3228 κατοικεῖν·

184 3254 333 3327 υπνγωρεῖ
357 3271 413 3310 ουν
438 3244 498 3311 tat
525 3255 578 3312 τοῦ
606 3248 769 3333 ἀνθρώπου
797 3250 919 3328 τούτου,
941 3254 990 3317 καί
1019 3258 1097 3332 ζητεῖ
1123 3255 1267 3313 κατοικεῖν
1287 3243 1359 3328 μετὰ

184 3326 347 3414 πρᾳότητος
367 3330 417 3392 καί
437 3327 565 3412 ῆσυγίας.
602 3329 677 3397 Εἶτα
707 3334 778 3400 ὅταν
805 3334 917 3423 ἇποστῆ
940 3334 1008 3400 ‘int
1033 3341 1086 3399 τοῦ
1114 3329 1292 3438 ἆνθρῶπου,
1323 3320 1361 3394 οὗ

184 3419 320 3516 κατοικεῖ,
342 3411 489 3497 γίνεταιό
517 3412 677 3497 ἄνθρωπος
702 3420 811 3495 ἐκεῖνος
837 3417 922 3494 κενὸς
948 3417 1007 3484 ἀπὸ
1036 3424 1088 3482 τοῦ
1115 3438 1279 3497 πνευματος
1307 3419 1360 3476 τοῦ

185 3497 281 3578 αγίου,
302 3496 350 3559 καί
381 3495 486 3562 λοιπὸν
513 3501 736 3584 πεπληρωμένος
761 3509 819 3566 τῶν
845 3501 1017 3584 πνευμάτων
1043 3509 1100 3565 τῶν
1126 3505 1276 3581 πονηρῶν,
1309 3496 1360 3560 καί

186 3576 253 3652 ὅλος
277 3576 496 3725 ἆποτυρλοῦται
520 3580 578 3646 dni
599 3591 651 3665 τῆς
664 3588 797 3660 διανοίας
809 3593 862 3667 τῆς
875 3585 1010 3672 ἀγαθῆς·
1034 3585 1125 3659 οὕτως
1139 3574 1194 3646 οὖν
1206 3582 1360 3662 συμβαίνει

183 3665 255 3725 πᾶσι
281 3669 343 3735 τοῖς
389 3663 526 3745 ξυγόλοις.
565 3665 688 3750 Ἀπὲγου
718 3660 772 3732 οὖν
800 3667 858 3734 ἀπὸ
884 3677 937 3751 τῆς
968 3668 1117 3751 ὀξυγολίας
1144 3672 1197 3730 τοῦ
1225 3669 1358 3745 πονηροῦ

871 2864 906 2901 τα
925 2835 947 2918 ῆ
959 2844 1046 2918 μῆνις
1058 2836 1091 2900 ἐκ
1103 2853 1250 2898 τοσουτων
1262 2836 1361 2934 κακῶν

235 3832 263 3895 5)
280 3832 437 3908 oninaepaitos
454 3833 506 3881 sine
524 3834 614 3884 λοοῖιοι
629 3836 680 3886 tac
782 3840 946 3898 conmittitur,
969 3854 1016 3888 aon
1040 3838 1117 3900 stituit
1136 3834 1266 3897 colligitur.

234 3899 262 3960 6)
280 3905 300 3947 et
317 3907 387 3947 sicuti
406 3913 442 3962 sq.
460 3915 512 3948 aero
529 3916 576 3952 ona.
594 3904 645 3952 λοι.
839 3905 866 3968 li)
885 3905 1021 3956 Habitatum
1047 3904 1111 3954 vadit
1135 3903 1159 3951 in
1185 3901 1264 3951 οοίιοο
1288 3915 1356 3949 mau-

235 3965 262 4030 l)
280 3967 339 4029 facit
364 3980 387 4028 p.
406 3967 472 4026 [υτον
495 3974 603 4029 operatur
621 3971 684 4031 tac,
711 3972 751 4021 ubi
786 3980 863 4022 sueto.

185 4030 237 4082 des.
257 4040 278 4082 et
296 4039 351 4081 ante
369 4033 511 4082 insanabile.
839 4040 880 4101 to)
899 4054 949 4088 cani
967 4037 1025 4098 vac,
1045 4037 1085 4101 qui
1104 4037 1156 4086 cxh.
1177 4040 1199 4085 et
1215 4041 1300 4098 postea
1317 4048 1356 4082 rs-

234 4099 262 4162 8)
279 4115 326 4148 aon
348 4102 410 4162 capit
433 4100 475 4150 λοι
499 4115 539 4148 sas
564 4104 605 4151 sed
627 4109 751 4167 superfluit
783 4105 1129 4171 pedituraspiritidassnalis.
1148 4100 1357 4160 citauerunt.

184 4163 243 4224 tna,
263 4166 317 4215 dein
335 4168 421 4216 morari
438 4181 462 4230 p.
482 4170 605 4218 iuniorari.
632 4171 750 4233 llasll’al.
840 4174 881 4239 ll)
900 4190 913 4222 ο
932 4187 979 4222 om.
998 4171 1048 4220 Vct.

184 4243 256 4280 ιιιιιιοι
273 4248 314 4282 sas
333 4234 445 4296 bominis)
459 4249 506 4285 noa
528 4235 636 4295 animam,
655 4237 698 4286 sed
712 4246 750 4288 to·
838 4240 878 4303 12)
897 4242 923 4290 Si
942 4255 995 4303 erpo
1013 4241 1066 4289 baio
1085 4237 1196 4287 mandato
1212 4235 1356 4284 dominatio-

184 4298 235 4345 h·
251 4297 371 4350 homiuem
390 4301 523 4364 siguificat,
551 4301 575 4350 id
595 4302 751 4366 quodetiam
784 4321 835 4356 nens
853 4311 928 4370 egeris
948 4315 969 4356 st
988 4312 1064 4356 cetera
1082 4305 1133 4353 llat

69 4296 214 4594 Ἰ
234 4360 312 4414 Hand.
331 4368 383 4418 ll.:
412 4369 493 4420 ίοτυῖν
517 4370 578 4420 eninr
599 4371 664 4419 casis
689 4374 750 4436 qnod
837 4373 951 4438 1³)*erpo
972 4371 1090 4432 om.llat‚
1109 4369 1182 4434 paulo
1202 4375 1260 4432 post
1277 4373 1299 4416 et
1315 4369 1356 4417 ui·
