2886 4882
564 255 650 312 6810
675 257 717 325 111,
741 258 829 314 2-5.
1215 257 1274 317 579

101 436 162 495 ρεχε
183 410 248 489 περί
269 408 499 486 ἀποκαλύψεως·
529 413 562 473 66
565 409 634 517 γάρ
656 410 859 490 ἀποκαλύψεις
879 406 965 476 αῦται
986 416 1065 491 τέλος
1081 418 1208 525 έχουσι,
1225 443 1274 482 πε-

99 498 236 600 πληρωμέ
236 522 285 557 ναι
307 492 367 595 γάρ
383 497 463 557 εἰσιν.
494 491 573 557 Ἀλλ’
597 495 632 558 ού
655 494 753 583 παύση
776 494 944 577 αἰτούμενος
957 495 1208 577 ἀποκαλύψεις·’
1193 528 1273 566 αναι

101 577 155 659 δι’γς
175 606 230 662 γαρ
251 575 285 640 εἷ.
333 575 391 638 Τὸν
412 602 463 657 μεν
484 575 596 661 πύργον
616 577 651 641 δν
671 580 794 684 βλέπεις
806 581 1060 685 οἰκοδομημένρνξ
1081 583 1144 686 ἐγώ
1158 583 1273 667 είμιῇη

98 662 237 742 ’ίΕκκλησ
237 688 265 737 α,
287 657 308 740 ἦ
329 657 459 738 ὀφθεῖσά
480 682 526 724 σοι
548 663 597 724 καὶ
618 669 674 725 νῦν
695 660 794 725 καλ
766 688 799 725 το
822 662 976 746 πρότερον·
999 663 1014 727 δ
1009 657 1144 726 ‘³6³6
1109 691 1163 728 ουν
1180 669 1273 773 θέλης

100 745 229 848 έπερώτα
255 743 320 825 περὶ
347 750 399 805 τοῦ
429 741 552 827 πύργου,
575 748 624 807 καλ
645 743 829 849 ἀποκαλύψω
851 768 912 825 σοι,
944 750 993 811 ἵνα
988 752 1104 850 χμρῆς
1123 747 1193 828 μετὰ
1215 758 1273 813 τῶν

102 825 280 934 ἀγλααΛ
281 829 358 932 έγω
367 825 441 913 αύτῆ
470 832 583 909 Καρία,
613 829 675 891 έπελ
700 829 777 905 ἀπαξ
804 827 886 905 ύξιόν
915 856 949 911 με
964 828 1077 933 ηγήσω
1099 838 1150 893 τοῦ
1178 831 1273 896 πάντα

102 908 308 994 ἀποκαλύψαι,
342 891 545 990 ἀποκάλυψον.
588 909 628 974 Ἡ
654 912 729 976 δὲλ
714 915 787 1017 λέγει
808 939 857 994 μοι
876 911 994 977 Ὃέάν
1027 913 1216 994 66266’
1201 940 1273 1019 6716-

101 997 294 1100 καλαφθιγυαί
323 1014 386 1070 σοι,
395 992 714 1096 ἀποκαλυφθησεται·
744 996 836 1076 μόνον
864 1024 884 1104 η
911 1001 1015 1079 καρδία
1042 1020 1096 1060 σου
1120 995 1201 1103 πρὸς
1221 997 1272 1061 τδν

101 1076 175 1142 θεὸν
202 1076 263 1181 ἤτω
290 1079 339 1140 καὶ
367 1074 406 1157 μὴ
434 1078 616 1185 διψυχιγσγγς,
650 1077 665 1141 6
660 1077 740 1142 έάν
759 1083 849 1226 λ’δγγςί
872 1079 1064 1185 Ἑπηραύτησα
1093 1079 1185 1160 αάτην
1216 1079 1274 1144 Διά

100 1161 174 1224 6‘
157 1188 173 1226 ο
206 1160 317 1244 πύργος
344 1159 393 1238 ἐφ’
424 1159 540 1225 ῦδάτων
561 1147 759 1267 ᾠκοδόμηται,
781 1166 884 1243 κυρίας
918 1162 1010 1228 Εἷπύν
1032 1186 1091 1240 σοι,
1114 1166 1202 1243 φησί,
1224 1166 1274 1227 καλ

101 1244 133 1308 τδ
154 1245 304 1350 πρότερον,
325 1251 512 1351 πανοῦργος
512 1242 540 1308 εί
557 1229 672 1352 περὶ
643 1273 693 1321 τας
713 1248 850 1352 γραφρίςῆ
872 1250 921 1311 καλ
940 1247 1101 1327 ἒκζηιησεις
1120 1246 1273 1351 ἐπιμελῶς·

101 1331 238 1430 ἐκζητῶν
254 1321 309 1390 οὖν
330 1324 462 1432 εύρήσεις
481 1355 535 1409 την
556 1327 767 1487 ἀλιγθειανὶ
750 1328 809 1392 Διά
830 1324 914 1392 τί
878 1356 933 1394 ουν
955 1330 1002 1410 ἐφ’
1028 1329 1144 1393 ὑδάτων
1165 1328 1274 1394 ὥκοδύ-

101 1439 188 1493 μηται
221 1409 238 1474 6
270 1408 395 1495 πύργος,
425 1409 568 1478 ἀκουσον
598 1438 643 1475 οτι
671 1439 690 1514 ιγ
714 1411 771 1493 ζωη
793 1410 886 1492 ῦμῦν“
910 1412 949 1475 δι’
972 1413 1080 1485 ῦδατος
1102 1396 1203 1513 ἐσώθη
1224 1414 1274 1477 καλ

101 1494 272 1598 σωθήσεται.
320 1498 530 1599 Τεθεμελίωται
558 1492 628 1557 δὲ’
611 1521 627 1558 ο
648 1520 707 1575 πυρ
726 1520 760 1569 ος
778 1503 818 1557 τῶ
839 1493 946 1575 ῥήματι
967 1503 1019 1560 τοῦ
1040 1493 1274 1596 παντοκράτορος

100 1581 150 1642 καί
177 1575 341 1654 ἕνδόξου’
326 1577 482 1661 ονόματος,
516 1586 659 1660 κρατεῖται
687 1522 805 1640 δέ
740 1575 799 1640 ύπὸ
829 1584 881 1658 τῆς
902 1576 1028 1660 ἀοράτου
1050 1575 1202 1659 δυνάμεως
1221 1585 1273 1643 τοῦ

95 1661 253 1738 §Q

186 1842 226 1898 111.
263 1830 452 1916 Ἀποκριθεὶς
483 1832 515 1895 δέ
547 1829 680 1916 λέγω’
645 1839 720 1920 αυτῇ
752 1831 899 1917 Μεγύλως
929 1835 977 1897 καλ
1006 1842 1186 1917 θαυμαστῶς
1216 1837 1271 1917 ἔχει

102 1915 134 1980 τὸ
165 1923 282 2020 πρᾶγμα
310 1917 490 1980 τοῦτο.οἶ
518 1915 549 1978 δέ
576 1919 722 1980 νεανίσκοι
748 1918 778 1979 οἱ
802 1920 836 1993 ’ἐξ
863 1923 893 1996 [ο
895 1919 933 1996 ίΓ
955 1921 1177 2000 οἰκοδομοῦντες
1197 1923 1272 1994 τίνες

101 2003 194 2078 εἰσίνς
235 1999 274 2061 Ἡ
298 1999 330 2063 δέ
359 2001 417 2107 ἔφη
449 1993 588 2065 ούτοί’
561 2023 633 2064 ειοιν
661 2002 692 2063 οί
693 1999 796 2102 6761
827 1998 940 2105 ἀγγελοι
961 2010 1013 2066 τοῦ
1034 2011 1120 2081 θεοῦ,
1143 2006 1173 2066 οί
1192 2010 1269 2108 πρῶ

101 2110 145 2149 τοι
164 2085 343 2161 κτισθέντες,
373 2080 418 2158 οἷς
438 2080 644 2192 παρέδωκεμ
626 2109 642 2146 ο
664 2081 765 2187 κύριος
785 2090 882 2149 πᾶσαν
903 2082 956 2165 τὴν
976 2090 1070 2150 κτίσιν
1092 2085 1198 2162 αὐτοῦ,
1219 2085 1271 2150 αύ-

101 2175 160 2245 ξειν
180 2169 228 2232 καί
250 2170 416 2246 οἰκοδομεῖν
436 2169 485 2230 καὶ
506 2164 654 2242 δεσπόζειν
673 2173 726 2247 τῆς
746 2169 863 2242 κτισεως
883 2166 993 2248 πάσης·
1016 2168 1066 2233 διά
1086 2168 1195 2232 τούτων
1216 2163 1270 2233 οὖν

101 2249 302 2356 τελεσθήσεται
333 2248 353 2329 ἡ
380 2247 521 2330 οίκοδομη
543 2256 595 2313 τοῦ
616 2248 752 2355 πύργου.
783 2252 823 2313 06
842 2250 872 2313 δέ
894 2251 1038 2331 λιεροι
1006 2277 1032 2314 οι
1056 2254 1273 2355 παραφέροντες

100 2333 169 2409 τοῦς
197 2338 303 2408 λίθους
331 2336 406 2408 τίνες
434 2336 504 2414 6'663
549 2335 608 2395 Καὶ
629 2331 752 2397 αύτολ“
734 2358 811 2415 αγιοι
832 2332 946 2437 ἀγγελοι
967 2342 1019 2398 τοῦ
1052 2341 1144 2398 θεοῦ·
1188 2326 1271 2397 οὗτοι

102 2419 133 2481 δὲ
162 2420 192 2482 οί
215 2421 248 2493 ἓξ
276 2414 538 2563 ύπερέγοντες
489 2413 587 2480 αύτοῦν
614 2419 677 2482 εἰσί.
719 2416 984 2520 Συγτελεσθησεται
1014 2408 1108 2497 ούνη
1100 2415 1272 2497 οἰκοδομη

101 2508 154 2565 τοῦ
163 2499 306 2606 πύργου,
322 2527 360 2564 κα
394 2525 499 2574 παντες
520 2497 596 2580 ὁμοῦ
618 2498 880 2605 εῦφρανθιγσονται
898 2498 1020 2604 κύκλῳ
1014 2508 1067 2564 τοῦ
1089 2498 1203 2607 πύργου
1224 2502 1273 2562 καλ

101 2581 306 2660 δοξάσουσι
279 2609 329 2650 ιον
349 2583 440 2662 θεόν,
473 2582 517 2647 ὅτι
547 2583 621 2647 έτελέ
621 2592 681 2664 σθη
704 2610 723 2664 ιγ
715 2580 883 2666 οἰκοδομὴ
906 2591 957 2648 τοῦ
978 2583 1101 2688 πύργου.
1140 2582 1272 2687 Ἐπηρρί-

100 2690 173 2750 τησα
200 2665 302 2774 αῦτιγν
318 2668 408 2752 λέγων
436 2670 555 2769 Καρία,
574 2665 686 2748 ἤθελον
713 2674 822 2776 γνῶναι
850 2675 908 2731 τῶν
928 2666 1072 2732 λίθων
1042 2693 1096 2747 αγν
1127 2663 1272 2746 διαφορὰν

100 2753 150 2817 καί
179 2778 233 2833 την
265 2749 407 2861 δύναμιν,
439 2748 555 2831 ποταπή
584 2753 668 2815 ἐστιν.
719 2749 926 2854 Αποκριθεῖσά
953 2777 1003 2832 μοι
1018 2752 1107 2852 λέγει
1138 2747 1244 2851 ούγ”
1227 2774 1272 2812 οτι

101 2834 137 2900 σύ
158 2834 275 2901 πάντων
296 2834 449 2914 ἀξιώτερος
469 2831 529 2897 εἷ“
515 2860 563 2897 ινα
584 2855 630 2897 σοι
651 2831 868 2922 ἀποκαλυφθῇ·
889 2832 969 2898 ἀλλοι
990 2832 1043 2918 γάρ
1066 2856 1119 2898 σου
1138 2832 1273 2940 πρότεροί

101 2922 154 2983 εἰσι
182 2921 231 2984 καί
261 2923 457 3023 βελτίους,ο
442 2913 487 2993 οἷς
508 2919 564 2982 ἔδει
586 2915 838 2998 ἀποκαλυφθῆναι
858 2915 894 2982 τά
916 2915 1046 2999 ὅράματα
1067 2925 1172 2981 ταῦτα·
1204 2914 1268 2980 ἀλλ’

100 3006 150 3066 ἵνα
171 3008 221 3070 δοξ
207 3009 315 3107 ξασθῇ
323 3001 355 3068 τὸ
377 3000 470 3083 ὄνομα
490 3008 543 3065 τοῦ
564 3008 655 3078 θεοῦ,
679 3002 725 3064 σολ
747 2999 958 3082 ἀπεκαλύφθη,
981 3003 1030 3065 καὶ
1058 3002 1099 3064 έτι
1128 2998 1271 3063 ἀποκαλυ·

101 3085 249 3165 φθιγσεται
270 3084 319 3150 διὰ
348 3084 417 3161 τοῦς
446 3083 604 3168 διψύχους,
634 3081 701 3158 τούς
730 3086 978 3168 διαλογιζομένους
1007 3085 1038 3148 έν
1057 3092 1119 3158 ταῖς
1138 3085 1273 3163 καρδίαις

102 3167 199 3232 αὐτῶν
228 3166 299 3230 εἶ’
281 3168 352 3312 αραὲ
381 3171 459 3233 ἔσται
485 3176 575 3233 ταῦτα
609 3195 628 3249 ιγ
660 3166 714 3232 ούκ
740 3169 826 3234 ἔσται.
874 3169 950 3232 Λέε
977 3167 1077 3243 αῦτοῖς
1105 3167 1151 3230 ὅτι
1183 3172 1273 3230 ταῦτα

101 3249 195 3315 πάντα
217 3249 317 3356 ἀληθῆ
338 3251 413 3325 έστί,
435 3253 485 3314 καλ
505 3250 593 3315 ούδέν
613 3253 690 3314 ἔστιν
709 3252 874 3327 ἔξωθεν
838 3278 891 3334 της
912 3256 1065 3335 ἀληθείας·
1087 3247 1159 3314 ἀλλά
1179 3256 1270 3313 ταῦτα

102 3332 203 3418 ἰσχυρὰ
224 3358 274 3398 και
263 3333 397 3414 βέβαια
417 3334 466 3396 καὶ
487 3335 715 3415 τεθεμελιωμίνα
736 3336 821 3399 ἐστίν.

187 3511 216 3567 V
251 3497 361 3564 ’Ἀκουε
392 3490 447 3563 οῦν
474 3499 539 3582 περί
560 3505 654 3562 τῦνλ
639 3502 733 3563 λίθων
754 3508 813 3564 τῶν
835 3496 1005 3581 ύπαγόντων
1025 3494 1117 3569 εἰς
1087 3520 1140 3576 την
1159 3497 1271 3558 οἰκοδο-

103 3614 169 3688 μην.
211 3587 250 3649 06
274 3609 326 3665 μεν
357 3585 439 3647 λίθοι
463 3584 495 3646 οἱ
512 3578 701 3689 τετράγωνοι
705 3584 755 3646 καὶ
775 3584 873 3646 λευκοὶ
894 3580 943 3642 καὶ
964 3584 1190 3659 συμφωνοῦντες
1209 3586 1273 3652 ταῖς

102 3669 242 3751 ἀρμογαῖς
270 3666 382 3742 αὐτῶν,
412 3659 496 3730 ούτοί
525 3668 598 3731 εἰσιν
628 3668 660 3730 οἱ
686 3664 841 3770 ἀπόστρλοι
867 3687 917 3725 και
943 3662 1096 3726 ἐπίσκοποι
1123 3660 1272 3724 6166-

103 3760 222 3826 σκαλοι,
251 3752 282 3813 οἱ
308 3751 502 3833 πορευθέντες
531 3746 604 3814 κατά
625 3775 679 3834 την
699 3747 811 3829 σεμνὴν
833 3747 1031 3810 διδασκαλίανι
1053 3751 1105 3810 τοῦ
1126 3749 1202 3807 θεοῦ
1223 3742 1273 3805 καλ

104 3916 179 3923 —...
185 3912 312 3920 .-—--—-

154 4006 180 4066 41
200 3999 432 4080 ολκοδομιγμένμντ
454 4005 489 4053 sic
507 4019 591 4069 ιηιοςι
756 3996 816 4063 1)'
804 4001 899 4068 υμιῦντ
918 4015 1001 4065 αροςτ.
1020 3997 1107 4066 ημιῦι.

155 4074 180 4132 51
200 4068 357 4149 ἓνδέχεταιτ
377 4069 412 4118 sic
430 4087 513 4148 αμορτ
538 4068 672 4133 Subsequi·
759 4100 816 4165 Cap·
834 4101 870 4151 γρ
907 4101 931 4159 η
950 4100 1001 4162 [ογ]
1021 4096 1114 4146 dm„
1107 4111 1131 4144 m
1149 4109 1232 4159 γρορ,

104 4131 376 4204 ιιιιαποκαλυηθησιγ
389 4149 441 4197 σοι
453 4153 521 4186 emus
533 4137 671 4198 locorepo·
757 4169 783 4225 ,γ
803 4184 886 4232 apogr
904 4161 971 4235 ἄρα
997 4181 1024 4214 ,ρ
1044 4178 1121 4226 eoque
1140 4169 1272 4211 correctum

104 4208 193 4255 suimus
212 4205 345 4286 -ηθῆναί
361 4215 412 4253 σοι.
706 4231 822 4307 61606.

154 4277 179 4334 61
201 4287 246 4322 πε
239 4272 265 4320 ιλ
284 4269 334 4328 τὰς
356 4268 481 4339 γραρὰςτ
512 4270 543 4318 ita
571 4285 672 4349 61616111

104 4357 196 4403 τιμογτ,
214 4339 279 4403 quod
298 4355 328 4388 ne
341 4339 459 4399 ederetur
479 4339 537 4389 Sim.
549 4336 673 4420 rescripsit
758 4337 861 4400 CapmV
899 4335 923 4399 1)
942 4328 1048 4410 σεμνην
1073 4326 1273 4411 6636616:

105 4424 182 4472 nuper
201 4408 263 4480 περὶ
284 4422 335 4470 την
352 4376 464 4460 ἔνιοιαύ
490 4407 539 4456 τοῦ
557 4400 672 4473 πύργου.
708 4405 739 4454 ita
759 4418 851 4466 ιριιςτ,
869 4416 956 4465 nuptas
958 4398 1036 4460 ιιίριο
1057 4394 1157 4461 στενὴν
1173 4389 1249 4446 ὁδόι.

1017 4481 1070 4531 ³1·
