2886 4882
341 241 468 303 tetam
490 243 654 303 nttsaotu
674 246 716 304 ab
738 246 983 307 mantuanos.
1012 248 1059 308 ttt
1076 249 1120 309 ll.
1248 250 1309 313 245

135 430 197 488 ego.
239 409 369 470 Salommt
399 427 510 486 quoque
539 419 567 470 et
588 411 673 470 losias
700 413 727 468 in
758 412 895 470 inventute
924 412 1031 473 miribel
1060 422 1089 473 ct
1118 418 1255 492 sapientes
1282 420 1310 476 in

135 495 268 572 operibns
298 496 356 552 suis
390 503 584 571 apparuerunt
629 496 756 552 Salomon
786 495 894 570 quidem
929 498 1091 557 duodecimo
1121 502 1216 559 astaus
1244 518 1309 560 suae

135 572 227 637 anno¹¹
245 596 362 654 regnare
378 579 522 654 incipiens,
537 579 647 635 andnam
662 588 689 636 et
704 573 988 653 ininterpretabilem¹'
1010 582 1153 640 mulierum
1176 602 1227 658 pro
1247 601 1308 660 par·

135 664 203 720 rnlis
225 664 414 738 quaestionem
437 661 551 719 terribili
574 663 675 719 iudicio
699 661 830 719 dissolvit.
874 656 982 720 losias¹⁸
1003 681 1068 722 vero
1090 674 1153 723 octo
1176 684 1308 726 annorum

135 749 263 816 existam,
286 762 347 803 aras
369 753 397 802 et
417 753 592 803 monumenta
613 745 773 802 subvertere
796 745 895 821 coepit,
918 746 998 804 lucos
1020 749 1147 806 excidere
1168 758 1197 808 et
1206 750 1309 827 ⁸templa

135 830 269 898 deiicere,
301 846 370 903 quae
392 847 447 886 non
469 829 539 893 beo.
569 829 618 885 sed
649 827 827 885 daemonibus
854 830 964 886 lucrant
986 839 1152 888 consecrata.
1193 831 1259 890 Nam
1281 841 1310 891 et

135 912 423 988 pseudo-sacerdotes
438 911 584 979 interfecit,
607 920 637 968 ut
652 919 829 986 corruptores
852 921 880 969 et
901 913 1062 972 seductores
1083 914 1230 984 bominum,
1252 932 1307 974 nou

135 995 280 1066 divinitati,
309 993 359 1051 sed
381 994 490 1052 diabolo
513 995 672 1053 servientes.
716 995 833 1068 Propter
854 995 929 1070 qnod
951 1014 1007 1053 non
1028 1006 1070 1054 est
1090 1000 1306 1072 contempnenda

134 1080 269 1148 inventus,
292 1095 353 1134 eum
373 1078 428 1135 lleo
442 1078 601 1144 adiaeuerit
623 1077 672 1135 sed
685 1076 729 1134 illa
743 1086 830 1144 aetas,
845 1096 915 1153 qnae
930 1080 1079 1138 sententiae
1094 1089 1184 1150 nocet,
1205 1074 1307 1138 etiam¹⁴

134 1163 158 1220 si
178 1162 327 1219 inveterata
346 1160 428 1218 luerit
449 1162 554 1217 diarum
575 1161 717 1218 malornm.
762 1161 866 1219 lureuis
887 1163 939 1220 init
951 1171 979 1219 et
995 1157 1205 1222 Cbristolerus¹⁵
1218 1165 1307 1224 'limo-

135 1245 228 1302 tbens:
249 1245 298 1301 sed
320 1244 418 1313 audita,
441 1244 530 1319 qualia
551 1246 577 1302 ei
599 1244 711 1318 scripsit
730 1245 866 1318 magister.
908 1246 1001 1316 Nemo,
1021 1249 1117 1322 iuquit,
1141 1250 1305 1307 iuventutem

106 1359 111 1371 ·
135 1336 205 1385 mam
228 1335 418 1402 contempnat:
441 1328 491 1384 sed
512 1328 598 1384 forma
620 1335 680 1383 esto
703 1327 824 1384 lidelinm
855 1329 882 1385 in
903 1328 1001 1398 verbo,
1031 1331 1058 1386 in
1089 1333 1305 1389 conversatione.

133 1411 249 1484 llignum
277 1419 320 1468 est
347 1428 414 1484 ergo
437 1427 484 1467 vos
507 1410 620 1467 obedire
643 1409 778 1485 Episcopo
802 1419 908 1479 vestro,
936 1421 963 1468 et
988 1413 1015 1469 in
1044 1413 1117 1471 nullo
1146 1416 1170 1471 ei
1200 1421 1305 1471 contra·

133 1495 233 1552 dcere
276 1493 409 1551 Terribile
439 1503 481 1551 εει
507 1495 579 1551 enim
600 1493 646 1549 tali
674 1494 868 1550 contradicere,
910 1494 970 1550 Non
1000 1496 1072 1552 enim
1102 1497 1184 1553 istum
1214 1495 1305 1552 visibi-

133 1577 183 1634 lem
205 1577 268 1652 quis
291 1577 408 1651 spernit;
437 1577 486 1633 sed
508 1568 606 1633 illum¹⁶
627 1576 790 1632 invisibilem
813 1578 839 1632 in
861 1593 893 1632 eo
915 1579 1090 1650 contempnit,
1112 1580 1158 1650 qni
1179 1594 1235 1635 nou
1257 1595 1305 1653 po·

133 1668 187 1718 test
205 1659 240 1717 ab
263 1659 354 1735 aliquo
377 1662 541 1734 contempni.
585 1659 634 1715 Hic
655 1668 744 1715 antem
765 1676 820 1715 non
843 1658 876 1715 ab
898 1659 1015 1725 bomine,
1037 1660 1123 1716 seda
1146 1661 1200 1718 lteo
1223 1659 1305 1719 babet

133 1744 339 1817 promotionem,
383 1743 452 1800 Dicit
478 1744 549 1799 euim
572 1742 643 1798 [lens
661 1733 800 1798 Samueli¹'
823 1742 855 1798 de
876 1742 1117 1817 comtemptoribns
1137 1744 1214 1800 cius:
1244 1743 1303 1802 Non

133 1835 158 1883 te
180 1835 350 1932 spreverunt,
372 1827 421 1883 sed
443 1844 495 1882 nte.
537 1826 601 1882 Nam
625 1834 652 1881 ει
672 1824 780 1898 Moyses
803 1825 904 1899 populo
926 1827 1056 1883 adversus
1079 1841 1110 1883 sc
1123 1827 1303 1886 murmuranti

132 1909 168 1967 ait
175 1902 193 1964 :¹
225 1909 285 1967 Non
301 1911 372 1966 enim
386 1910 516 1966 adversus
534 1927 583 1965 nos
599 1909 797 1976 murmurastis,
812 1900 883 1964 sed¹⁹
898 1911 1029 1967 adversus
1047 1909 1189 1968 llominum
1204 1911 1300 1969 lleum.

132 1991 215 2050 llemo
237 1993 310 2049 enim
332 1993 433 2049 inultus
464 1993 606 2059 remansit,
635 1992 681 2065 qui
711 2008 740 2047 se
767 1999 861 2048 contra
884 1994 1004 2066 potiores
1033 1993 1137 2049 extulit.
1178 1992 1300 2068 benique

132 2076 159 2131 ia
179 2075 256 2150 lage,
279 2067 407 2131 llatban²⁰
429 2084 457 2132 et
477 2066 603 2132 bbiron²¹
625 2075 710 2149 lloysi
735 2075 910 2144 resistentes,
932 2077 983 2132 vivi
1005 2075 1039 2132 ad
1059 2076 1162 2132 iuleros
1183 2077 1302 2152 depositi

132 2165 202 2214 sunt
245 2157 349 2215 Sedet
371 2159 459 2214 Chore
482 2166 510 2214 et
532 2158 577 2230 qni
600 2158 825 2230 conspiraverunt
846 2175 907 2214 cum
936 2176 969 2216 eo
992 2158 1122 2215 adversus
1144 2160 1233 2217 Aaron
1255 2161 1302 2217 du·

132 2242 203 2298 senti
226 2232 469 2316 quinquaginta,¹¹
497 2242 560 2314 igne
589 2241 723 2297 consumti
745 2248 817 2296 sunt.
860 2241 979 2298 absalon
1010 2231 1135 2310 etiam,²⁸
1166 2243 1303 2315 parricida

131 2325 258 2393 existens,
282 2325 372 2380 divino
394 2324 494 2381 iudicio
515 2323 606 2379 arbori
627 2340 764 2398 appensus
786 2331 842 2390 est;
864 2324 913 2379 sed
936 2330 964 2379 et
983 2339 1033 2378 cor
1054 2324 1124 2390 eius,
1146 2323 1220 2395 quod
1233 2325 1302 2380 mala

131 2407 302 2480 cogitaverat
325 2407 429 2479 sagittis
453 2406 562 2463 inlitum
584 2415 635 2464 est
678 2406 741 2461 llam
764 2413 792 2460 et
812 2396 931 2461 bobab²⁴
952 2412 980 2460 et
1001 2404 1090 2460 lladan
1107 2404 1300 2463 nichilominus

131 2498 245 2563 propter
273 2490 388 2546 similem
419 2480 553 2546 causam²⁶
575 2490 663 2564 capite
686 2488 781 2562 plenus
811 2495 861 2542 est
904 2476 1009 2543 Ozias¹⁰
1034 2501 1144 2559 qnoque
1172 2486 1301 2560 leprosus

131 2572 217 2629 lactus
239 2581 291 2636 est,
307 2573 352 2645 qui
370 2581 465 2628 contra
478 2571 637 2629 sacerdotes
649 2571 833 2627 sacerdotium
846 2570 967 2643 arripere
990 2584 1072 2623 ausus
1088 2558 1167 2624 εει.”
1210 2560 1301 2624 Saul’³

131 2655 210 2711 etiam
231 2654 385 2711 sacrificare
407 2672 594 2729 praesumens,
617 2654 700 2728 regali
718 2653 847 2726 dignitate
865 2651 1049 2708 debonoratus
1072 2659 1122 2718 cst,
1145 2667 1200 2706 non
1221 2667 1299 2725 etpe-

130 2745 206 2793 ctans
234 2738 387 2812 principem
415 2737 588 2795 sacerdotum
612 2735 773 2792 Samuelem
817 2735 931 2809 Oportet
958 2750 1023 2807 ergo
1057 2741 1085 2790 et
1106 2750 1157 2790 nos
1180 2735 1300 2792 revereri

129 2820 261 2893 potiores.

173 2986 213 3043 lv.
256 2986 287 3043 Et
309 2986 419 3062 dignum
441 2994 484 3043 εει
505 3002 560 3042 unu
583 2983 671 3041 solutu
694 2987 785 3041 vocari
807 3002 858 3041 nos
870 2983 1046 3052 Christianos,
1069 2983 1209 3041 sedetiam
1232 3002 1303 3043 esse.

130 3069 192 3127 Non
209 3070 281 3126 enim
302 3062 376 3139 dici,¹
398 3070 447 3127 sed
468 3085 529 3126 esse
553 3067 618 3125 lacit
637 3059 770 3124 beatum*
800 3067 924 3136 'Quidam
945 3074 1034 3124 autern
1057 3066 1221 3140 Episcopum
1242 3069 1300 3141 qni·

132 3153 193 3210 dem
215 3160 327 3221 uocant,
351 3159 377 3208 et
397 3160 508 3227 praeter
530 3153 618 3227 ipsum
642 3151 731 3207 omnia
753 3150 863 3207 iaciunt
905 3149 1015 3206 Talibus
1037 3138 1116 3223 ergo³
1138 3150 1217 3206 etiam
1240 3150 1299 3225 ipse

134 3236 257 3293 cbristus
280 3235 359 3304 dicit,
391 3237 436 3309 qui
457 3242 485 3293 et
514 3252 594 3292 verus
624 3242 651 3290 ει
677 3236 781 3309 primus
815 3242 858 3291 est
879 3232 1031 3307 Episcopus
1061 3240 1088 3288 et
1109 3232 1183 3290 solus
1204 3241 1301 3290 natura

131 3318 269 3375 Pontifex:
312 3318 381 3387 Quid
404 3335 445 3374 me
470 3320 572 3375 vocatis
588 3318 709 3386 bomine,
732 3317 851 3384 bomine,
874 3323 901 3371 ει
923 3332 977 3372 non
999 3314 1087 3371 tacitis
1110 3331 1180 3389 qnae
1207 3308 1302 3374 dicol⁴

184 3546 225 3612 12)
242 3546 464 3611 ininterpretabilem
488 3562 508 3592 c.
527 3542 576 3592 Pal.
596 3542 650 3604 tteg.
677 3551 700 3592 et
787 3544 830 3609 211)
849 3546 928 3594 dotant
946 3541 995 3592 Pal.
1021 3542 1131 3593 Ceterum
1142 3543 1172 3591 cl.
1184 3542 1252 3593 Num.
1263 3542 1302 3594 16.

130 3616 219 3666 Veneta
237 3615 311 3675 1546,
330 3613 527 3678 interpretabilern
544 3611 653 3670 l'ossins,
676 3619 700 3660 et
764 3625 766 3629 ⁴
786 3612 829 3674 21)
847 3613 880 3661 Eo
898 3612 1018 3675 scriptura
1035 3611 1059 3659 in
1078 3610 1127 3660 Pel.
1144 3610 1201 3672 fleg.

132 3699 154 3733 c.
171 3683 225 3733 aliis
242 3683 305 3745 vulg.
323 3691 347 3732 et
368 3680 510 3730 Coretonns.
785 3679 827 3744 22)
849 3677 960 3727 00111111
977 3678 1032 3740 lleg.

186 3750 229 3815 13)
248 3750 275 3799 lll
289 3751 344 3811 lteg.
363 3749 403 3798 23.
786 3745 829 3809 23)
847 3746 866 3794 11
880 3746 944 3793 Sam.
964 3744 1003 3794 18.

183 3818 226 3873 ttt
240 3812 698 3872 ercenomannensi-omobtundant.
786 3812 829 3876 21)
847 3813 891 3861 aab
910 3810 967 3871 Pal,
988 3813 1047 3861 abab
1066 3811 1123 3874 lleg.

184 3885 226 3951 15)
243 3887 292 3948 (ull
310 3889 380 3933 etiam
400 3883 554 3943 Clerislosorue
575 3881 633 3940 Pal,
651 3882 698 3943 (ott
784 3880 829 3943 25)
847 3893 943 3929 caurum
962 3893 1009 3928 om.
1028 3878 1077 3927 Pal.

132 3954 203 4002 etiarn
214 3952 373 4014 ,Ebrirtiserus
384 3951 440 4012 ling.
460 3948 570 3999 Ceterum
581 3949 626 3999 cl.l
639 3948 698 3998 Tim.
785 3947 828 4012 26)
847 3945 959 3996 2Cbron.
978 3946 1018 3997 26.

131 4020 157 4082 t,
177 4019 216 4071 12.
784 4014 814 4065 21
849 4029 922 4063 ocsus
938 4020 971 4062 ert
989 4015 1092 4077 arripere
1110 4011 1167 4073 ling.

184 4086 304 4152 totilano
324 4084 417 4135 eratin
436 4083 486 4133 Pal.
784 4081 817 4132 28
845 4080 991 4131 lSam.13.

184 4155 213 4205 l'l
248 4153 335 4203 lSam.
354 4152 418 4210 8,1.
768 4149 825 4214 Cap.
842 4149 878 4199 tv.
917 4144 943 4210 1)
960 4146 1049 4211 Recepi
1072 4146 1122 4196 diei
1138 4157 1166 4194 ει
1186 4143 1243 4205 neg.
1263 4142 1301 4190 le·

185 4221 215 4273 tt
244 4222 320 4272 moa.
341 4221 379 4280 16,
399 4219 422 4268 ὃ.
734 4226 802 4268 rente
820 4224 882 4266 textu
902 4229 945 4277 gn,
964 4216 1041 4265 dicere
1059 4211 1109 4262 Pal.
1127 4209 1214 4277 vulg.-

185 4288 215 4340 ttl
245 4288 318 4338 Voce.
342 4303 367 4336 ee
396 4288 549 4338 numeranti
574 4286 621 4333 nil:
648 4282 700 4333 Non
785 4285 811 4347 2)
830 4286 909 4332 becles
928 4282 977 4331 l‘al.

132 4357 195 4405 mun
212 4357 324 4406 obesus
343 4369 383 4405 nos
401 4356 573 4412 numerastis,
598 4352 700 4401 sednon
786 4352 800 4400 3
834 4352 905 4412 ipitnr
924 4348 981 4407 Pal,
1001 4347 1069 4397 deest
1088 4360 1142 4409 erpo
1159 4344 1184 4395 in
1202 4343 1261 4407 litu·

132 4422 179 4486 ter.
196 4423 222 4473 ln
239 4421 290 4474 Pal.
785 4419 801 4468 t
831 4419 888 4467 Luc.
907 4416 931 4475 tl,
950 4414 990 4465 46.
