2886 4882
214 194 218 203 '
262 212 396 275 mm
415 212 581 275 mureto
602 214 645 272 nn
667 214 1004 275 rrrrrnnntrumusns.
1031 216 1073 275 rr.
1093 214 1122 274 v.
1143 214 1185 272 u.
1250 210 1310 273 ess

137 386 198 439 ὴ
209 382 345 441 Christus
359 382 447 441 Patris
467 389 497 439 et
518 383 554 439 ita
568 383 658 440 unitas
679 399 731 459 per
752 383 841 441 omnia
862 373 1071 440 conservatur.⁸⁰
1115 375 1196 440 stnt⁸¹
1218 391 1308 441 autern

135 465 223 523 ritus
244 482 307 523 non
328 481 429 539 rages,
449 481 539 540 neque
561 466 692 539 gulosae,
714 483 803 541 neque
825 474 986 540 protervae,
1009 465 1058 522 sed
1080 466 1193 539 pudicae
1217 475 1244 525 et
1265 484 1309 524 so·

133 549 208 613 bae.
233 549 313 607 sieut
333 548 423 607 ludith
444 558 474 606 et
494 551 577 605 huna
621 548 694 607 llaec
709 558 798 607 autem
820 566 875 605 non
897 550 967 605 sicut
988 548 1134 622 Apostolus
1156 551 1310 624 praecipio:

132 622 217 701 thisu
241 633 320 689 enim
344 648 405 691 sum
425 647 490 707 ego,
511 639 556 689 aut
577 633 764 707 quae.‹lorrrus
787 634 872 707 patris
891 635 952 699 rnei,
974 640 1004 688 ut
1026 630 1163 703 aequalem
1193 650 1235 689 nic
1259 633 1310 689 illis

133 715 240 773 &ml
263 715 317 773 sed
343 706 439 773 sieut⁸⁸
459 715 608 773 commilito
629 725 728 784 vester,
749 715 920 773 obedientiae
943 714 1067 771 ordinem
1090 715 1241 770 continens.

208 880 244 941 V.
292 882 404 939 Fratres
423 883 486 951 mei,
509 880 585 940 valde
609 898 713 956 pronus
736 900 795 939 sum
817 884 851 939 ad
873 881 1045 938 dilectionem
1068 888 1192 948 vestram,
1215 896 1309 954 super·

130 963 257 1023 exultans
281 965 319 1023 tle
342 966 514 1023 unanimitate
536 974 634 1021 vestra.
678 966 782 1023 lloueo
798 966 868 1022 enim
890 982 955 1033 sos3
984 982 1039 1021 non
1061 980 1129 1036 ego,
1150 964 1198 1020 sed
1222 964 1308 1021 llonri·

130 1066 178 1106 ens
197 1048 282 1105 lesus
305 1065 357 1124 per
376 1065 430 1117 me,
452 1049 480 1105 iu
502 1064 557 1123 quo
580 1049 686 1105 vinetus
708 1067 776 1106 sum.
818 1049 912 1105 Adhuc
933 1050 1019 1122 magis
1043 1049 1131 1116 timeo,
1155 1047 1216 1121 quia
1240 1063 1305 1102 noo-

129 1131 191 1189 tm
212 1130 364 1207 perlectus
383 1147 458 1189 sum:
487 1131 537 1188 sed
559 1133 646 1188 oratio
669 1142 756 1189 vestra
788 1132 868 1188 laciet
889 1150 931 1189 mc
953 1131 1102 1207 perlectum
1123 1131 1194 1205 apud
1218 1131 1308 1197 Deum,

129 1222 158 1271 st
175 1206 265 1283 ω’
287 1214 317 1271 in
338 1231 394 1288 qno
414 1222 525 1271 vocatus
540 1232 609 1282 sum,
630 1232 737 1272 mercar
758 1216 881 1291 adipisci,
905 1216 1067 1289 confugiens
1082 1214 1115 1270 ad
1138 1213 1308 1287 Evangelium

129 1306 260 1372 tanqum
278 1296 315 1355 atl
336 1314 439 1372 corpus
461 1296 523 1353 lesu
545 1296 662 1367 Christi,
690 1306 718 1354 et
739 1299 772 1355 ud
793 1292 954 1374 Apostolos*
979 1308 1105 1372 tanquam
1135 1298 1168 1354 ad
1193 1294 1307 1370 Preshy·

128 1382 230 1439 terium
252 1378 401 1438 Ecclesiae.
443 1378 647 1453 trecentiens
668 1382 776 1455 quidem
800 1382 899 1455 diligo,
930 1390 961 1438 ut
981 1380 1118 1438 Christum
1149 1380 1308 1455 praenunci-

129 1472 217 1533 antu,
240 1453 428 1521 contuente?
450 1463 508 1520 eius
522 1464 657 1537 spiritum,
673 1458 755 1521 siout⁴
777 1473 804 1521 et
825 1464 955 1538 Apostoli.
999 1464 1084 1521 Sicuti
1099 1464 1170 1520 enirn
1188 1463 1307 1519 Pseudo·

129 1546 285 1622 prophetae
308 1552 337 1603 et
351 1545 589 1620 Pseudo-apostoli
612 1564 695 1604 unum
716 1539 900 1620 cuudcnnpre⁵
916 1547 1069 1619 malignum,
1085 1555 1113 1602 et
1125 1546 1308 1612 seductorem,

129 1638 157 1687 et
184 1628 323 1705 populum
351 1618 443 1686 e’rrare
472 1629 615 1686 facientem
641 1630 771 1705 Spiritum
801 1638 1023 1703 assumpserunt:
1053 1631 1093 1685 sic
1123 1630 1220 1685 iterum
1252 1629 1307 1684 ucri

129 1712 289 1787 Prophetae
310 1719 339 1768 et
359 1712 417 1770 reri
438 1713 561 1787 Apostoli
590 1730 672 1770 unuin
702 1715 874 1786 eundemque
895 1705 1045 1783 sanctum,⁶
1067 1713 1185 1780 honum,
1207 1712 1306 1786 priuci-

130 1795 222 1870 palem
250 1802 282 1853 et
308 1811 403 1851 vestrm
433 1802 513 1868 atque
541 1796 696 1862 doctorem,
727 1816 776 1872 pcr
808 1797 943 1853 Christum
973 1805 1137 1872 acceperunt
1166 1795 1307 1871 Spiritum.

131 1876 208 1935 llam
229 1879 305 1937 euim
327 1877 399 1936 licus
420 1879 520 1935 veteris
541 1885 569 1934 et
589 1882 651 1936 novi
675 1872 866 1938 Testamenti?
896 1880 969 1937 Unus
999 1892 1026 1938 et
1048 1880 1180 1937 Mediator
1203 1879 1249 1937 llci
1280 1888 1309 1937 et

131 1962 294 2031 hominum,
323 1961 356 2017 ad
378 1960 511 2019 iacturam
532 1958 762 2037 intelligilrilium⁸
791 1974 818 2021 et
840 1964 1023 2035 sensibilium,
1051 1972 1078 2021 et
1109 1963 1307 2038 providentium

133 2060 235 2119 gersus
259 2044 387 2102 omnium.
431 2043 507 2101 Unus
530 2062 639 2121 queque
662 2056 689 2103 et
711 2040 888 2115 Paracletus,⁹
910 2049 955 2121 qui
979 2048 1144 2122 operabatur
1165 2048 1192 2103 in
1214 2045 1307 2121 lloyse

133 2134 161 2185 et
181 2125 331 2203 Prophetis
359 2135 386 2184 et
412 2127 560 2202 dpestolis.
603 2131 702 2186 Omnes
732 2133 803 2187 enirn
833 2132 919 2188 sancti
941 2132 966 2186 in
988 2132 1095 2188 Christo
1120 2129 1210 2185 salvati
1234 2139 1307 2197 sunt,

133 2210 162 2267 in
192 2212 284 2285 ipsum
312 2220 453 2287 sperantes
489 2219 569 2285 atque
599 2207 711 2287 ipsum¹⁰
733 2222 922 2288 expectantes:
951 2224 978 2271 et
1009 2215 1169 2289 peripsum
1193 2213 1307 2269 salutem

135 2293 226 2368 adepti
249 2302 320 2363 sunt,
343 2295 389 2368 qui
402 2302 480 2352 erant
492 2294 565 2368 digni
581 2296 726 2353 dilectione
742 2307 769 2354 et
783 2298 856 2369 digni
873 2297 961 2365 laude,
984 2296 1144 2353 sanctificati
1167 2313 1181 2351 a
1198 2296 1306 2353 Christo

135 2376 206 2445 lesu,
226 2376 404 2437 testificantes
427 2379 454 2435 in
477 2377 619 2452 Evangelio
640 2381 699 2453 spei
719 2372 897 2436 eommunis.¹¹

219 2542 263 2602 vt.
307 2542 335 2601 st
364 2547 425 2619 quis
454 2544 538 2601 lleum
570 2546 648 2620 legis
686 2556 712 2603 et
748 2548 945 2621 Prophetarum
976 2539 1068 2603 rrnum¹
1102 2546 1307 2621 praedicanerit,

138 2626 275 2685 Christum
296 2636 385 2686 autern
405 2628 545 2703 negaverit
556 2628 652 2685 Filium
675 2646 736 2687 csse
752 2630 806 2699 hei,
829 2630 944 2686 mendax
960 2638 1009 2698 cst,
1032 2631 1170 2704 quomodo
1186 2637 1213 2686 ct
1227 2628 1308 2686 Pater

137 2709 198 2767 eius
219 2702 376 2781 Diabolus?
398 2720 427 2768 et
446 2718 489 2769 est
510 2711 663 2769 huiusmodi
679 2713 818 2770 inlerioris
832 2715 1048 2771 circumcisionis
1063 2711 1307 2770 Pseudo-iudaeus.

136 2791 168 2848 Si
189 2800 279 2852 auum
300 2795 361 2869 quis
383 2793 529 2851 confitetur
549 2794 685 2852 Christum
707 2790 809 2854 lesum³
832 2797 982 2865 Dominum,
1006 2806 1087 2871 negat
1108 2806 1196 2854 autem
1224 2796 1306 2855 lterum

136 2875 217 2949 Legis
238 2885 267 2935 et
287 2876 487 2953 Prophetarum
501 2877 610 2935 Patrem
633 2895 695 2937 esse
712 2880 821 2946 Christi,
843 2882 886 2937 hie
910 2882 1062 2939 inveritate
1086 2897 1139 2937 non
1156 2888 1217 2949 stat,
1241 2897 1307 2953 quo·

137 2958 220 3017 modo
241 2976 294 3018 nec
313 2968 390 3035 peter
412 2961 471 3017 eius
493 2960 635 3029 Diabolum
658 2971 685 3019 et
707 2972 749 3020 est
770 2966 926 3022 huiusmodi
950 2964 1067 3021 Simonis
1090 2964 1173 3038 llagi,
1203 2971 1229 3019 et
1251 2979 1306 3019 uon

138 3038 254 3116 Spiritus
275 3042 367 3101 Sancti
389 3037 560 3118 discipulus.⁴
603 3045 630 3101 Si
654 3048 716 3119 quis
738 3056 828 3105 autem
849 3048 916 3105 dicit
936 3066 1019 3105 unuin
1033 3048 1124 3113 Deum,
1149 3044 1306 3101 confitetur·

138 3118 205 3198 que*
226 3126 359 3184 Christum
383 3126 487 3196 lesum,
516 3128 652 3186 hominem
674 3147 739 3188 vcro
763 3149 859 3206 purum
885 3140 983 3207 putans
1004 3120 1174 3193 Dominum,⁸
1203 3133 1231 3181 ct
1251 3142 1305 3183 non

136 3204 221 3267 lleurn
243 3211 417 3287 unigenitum,
440 3219 467 3266 ct
481 3211 638 3285 sapientiam
661 3222 689 3270 ct
704 3213 820 3272 Vcrhum
836 3215 890 3283 het,
915 3216 963 3273 scd
986 3214 1120 3271 exanima
1141 3218 1168 3267 ct
1190 3226 1306 3286 corpore

136 3306 198 3349 eum
219 3287 318 3352 solum*
340 3311 403 3352 esse
425 3295 595 3366 existimans,
628 3296 785 3355 huiusmodi
808 3316 923 3374 serpens
946 3307 988 3356 est
1009 3297 1153 3362 seductor,
1184 3310 1306 3350 errorem

188 3522 233 3586 30)
251 3523 291 3573 Sic
309 3524 379 3587 Peg,
398 3530 545 3574 conservetur
564 3524 627 3588 Pal,
652 3542 704 3575 ser·
737 3525 761 3574 iu
781 3525 836 3588 licg.
856 3532 876 3572 ct
895 3537 980 3581 cerum,
999 3535 1072 3584 supra
1091 3529 1112 3572 et
1134 3520 1157 3571 in
1176 3537 1250 3587 marg.
1264 3524 1307 3573 ho-

134 3596 205 3639 eetur
222 3591 285 3652 rrrlg.
739 3609 800 3643 num.
830 3592 865 3641 Cl.
884 3590 963 3639 lTim.
982 3589 1005 3649 2,
1023 3590 1047 3639 5.

186 3657 232 3718 31)
250 3660 308 3709 Sunt
327 3660 376 3709 Pal.
395 3659 635 3719 consurrecturos,
648 3662 704 3711 ho.
789 3659 816 3721 i)
834 3657 1006 3718 iruelligihs'hem
1021 3656 1071 3706 Pal.

135 3725 193 3774 Luc.
211 3725 234 3785 t,
252 3728 285 3778 36
297 3744 334 3792 sq.
790 3727 818 3785 8)
832 3725 964 3788 paraclitus
983 3726 1032 3775 Pal.
1052 3726 1107 3789 llcg.

186 3793 230 3854 32)
252 3797 293 3859 gui
310 3795 360 3844 Pal.
792 3794 819 3857 9)
839 3796 916 3856 ipsum
934 3808 980 3842 otu.
1000 3795 1056 3857 ch.

185 3859 230 3926 33)
248 3865 308 3911 sient
327 3863 377 3912 des.
394 3862 417 3911 in
437 3861 492 3923 neg.
792 3858 833 3921 th)
853 3864 966 3910 commerui
985 3863 1034 3912 Pal.
1056 3864 1111 3926 lleg.

789 3928 846 3990 Cup.
864 3927 900 3976 l'l.
939 3929 964 3993 l)
981 3948 1052 3981 onum
1069 3947 1114 3983 sort
1133 3932 1182 3982 Pel.

187 3995 243 4061 Cap.
262 3997 287 4046 V.
324 3995 350 4062 l)
368 3998 433 4047 illuns
451 3996 501 4045 tut.
518 3997 573 4059 lleg.
788 3995 814 4062 2)
833 3996 882 4045 loh.
901 3996 925 4054 8,
944 3998 984 4048 tt.
1021 4012 1028 4021 ·

184 4064 211 4128 2)
228 4064 299 4114 Voce.
327 4073 444 4129 tamquam
472 4065 503 4114 cd
535 4081 618 4129 corpur
650 4065 702 4113 lero
786 4065 814 4125 3)
831 4066 906 4114 iesum
923 4068 1035 4117 christum
1053 4065 1148 4117 ordinet
1167 4065 1223 4121 llcg.

138 4130 229 4191 Christi,
249 4140 270 4183 et
289 4134 320 4181 od
338 4131 464 4196 Apostolos
483 4147 530 4182 non
551 4133 596 4194 leg.
615 4132 638 4180 iu
652 4130 702 4180 Pal.
788 4133 816 4193 4)
835 4134 911 4182 scorti
930 4138 1030 4199 spiritus
1042 4134 1173 4196 discipulos
1187 4130 1236 4178 Pal.
1249 4130 1305 4194 lieg.

185 4198 213 4262 3)
232 4203 354 4249 continens
373 4200 423 4248 Pal.
788 4200 814 4265 5)
832 4202 953 4261 confitetur
969 4216 1069 4265 nomque
1088 4205 1110 4248 et
1131 4197 1180 4247 Pal.
1200 4198 1256 4261 neg.

182 4266 444 4328 attrectaretur).
787 4269 814 4328 ti)
831 4275 917 4331 puteos
951 4270 1018 4317 deum
1048 4281 1072 4328 p.
1105 4279 1188 4329 porum
1216 4272 1304 4330 putens

184 4334 212 4395 5)
231 4336 329 4385 condent
347 4333 396 4384 Pul.
736 4335 859 4385 Poeninum
875 4334 925 4384 Pal.

183 4402 211 4467 d)
229 4403 337 4467 spiritum
348 4402 406 4462 eat,
428 4400 468 4466 qui
487 4398 566 4467 pergit
575 4406 597 4451 et
610 4400 702 4463 honum,
788 4403 815 4468 l)
834 4403 910 4451 selom
927 4401 995 4451 deest
1013 4399 1037 4449 iu
1054 4400 1105 4452 Pal.
1123 4399 1179 4463 lieg.
