2886 4882
128 229 188 292 582
569 218 703 275 11131666
724 215 864 273 PASTOR.

130 380 249 466 ριγαρὴς
279 376 432 480 ἐγενόμην
448 383 501 439 τοῦ
531 377 612 439 ίδεῖν.
652 371 843 454 Ἐμβλέψασά
864 394 914 472 μοι
934 365 1122 449 ύπεμειδίοισι
1154 369 1210 433 κοιλ
1244 369 1323 454 λέγει

129 492 179 548 μοι
211 467 331 539 Βλέπεις
367 458 437 525 ἑπτά
473 466 635 563 γμναῖκας
650 457 748 560 κύκλῳ
779 462 832 519 τοῦ
868 451 999 553 πύργου,
1053 452 1176 530 Βλέπω,
1210 456 1320 557 φημί,ι

130 552 226 631 κυρία.
267 545 302 610 Ο
333 543 443 628 πύργος
471 534 556 647 ρῦιος
583 539 641 604 ύπδ
668 538 778 605 τούτων
806 535 972 642 διστάζεται
1002 560 1056 598 κατ
1060 533 1243 641 ’ἐπιταγὴν
1262 544 1320 641 τρεῖ

131 636 251 713 κυρίου·
274 629 362 693 άκουε
381 635 436 692 νῦν
457 625 508 700 τάς
528 626 670 707 ἐνεργείας
691 622 796 686 αὐτῶν.
837 618 876 684 Ἡ
893 619 945 701 μὲν
965 619 1064 720 πρμίτη
1085 617 1200 696 αύτιῦν,
1220 617 1319 701 ἡτάς

130 725 226 819 χεῖρας
253 720 414 818 κρατοῦσα,
449 709 565 783 116663‘
594 715 735 771 καλεῖται
766 703 815 769 διὰ
841 702 948 784 ταύτης
969 702 1106 804 σώζονται
1127 729 1157 767 οι
1148 669 1318 768 έκλεκτολ

132 807 184 862 τοῦ
215 805 299 861 θεοῦ.
340 793 381 857 Ἡ
404 794 476 857 δέ’
464 793 551 872 ετέρα,
584 788 604 872 6
613 815 745 897 ι,τιεργε
712 790 838 869 ζένηωσμ
847 783 1048 891 ,Ἐγκράτεια
1067 795 1214 851 καλεῖται·
1238 786 1316 869 αῦτη

131 879 264 965 θυγάτηρ
287 882 398 943 ἐστὶ
363 904 416 957 της
439 880 584 948 Πίστεως
612 873 646 949 ὃς
673 899 710 937 αν
731 871 884 1018 ἀκολουθῇ
906 867 1015 948 αι’παῖς,
1036 867 1193 975 μακάριος
1201 874 1317 976 γίνεται

131 968 163 1029 ἐν
191 991 226 1052 τη
255 971 340 1065 ζωῇ,
350 962 395 1025 ὅτι
423 957 539 1023 πάντων
558 964 695 1040 πονηροῦ
715 953 842 1040 ἔργων’
826 981 869 1034 αφ
871 955 976 1032 έ,ξεται
1008 952 1150 1018 πιστεύων
1173 979 1221 1018 οτι
1260 952 1316 1019 έᾶν

133 1048 273 1126 διφέξηται
300 1043 396 1124 πάσης
439 1044 599 1121 ἐπιθυμίας
637 1048 784 1121 πονηρᾶς,
824 1035 1032 1144 κληρονομήσει
1065 1035 1141 1139 ζωὴν
1177 1037 1312 1102 αίιάνιον.

134 1134 177 1194 A6
197 1129 266 1193 66⁰
249 1154 309 1207 ετερ
312 1153 351 1202 αι,
374 1129 468 1229 κυρίμ,
490 1125 622 1189 πέντε’
594 1148 671 1198 τινες
692 1125 775 1202 66⁰,
821 1122 982 1226 Θυγατέρες
1002 1118 1157 1223 ἀλλήλων,
1153 1123 1229 1185 εἰσί·
1260 1148 1314 1185 κα·

133 1221 251 1277 λοῦνται
274 1156 347 1274 δέ
327 1238 345 1288 6
368 1209 420 1315 μὲν
440 1206 596 1287 Ἀπλύιης,
619 1205 692 1311 666
710 1206 843 1280 Ἀκακία,
864 1203 937 1286 ἥδέ
958 1202 1112 1308 Σεμνότης,
1122 1230 1155 1310 6
1147 1201 1237 1268 δέ’
1241 1211 1314 1268 Em-

135 1295 241 1395 σιήμη,
270 1322 289 1375 6
320 1294 351 1356 δὲ
373 1290 495 1375 Ἀγάπη.
528 1289 622 1355 Ὅταν
653 1282 707 1354 οὖν
735 1288 770 1353 τά
800 1291 868 1373 ἔργα
895 1296 947 1369 τῆς
967 1285 1074 1370 μητρὸς
1094 1284 1193 1351 αὐτῶν
1215 1286 1314 1352 πάντα

134 1377 274 1466 ποιήσῃς,
303 1378 425 1483 δύνμσαι
453 1383 544 1483 ζῦγσαι
577 1374 708 1438 ’Ήθελον
730 1380 855 1477 γνῶναι,
875 1375 959 1452 φημί,
982 1373 1084 1475 κυρία,
1103 1373 1149 1445 τίς
1171 1374 1241 1435 τίνα
1263 1371 1311 1436 δύ

132 1489 239 1567 ναμιν
248 1463 303 1541 ἔχει
333 1458 437 1524 αὐτῶν.
471 1459 602 1534 ”,Ακουε
634 1460 718 1539 φησί,
739 1454 791 1530 τάς
813 1454 950 1536 δυνάμεις
971 1452 1077 1522 αῦτῦν
1120 1458 1312 1537 Κρατοῦνται

133 1543 205 1609 δέ
185 1541 239 1609 υπ’
263 1545 400 1649 ἀλλήλων,
423 1545 473 1607 καὶ
496 1539 714 1606 ἀκολουθοῦσιν
736 1537 888 1620 ἀλλήλαις,
913 1535 1017 1644 καθὼς
1043 1539 1252 1644 γεγεννημέναι
1273 1541 1312 1602 εί-

134 1632 188 1693 σίν.
228 1627 282 1691 Ἐκ
303 1637 363 1731 τῆς
375 1631 505 1702 Πίστεως
522 1635 655 1735 γεννᾶται
672 1622 856 1730 Ἐγκράτεια,
879 1622 911 1685 έιι
931 1629 984 1702 τῆς
1000 1618 1187 1722 Ἐγκριιτείας
1210 1619 1313 1687 ‘Aulo'-

135 1737 198 1789 της,
230 1711 261 1772 ἐκ
282 1718 335 1790 τῆς
354 1708 528 1813 Ἅπλότγγτος
545 1710 685 1785 Ἀκακία,
714 1709 745 1771 έκ
773 1714 825 1809 τῆς
848 1704 988 1779 Ἀκακίας
1008 1703 1174 1809 Σεμνύτης,
1205 1706 1240 1768 ἔτι
1262 1733 1313 1811 της

136 1792 316 1895 Σεμνότητος
342 1791 522 1895 'Emot666,
554 1795 585 1855 έκ
614 1800 682 1893 τῆς
689 1788 868 1899 Ἐριιστήμης
886 1786 1008 1892 ’Λγάπη
1056 1786 1174 1852 Τούτων
1198 1782 1311 1853 οὖντά

137 1871 252 1974 6666‘
234 1874 308 1955 αγνά
336 1875 384 1935 καί
414 1873 504 1953 σεμνά
533 1877 582 1936 καλ
615 1872 683 1938 θεῖά
712 1877 797 1937 τίσιν·
830 1871 864 1948 63
895 1869 932 1977 66
958 1870 1082 1935 δουλεύσ
1120 1869 1247 1949 ταύταις
1265 1875 1311 1938 καί

137 1956 248 2059 ἰσχύσῃ*
257 1963 418 2059 κραιῦγσαι
439 1963 497 2018 τῶν
518 1954 665 2038 ἔργων’
630 1962 734 2028 αυτῶν,
758 1957 788 2018 έν
810 1964 849 2040 τῷ
872 1955 973 2063 πύργῳ
993 1956 1049 2031 ἕξει
1068 1981 1121 2037 την
1141 1960 1313 2037 κατοίκησιν

135 2037 205 2143 μετά
231 2043 289 2099 τῶν
317 2035 407 2140 άγίων
441 2046 493 2101 τοῦ
522 2045 606 2104 θεοῦ
644 2021 844 2121 Ἐπεροίτησαδ
851 2037 956 2145 αὐτὴν
974 2039 1040 2143 περὶ
1062 2046 1114 2103 τοῦ
1134 2049 1253 2148 καιροῦ,
1255 2043 1314 2104 ἐί

136 2120 193 2202 666
216 2117 362 2184 συντίλειά
383 2121 466 2185 ἐστιν.
506 2117 546 2183 ‘H
564 2119 632 2185 δέ’
607 2122 755 2227 ανίκριιγε
777 2120 881 2203 φωνὴν
912 2120 1048 2226 μεγάληνἵ
1075 2125 1218 2230 λέγουσα
1228 2122 1315 2187 Ἀσύ-

137 2230 198 2269 νειε
213 2202 380 2306 άυθρωπε,
409 2204 462 2286 οῦχ
487 2204 560 2292 δρῦς
586 2203 638 2269 τδυ
666 2204 778 2311 πύργον
795 2203 1138 2314 έποικοδρμούμενονβ
1121 2231 1177 2282 εως
1198 2204 1238 2271 ἂν
1261 2201 1315 2271 σύν

136 2287 154 2354 6
180 2286 291 2372 πύργος
319 2257 574 2370 οίκύδομοιίμενοςΒ
603 2289 658 2365 εξει
685 2287 717 2352 τῦ
740 2289 835 2363 τέλος·
858 2287 930 2352 ιἰλλά
951 2315 1022 2394 ταγο
1010 2286 1314 2393 ίποικοδομηθησε-

135 2399 190 2436 ται.
214 2373 331 2478 Μηκέτι
343 2372 483 2450 έπερωτα
502 2370 642 2479 μηδέν·’
627 2381 712 2453 αρκεῖ
729 2392 775 2435 σοι
789 2370 899 2437 αὐτά..
908 2369 1011 2477 ,μετά
1019 2380 1094 2451 τρεῖς
1113 2368 1236 2477 ἡμέρας
1247 2383 1315 2456 νοῆ-

136 2477 185 2520 σαι
212 2454 275 2561 γάρ
297 2459 343 2519 δεῖ
367 2480 490 2538 πρωιον
492 2459 514 2489 ¹⁰
560 2455 747 2536 Ἐντέλλομαί
776 2476 822 2518 σοι
842 2461 972 2561 πρῶτον,
987 2452 1115 2560 Ἑρμᾶ,
1137 2452 1172 2517 τά
1195 2455 1314 2540 ῥήματα

137 2547 233 2617 ταῦτα,
257 2539 275 2602 6
296 2561 343 2603 σοι
364 2541 454 2619 μέλλω
475 2540 575 2623 λέγειν,
598 2546 718 2620 λαλῆσαι
739 2537 833 2602 πάντα
855 2536 954 2613 είςτα
976 2529 1114 2602 (διαιτῶν
1136 2536 1238 2623 άγίων,
1263 2544 1315 2605 ἵνα

137 2622 313 2697 ἀκούσαντες
350 2622 424 2686 αὐτά
457 2625 505 2685 καλ
512 2621 706 2730 ποιήσαντες
733 2629 958 2704 καθαρισθῦσιν
988 2619 1046 2685 άπδ
1076 2629 1133 2686 τῶν
1161 2633 1317 2707 πονηριῶν

138 2704 254 2770 αὐτῶν
278 2704 384 2768 καλοῦ
408 2703 520 2786 δέμετ’
546 2704 649 2769 αὐτῶν.

220 2864 262 2919 lx,
288 2852 445 2918 Ἀκούσατέ
467 2880 532 2937 μου,
558 2856 651 2918 τέκνα.
691 2852 809 2959 Ἐγὼ
789 2862 867 2935 υμᾶς
888 2855 1033 2937 ἐξέθρεψα
1053 2856 1084 2919 έν
1104 2863 1198 2963 6066
1221 2855 1316 2922 άπλύ-

137 2961 200 3016 τηιι
221 2939 270 2999 καλ
291 2937 398 3043 άκακίιγ
419 2964 469 3001 και
490 2938 639 3019 σεμνότητι
661 2936 757 3002 διά
730 2964 761 3002 ιο
784 2940 862 3013 ἕλεος
881 2945 933 3001 τοῦ
954 2942 1059 3042 κυρίου
1073 2947 1125 3003 τοῦ
1145 2939 1195 3020 ἐφ’
1219 2939 1315 3022 ύμῶν1

137 3018 341 3095 στάξαντος
312 3046 365 3123 την
382 3003 626 3126 δικαιοσύυηῌ
612 3048 660 3085 ινα
682 3019 897 3102 δικαιωθηιε’
882 3019 940 3085 απδ
967 3023 1063 3126 πάσης
1090 3027 1234 3105 πονηρίας
1263 3028 1316 3089 κοιλ

136 3101 231 3206 πάσης
263 3101 460 3180 σκολιότητας·
492 3104 575 3182 ῦμεῑς
603 3105 634 3167 δέ
662 3103 698 3167 οῦ
731 3105 830 3168 θέλετε
859 3113 970 3169 παῦσαι
1001 3103 1059 3170 άπὸ
1091 3133 1142 3188 της
1169 3113 1317 3191 πονηρίας

136 3183 227 3263 ύμῶν
273 3191 344 3248 Νῦν
370 3181 425 3247 σύν
452 3185 593 3249 ἀκούσατέ
621 3212 677 3268 μου
705 3189 755 3250 καλ
782 3186 940 3295 είρηνεύετε
968 3190 1041 3254 έν
1027 3199 1158 3295 εαμτοῑς,
1180 3193 1232 3255 καί
1253 3194 1316 3257 zm·

135 3268 292 3330 σκέπτεσθε
314 3265 455 3347 ἀλλήλους
475 3271 523 3331 καλ
545 3267 777 3371 66166666vsts²
800 3269 938 3376 ἀλλήλων,
964 3277 1014 3337 καί
1034 3300 1073 3378 μη
1095 3272 1180 3356 μόνοι
1201 3273 1239 3338 τά
1254 3279 1315 3339 ιιτί-

136 3369 229 3429 σματα
257 3356 310 3413 τοῦ
336 3358 411 3414 θεοῦ
439 3351 701 3461 μετρλαμβάνετεέ
702 3380 720 3417 κ
717 3354 952 3459 καιαγύματος,
974 3355 1046 3421 ιἰλλίι
1076 3360 1242 3437 μεταδίδοτε
1263 3361 1316 3423 καὶ

136 3442 196 3508 τοῖς
217 3430 449 3544 ύσιερουμένοις
472 3436 572 3517 οἱμὲν
594 3437 648 3521 γάρ
669 3435 727 3500 άπὸ
750 3447 808 3502 τῶν
829 3447 944 3503 πολλῶν
976 3441 1138 3520 ἐδεσμάτων
1159 3439 1315 3519 ἆφθονίαυ

136 3542 171 3661 ιγ
199 3521 282 3621 σριρκὶ
315 3518 412 3583 αὐτῶν
441 3522 617 3584 ἐπισπῶνται
644 3523 693 3584 καλ
726 3522 965 3630 λυμαίνονται
933 3550 987 3604 την
1006 3525 1105 3630 σάρκα
1121 3523 1233 3588 αῦτῶν·
1254 3534 1315 3589 τῶν

137 3602 154 3661 δ
190 3597 229 3678 μὴ
253 3599 374 3680 ἐχόντων
395 3605 543 3686 ἐδέσματα,
565 3607 731 3686 λυμαίνεται
751 3632 770 3687 6
795 3604 889 3711 σάρξ
886 3633 984 3670 αυτων
1005 3605 1105 3670 διά
1075 3633 1108 3671 το
1130 3635 1169 3689 μη
1158 3606 1309 3690 ἔχειν
1280 3636 1313 3673 το

137 3679 257 3764 ιἰρκετδυ
275 3690 327 3764 τῆς
347 3692 473 3769 τροφῆς,
496 3691 545 3753 καλ
567 3687 824 3771 διαφθείρεται
794 3717 830 3753 τα
850 3688 966 3770 σώματα
996 3689 1101 3756 αῦιιῦυ.
1144 3691 1228 3774 Αῦτη
1258 3685 1314 3757 οῦν

138 3819 344 3829 -.-

187 3887 242 3948 Cap.
263 3888 318 3937 vm.
357 3888 380 3949 l)
399 3891 487 3955 ιμῑημί
507 3906 590 3972 ομρςε.
608 3894 705 3959 φησίι.
793 3890 863 3950 λ)
840 3907 939 3957 ιγωνην
955 3889 1094 3959 μεγαληι
1113 3910 1149 3942 ειο
1166 3909 1250 3958 apogr

189 3953 217 4009 λλ
237 3957 346 4012 ntum
364 3970 447 4017 apogr.
467 3956 561 4021 πιστὴ
792 3958 818 4020 8)
838 3959 950 4008 Nonnihil
969 3961 1043 4010 deest.

187 4019 214 4084 3)
234 4035 318 4082 apogr.
348 4029 461 4084 corrupte
492 4020 583 4090 λιεριιι
613 4026 707 4090 κυρίαι
791 4027 817 4084 9)
836 4041 919 4088 apogr.
936 4023 1076 4105 ἐπηρώτα.

139 4088 228 4135 πᾶσαν
248 4087 311 4136 ελσλ.
795 4096 836 4154 10)
855 4093 969 4143 Rursus
963 4110 987 4143 ιη
1006 4094 1043 4143 his
1059 4103 1135 4145 textus
1150 4111 1249 4147 mancus
1268 4107 1312 4149 εει

189 4153 216 4214 4)
234 4153 279 4201 καλ
299 4148 412 4223 λσγύσηε
434 4170 516 4216 apogr.
524 4156 569 4204 καλ
583 4152 705 4221 tammam

191 4219 369 4283 δλίιοομομι.
790 4227 904 4289 cmlx.
943 4227 1146 4309 616‘6166:
1173 4246 1312 4295 ειοεμορι

188 4282 215 4344 6)
236 4301 319 4348 apogr.
335 4290 383 4338 τοῦ
400 4295 510 4359 καιροῦ,
532 4298 704 4352 supranotato
790 4297 815 4349 λλ
835 4292 1070 4365 ἀντιλαμβάνειες
1102 4299 1138 4349 sic
1159 4315 1244 4363 apogr.
1262 4315 1312 4350 non

140 4345 196 4393 τῶν
213 4364 269 4399 και
261 4355 325 4415 ρῶν.
738 4367 849 4415 -νεσθε,

220 4546 296 4559 Α
