2886 4882
214 241 351 300 nnuma
371 242 511 301 rnsron.
555 244 652 302 nrum
671 244 703 301 u.
740 247 887 306 nannai.
908 248 975 307 viu.
996 250 1039 309 u.
1055 248 1098 324 (ο)
1182 252 1241 314 465

70 409 115 464 Dei
137 417 210 464 sunt.
252 409 290 464 Ab
318 409 361 464 his
391 427 455 483 ergo
486 411 611 466 omnibus
642 410 779 467 abstinere
808 411 924 481 debent,
955 416 1000 487 qui
1030 417 1085 474 Deo
1113 420 1241 477 serviunt

69 491 181 547 Abstine
204 508 270 564 ergo
292 492 324 547 ab
347 493 406 547 istis
429 493 514 560 maiis,
537 502 567 548 ut
588 495 659 549 rivas
682 493 738 550 Deo
761 503 789 550 et
803 494 948 551 ascribaris
964 497 991 552 in
1008 514 1121 557 numero
1136 517 1240 571 eorum,

70 575 115 649 qui
138 575 171 630 ab
193 575 259 647 ipsis
282 573 479 631 abstinuerunt.
522 576 594 632 Haec
614 583 685 644 sunt,
709 576 812 649 iniquit,
835 570 947 650 quihus⁶
968 596 1062 637 carere
1084 581 1192 651 debeas,
1214 592 1241 640 et

71 674 141 731 quae
164 673 245 730 agere
268 656 377 712 debeas.
421 657 469 712 Ubi
492 668 581 713 autem
603 657 705 714 bonnm
736 675 806 732 opus
839 660 929 729 merit,
963 662 1018 718 noli
1049 663 1162 737 fugere,
1191 666 1240 722 aed

69 756 119 812 age
142 739 216 796 iffud.
238 739 270 794 m
292 739 344 794 diri
367 739 419 795 iili:
443 740 560 807 domine,
582 750 609 796 et
630 741 663 797 de
687 732 742 807 iis,⁶
765 758 834 814 quae
857 743 927 799 bona
952 753 1022 812 suut,
1038 761 1142 819 expone
1165 748 1238 815 mibi,

69 831 100 878 nt
122 824 148 879 in
171 821 223 878 idis
245 823 329 876 vivam
351 831 377 877 et
399 824 513 879 serviam
536 825 585 892 eis,
606 831 634 878 et
656 825 758 897 possim
779 826 885 897 agendo
902 844 933 882 ea
948 827 1120 885 salrnsesse.
1163 831 1239 897 dudi,

71 906 165 978 inquit,
187 913 215 960 et
236 921 340 972 corum,
361 907 406 977 qni
428 905 493 961 boni
516 914 579 961 sunt
601 914 684 973 actus,
706 906 806 977 quibus
827 908 963 966 abstinere
985 927 1038 965 non
1059 910 1169 978 debeas,
1191 910 1240 967 sed

70 1004 118 1060 age
142 987 193 1043 illa.
239 986 285 1042 Est
313 995 402 1043 autern
434 996 494 1043 ante
528 1004 607 1044 omne
640 987 724 1055 fides,
753 990 835 1044 timor
854 989 916 1059 bei,
941 993 1055 1060 caritas,
1084 992 1239 1062 concordia,

69 1069 150 1126 verba
174 1071 300 1137 iustitiae,
322 1087 397 1126 amor
417 1078 536 1139 sanctus,
559 1072 658 1126 veritas
681 1079 709 1127 et
736 1072 880 1145 patientia:
910 1075 952 1130 fris
982 1075 1078 1131 meiius
1109 1075 1176 1131 nihil
1198 1083 1241 1132 est

70 1153 97 1208 in
119 1154 169 1208 vita
195 1153 342 1208 bominum.
386 1153 457 1208 Haec
479 1154 526 1224 qni
549 1153 708 1209 custodierit
729 1162 757 1210 et
778 1170 832 1210 non
855 1155 1016 1213 abstinuerit
1046 1157 1079 1212 ab
1100 1159 1155 1224 eis,
1179 1156 1241 1214 bea·

70 1235 199 1291 tissimam
231 1237 309 1291 vitam
340 1236 402 1306 agit.
451 1234 483 1290 Et
513 1236 608 1291 iterum
642 1236 708 1292 dixit
736 1236 816 1292 mihi:
845 1239 908 1294 audi
936 1239 1015 1294 etiam
1045 1238 1241 1313 subsequentia

70 1311 192 1373 horum?
216 1318 303 1374 viduis
324 1318 487 1381 ministrare,
509 1318 638 1391 orphanis
661 1327 688 1374 et
711 1319 855 1392 egentibus
877 1337 1048 1389 succurrere,
1071 1322 1105 1377 de
1122 1322 1239 1378 uecessi-

71 1400 171 1456 tatibns
194 1400 329 1457 redimere
351 1417 444 1456 seruos
475 1399 533 1467 bei,
561 1400 723 1473 hospitalem
750 1418 810 1457 esse
837 1398 964 1477 (propter
991 1404 1139 1476 hospitium
1168 1405 1240 1460 enim

70 1483 204 1540 invenitur
226 1482 414 1539 benefaciendi
438 1481 574 1551 occasio),
595 1484 695 1538 nemini
715 1483 899 1540 adversarium
926 1502 1003 1552 esse,
1025 1487 1146 1559 quietum
1169 1502 1239 1554 esse,

70 1565 241 1621 humiliorem
265 1582 325 1622 esse
347 1564 512 1632 bominibus,
534 1565 650 1621 maiores
672 1574 737 1622 natu
758 1569 928 1636 revenerari,
951 1584 1078 1624 exercere
1101 1569 1238 1636 iustitiam,

70 1647 265 1704 fraternitatem
280 1648 426 1713 custodire,
449 1648 572 1703 iniuriam
589 1647 669 1714 ferre,
689 1650 877 1723 aequanimem
893 1667 963 1718 esse,
985 1651 1075 1706 animo
1084 1650 1239 1707 laborantes

70 1730 200 1802 precibus
222 1731 337 1803 erigere,
359 1737 466 1786 vexatos
489 1731 515 1785 in
540 1729 593 1787 fide
612 1729 659 1786 bei
679 1747 734 1788 non
754 1748 902 1806 spernere,
923 1732 971 1787 sed
999 1733 1026 1788 in
1048 1734 1116 1789 riam
1137 1741 1240 1789 rectam

70 1828 198 1869 revocare
225 1821 253 1868 et
279 1829 327 1868 eos
357 1813 531 1885 aequanimes
560 1814 665 1882 facere,
699 1823 845 1889 peccantes
874 1815 1031 1887 corripere,
1059 1831 1123 1872 aere
1151 1815 1240 1871 alieno

71 1910 220 1968 oppressos
241 1902 296 1950 non
320 1911 389 1963 esse,
413 1904 439 1951 et
461 1897 484 1951 si
506 1913 559 1969 qua
576 1897 617 1953 bis
637 1897 733 1953 similia
754 1907 817 1954 sunt
838 1905 865 1953 et
878 1896 927 1952 tibi
940 1895 1011 1952 bona
1026 1913 1086 1953 esse
1106 1897 1238 1965 videntur,

71 1993 119 2049 age
142 1977 192 2033 illa.
235 1978 267 2033 Et
289 1978 341 2034 dixi
363 1978 404 2033 ei:
434 1978 550 2047 domine,
581 1980 647 2053 quid
676 1989 765 2036 autem
797 1978 893 2035 melius
922 1979 965 2034 fiis
995 1980 1109 2035 inveniri
1129 1978 1241 2051 potestf

70 2058 133 2115 Vive
156 2077 232 2133 ergo,
255 2061 349 2133 inquit,
372 2061 398 2115 in
418 2062 466 2128 eis,
489 2069 517 2117 ct
538 2061 592 2117 nofi
613 2061 646 2117 ab
670 2063 736 2136 ipsis
758 2063 903 2120 abstinere.
945 2060 991 2117 Sic
1019 2062 1111 2135 itaque
1133 2061 1240 2117 custodi

70 2140 123 2196 hoc
145 2151 328 2217 praeceptum,
352 2152 381 2197 ut
403 2143 430 2196 id
453 2144 525 2215 qnod
549 2143 651 2199 bonnm
673 2152 715 2199 est
737 2145 838 2210 facias,
868 2152 895 2199 et
915 2142 949 2197 ab
972 2159 1004 2199 eo
1036 2144 1111 2216 quod
1142 2143 1239 2199 maium

70 2232 111 2279 est
134 2233 158 2280 te
181 2225 326 2292 abstineas,
349 2233 376 2279 et
398 2225 468 2278 vivas
490 2226 545 2280 fico
566 2235 592 2279 ct
615 2232 643 2280 tu
664 2232 692 2280 et
712 2227 821 2288 caeteri,
843 2227 889 2296 qui
911 2224 979 2280 haec
1001 2225 1189 2281 custodierint.

507 2399 670 2472 [nanninus
693 2399 810 2471 uorum]

154 2516 191 2587 (a)
213 2519 255 2573 dit
277 2516 342 2571 mibi
366 2518 481 2572 iterum:
504 2518 573 2585 vide,
597 2517 724 2574 nedictus
748 2519 796 2583 sis,
819 2529 871 2570 nec
892 2530 1028 2588 nunquam
1051 2519 1077 2575 in
1100 2521 1149 2586 eis,
1171 2536 1240 2594 quac

69 2619 84 2657 a
105 2601 161 2655 fieo
184 2608 271 2673 petes,
293 2599 456 2654 inconstanti
478 2607 506 2655 et
527 2599 627 2674 duplici
650 2601 739 2655 animo
760 2598 852 2664 fueris,
875 2614 926 2654 nec
957 2599 1027 2671 apud
1049 2594 1086 2656 te¹
1116 2605 1238 2658 aestima·

69 2704 169 2770 ἆσιιεῖν
181 2703 377 2789 δικαιοσύνην,
394 2703 576 2786 σἰδεῖφότητα
593 2712 753 2787 συντηρεῖν,
768 2703 854 2788 ὕβριν
864 2701 961 2785 duno&
980 2704 1242 2790 supernotamus

69 2787 152 2873 εἶναι,
176 2787 387 2871 ἆμνησῖιιαιιον,
410 2786 573 2870 κάμνοντας
593 2796 628 2876 τῇ
649 2795 730 2876 ψυχῇ
751 2795 942 2868 παρακαλεῖν,
961 2730 1241 2872 ἳσκανὸαῖισμὲνους

70 2871 127 2936 ἀπὸ
150 2880 201 2953 τῆς
222 2875 343 2946 πίστεως
364 2868 404 2952 μὴ
418 2869 628 2954 ἀποβαῖέσθαι,
641 2869 706 2935 dtt'
721 2870 902 2954 ἐπιστρέφειν
912 2872 963 2934 καῖ
976 2871 1125 2954 ἐνθύμους
1134 2883 1240 2954 ποιεῖν,

69 2953 284 3036 ἁμαρτάνοντας
305 2964 466 3034 νουθετεῖν,
486 2953 628 3040 χρεώστας
646 2952 685 3036 μὴ
708 2956 839 3035 θλίβειν,
861 2954 967 3029 ἐνδεεῖς
994 2953 1034 3036 μὴ
1055 2963 1170 3030 λυπεῖν,
1191 2958 1241 3020 καὶ

70 3039 125 3102 ὅσα
145 3037 258 3112 τούτοις
277 3036 364 3120 ὅμοιά
386 3039 469 3102 ἔστιν.
513 3046 606 3103 Δοκεῖ
623 3059 670 3103 σοι
694 3045 784 3100 ταῦτα
814 3034 914 3120 &podda
947 3033 1036 3114 εἶναι;
1059 3073 1099 3083 -
1124 3041 1159 3101 Τῖ
1185 3036 1240 3122 γὰρ

70 3120 191 3185 δύναται
217 3119 327 3185 τούτων
356 3119 543 3206 ἆγοθώτερον
570 3119 660 3200 εἶναι,
687 3157 728 3168 -
758 3118 888 3200 Γύμναζε
913 3117 1034 3184 σεαυτὸν
1060 3121 1092 3184 ἐν
1118 3118 1241 3200 τούτοις,

70 3206 120 3270 καὶ
141 3204 180 3286 μὴ
203 3202 375 3288 ἒγκρατεύου
396 3203 522 3282 πάντων,
545 3206 594 3267 κα)
613 3203 684 3290 ζήσῃ
704 3210 745 3291 τῷ
768 3206 841 3289 Θεῷ.

147 3312 238 3405 Ἀρον
258 3318 317 3383 ἀπὸ
341 3327 395 3383 σοῦ
414 3317 468 3399 τὴν
489 3322 639 3400 διψυχῖαν,
661 3321 710 3384 κα)
731 3316 856 3401 μηδενὸς
876 3317 950 3394 ὅλοις
969 3316 1142 3405 διψυχήσρς,
1164 3311 1253 3402 αἰνή·Ι

72 3413 180 3468 σασθαι
201 3401 281 3488 παρὰ
301 3410 354 3467 τοῦ
369 3406 456 3479 Θεοῦ,
477 3403 567 3486 λέγων
579 3405 612 3466 ἐν
623 3409 745 3489 σεαυτῷ,
755 3400 800 3466 ὅτι
814 3408 878 3475 πῶς
889 3399 1051 3482 δυνήσομαι
1063 3403 1242 3483 αἰτήσασθαι

74 3640 203 3703 postmodo
216 3642 252 3688 bis
264 3654 287 3701 p.
298 3641 337 3698 iis,
357 3637 458 3686 accessit
477 3638 501 3686 in
519 3638 566 3686 fine
579 3644 641 3686 suot.
676 3637 777 3686 Grabius
786 3637 809 3685 in
818 3634 883 3697 Spic.
902 3633 964 3682 Patr.
976 3635 993 3682 Ι.
1004 3648 1028 3697 p.
1036 3635 1093 3685 303.
1112 3636 1147 3685 ibi
1162 3636 1241 3686 differt

126 3721 169 3780 25)
187 3723 401 3770 boructuariorum
417 3735 441 3782 p.
451 3724 552 3785 inquom,
565 3722 641 3769 cerdis
676 3694 744 3770 ἆρον
762 3702 879 3752 Μυῖθῦ
898 3708 922 3748 θῑ
938 3697 1029 3778 μηδὲν
1045 3697 1124 3759 ὅλως·

76 3791 132 3838 istis
151 3788 202 3836 vai.
727 3771 753 3832 ’2)
773 3776 853 3832 potens
873 3775 925 3815 erat
942 3783 966 3815 m
982 3767 1033 3817 Vnt.

214 3888 218 3897 ,
343 3887 347 3896 ,
640 3887 643 3895 ,
726 3835 753 3898 3)
773 3837 882 3898 quoniam
900 3836 1173 3900 quomodop.quomodo
1189 3850 1240 3885 cero

126 3887 169 3951 26)
195 3887 245 3935 Vive
263 3902 318 3949 erpo
339 3901 364 3934 ιιι
382 3886 422 3935 bec
441 3887 552 3936 nicodotn
565 3886 643 3935 etnots
678 3902 737 3962 pap,
756 3910 779 3951 ep
799 3902 901 3962 accipere
918 3915 943 3964 p,
963 3903 1073 3952 opum

76 3956 104 4004 cb
124 3956 161 4003 fiis
180 3955 284 4003 recedere
304 3953 354 4002 Vnt.
729 3970 757 4029 5)
777 3982 836 4032 quoe
855 3966 904 4016 Pal.

132 4037 175 4096 27)
195 4036 243 4085 Cfr.
263 4037 340 4086 Mund.
359 4039 382 4095 5,
401 4036 416 4085 2
435 4045 492 4085 extr.
727 4034 754 4098 6)
774 4048 853 4083 eorum
872 4049 896 4097 p.
916 4036 943 4084 de
965 4036 997 4084 iia
1015 4033 1076 4093 eat,
1095 4047 1150 4082 mox
1167 4047 1240 4096 open-

662 4102 731 4151 'dum
749 4117 772 4165 p.
791 4101 888 4164 spendo.

127 4171 205 4220 Mand.
225 4170 261 4219 tx.
299 4167 324 4229 1)
343 4184 374 4218 ια
392 4175 441 4217 ιοιο
455 4167 643 4230 p.omoiooVat.
727 4170 753 4231 ῖ)
772 4171 853 4217 boroni
871 4167 930 4228 rat,
947 4174 1033 4231 postea
1048 4172 1159 4230 peccante
1177 4168 1198 4215 ai
1216 4181 1240 4231 p.

77 4236 192 4286 Graecum
212 4237 288 4286 fiand.
306 4236 342 4285 lit.
362 4241 448 4283 textum
469 4233 543 4281 hebes
562 4233 644 4282 Doctr.
674 4243 805 4299 peccantes.

75 4304 105 4352 ed
130 4304 238 4352 dntiocb.
266 4319 289 4350 n.
307 4305 330 4352 9.
355 4315 378 4363 p.
402 4300 459 4349 256.
486 4306 509 4348 et
532 4299 641 4348 Antiocb.
727 4302 804 4351 Marad.
829 4301 866 4349 lx.
908 4298 938 4362 l)
961 4299 995 4349 tta
1028 4298 1122 4364 explico
1146 4298 1242 4351 Codicis

75 4371 139 4419 bom.
160 4370 200 4419 85.
236 4369 361 4419 Praeterea
384 4368 540 4429 fragmentum
565 4365 642 4418 edidit
675 4368 724 4418 Pal.
742 4368 829 4431 sigium
848 4365 912 4431 opr‘e.

144 4451 237 4500 Parrus
255 4464 340 4500 aroer.
1002 4451 1036 4500 ³0
