2886 4882
327 260 526 321 multllm
548 261 576 320 S.
597 263 729 322 tuderti.
756 262 846 321 xvttl.
866 262 932 322 xlx.
954 262 1008 322 XX.
1027 262 1095 323 nt.
1114 260 1194 323 ult
1285 256 1347 321 363

258 460 349 518 xvttt.
377 462 508 536 Princeps
528 461 609 518 buius
631 461 717 520 seculi
738 478 781 519 me
803 462 859 518 vult
880 462 999 537 diripere
1020 468 1048 518 et
1069 478 1347 539 cormmpcrsrnesn

175 549 202 604 iu
225 544 308 602 lleum
332 545 503 601 sententiam.
546 544 629 602 Nemo
652 561 719 619 ergo
742 560 775 601 er
796 545 845 612 iis,
880 545 927 618 qui
948 544 1062 612 adsunt,
1095 543 1134 601 illi
1162 561 1241 619 opem
1262 544 1348 617 ferale

176 637 264 686 estote
283 630 337 685 naci
359 628 459 701 potius,
482 628 536 683 lroc
559 635 604 687 est,
621 628 675 684 Ilei.
717 628 756 684 Nc
777 626 925 701 loquamini
946 627 1035 682 lesum
1049 625 1195 694 Christum,
1216 627 1347 685 mundum

175 728 240 768 vcro
264 711 435 768 desideretis.
477 709 516 767 lio
536 711 638 767 habitet
659 711 685 766 in
707 709 784 767 vobis
807 710 922 781 invidia,
943 725 994 765 nec
1017 709 1114 783 elego
1136 709 1246 782 quidem
1268 726 1345 783 prae·

177 810 242 851 sens
265 811 313 851 vos
334 810 437 866 rogem,
455 800 548 868 parete
569 793 652 860 milri3
675 793 708 849 iis
729 801 818 851 autem
839 799 934 868 purete
955 791 1055 866 potius,
1077 807 1146 867 quae
1168 807 1219 865 ego
1243 792 1277 849 ad
1297 808 1346 849 voa

175 875 278 934 scribo.
321 875 359 932 Er
379 876 412 931 iis
434 876 515 945 enim,
538 892 608 949 quae
629 875 722 934 scribo
744 876 777 933 ad
798 893 856 944 ros,
877 874 947 931 mori
969 874 1060 949 cupio.
1103 872 1178 931 llens
1200 889 1277 931 amor
1305 882 1349 933 eat

176 960 252 1017 cruci
274 958 382 1015 allisus:
405 966 432 1014 et
455 975 510 1015 non
533 967 575 1015 cst
596 960 623 1014 in
641 975 683 1016 me
702 959 772 1032 iguis
789 975 881 1015 amans
897 957 1042 1025 materiae;
1065 963 1234 1031 auunautcun
1255 956 1348 1030 potius

175 1043 234 1099 riva
256 1050 284 1098 et
304 1041 331 1097 in
353 1058 395 1097 me
418 1040 545 1114 loquens,
567 1058 636 1115 quac
657 1042 729 1099 intus
751 1041 816 1099 mibi
838 1040 918 1098 dicit:
940 1037 1006 1096 Veni
1019 1038 1054 1097 ad
1074 1046 1188 1114 patrem.
1229 1038 1288 1095 Nou
1302 1036 1348 1097 ale·

176 1126 264 1183 lector
285 1125 449 1181 nutrimento
472 1124 672 1198 corruptionis,
698 1141 788 1199 neque
809 1121 992 1198 uoluptatibus
1019 1122 1099 1181 lanius
1127 1119 1207 1181 uitae.
1247 1121 1349 1179 Panem

178 1208 224 1264 bei
245 1207 322 1275 volo,
351 1223 446 1281 penem
469 1206 627 1274 ceclestcm,
648 1224 745 1281 panem
767 1206 850 1273 vitae,
873 1206 920 1281 qui
941 1212 984 1262 est
1005 1222 1070 1263 caro
1093 1202 1154 1261 lesu
1178 1204 1278 1261 Christi
1300 1201 1349 1265 tttt

178 1290 239 1359 liei,
268 1290 314 1364 qui
343 1296 438 1363 postca
471 1297 550 1346 natus
576 1297 619 1345 est
645 1306 678 1345 er
704 1290 808 1347 semine
829 1287 935 1345 ltnvidis
956 1294 984 1345 et
1003 1287 1166 1357 dbrebauni3
1198 1295 1347 1361 nepotum

178 1372 225 1429 bei
245 1373 316 1441 volo,
339 1373 397 1429 eius
420 1373 587 1446 sauguinem,
610 1372 656 1446 qui
678 1380 721 1429 est
741 1371 840 1429 caritas
861 1372 1019 1445 incorrupta
1040 1379 1068 1429 et
1092 1371 1145 1427 rita
1167 1372 1307 1447 perennis.

259 1519 324 1579 xtx.
366 1520 425 1577 Non
448 1522 562 1596 amplius
582 1520 644 1578 volo
665 1522 753 1578 vivere
775 1521 847 1577 sicut
865 1518 1011 1586 bomines;
1039 1518 1093 1576 boc
1115 1525 1203 1578 autem
1226 1522 1295 1589 orit,
1323 1518 1358 1579 si'

177 1621 224 1664 ros
247 1603 394 1660 uolueritis.
438 1604 529 1661 Velitis
549 1621 626 1677 ergo,
648 1611 678 1661 ut
699 1620 747 1660 vos
770 1618 881 1677 qnoque
905 1600 976 1659 lleus
998 1599 1071 1657 velit.
1114 1600 1245 1661 Brevibus
1260 1602 1349 1661 literis

179 1696 241 1762 pcto
268 1704 284 1741 a
309 1684 401 1754 vobis3
431 1688 496 1743 mibi
525 1686 637 1743 credite.
680 1686 757 1744 lesus
785 1701 850 1742 vero
880 1684 1004 1742 Christus
1033 1682 1111 1741 uobis
1141 1685 1210 1743 baec
1237 1686 1350 1762 aperiet,

180 1771 225 1844 qui
246 1777 289 1827 est
309 1786 340 1825 os
362 1786 417 1825 non
439 1771 561 1838 mendas,
584 1769 657 1843 quod
680 1785 744 1826 vera
766 1768 837 1826 dico.
880 1767 966 1825 Petite
988 1783 1039 1841 pro
1061 1784 1113 1837 me,
1134 1775 1166 1825 ut
1186 1784 1352 1845 consequar.

178 1851 236 1910 lion
260 1853 409 1911 secundnm
430 1869 539 1910 carnem
562 1852 639 1910 uobis
662 1852 777 1928 scripsi,
805 1850 854 1909 sed
877 1848 1027 1909 secundnm
1051 1850 1099 1909 llei
1120 1852 1298 1921 sententiam,
1325 1850 1351 1913 st

179 1936 273 2011 patiar.

260 2065 313 2122 xx.
357 2065 520 2125 Mementote
541 2067 568 2123 in
591 2068 713 2125 oratione
734 2075 824 2126 vestre
846 2067 979 2126 ecelesiae
1001 2067 1109 2144 Syriae,
1133 2059 1213 2143 'ques
1235 2082 1287 2142 pro
1307 2084 1353 2127 aas

179 2152 262 2208 utitur
289 2158 399 2225 pastore
422 2150 485 2208 llco.
529 2148 610 2207 Solus
639 2152 725 2225 ipsam
745 2151 821 2208 lesus
841 2151 967 2208 Christus
993 2151 1115 2211 visitabit
1143 2168 1175 2208 ac
1203 2152 1260 2211 uice
1289 2150 1352 2226 llpi·

178 2233 255 2308 seopi
285 2240 376 2307 reget,
408 2240 436 2290 et
466 2241 556 2289 restra
578 2234 686 2290 caritas.
737 2232 841 2289 Salutat
869 2249 918 2290 vos
952 2249 1031 2290 meus
1057 2234 1170 2309 spiritus
1192 2242 1220 2291 et
1252 2233 1350 2291 caritas

179 2317 365 2384 ecclesiarum,
388 2333 457 2389 quac
479 2331 523 2370 nne
544 2321 725 2389 susceperunt
746 2314 774 2371 in
795 2315 905 2371 nomine
926 2315 989 2371 lesu
1006 2314 1114 2385 Gbristi,
1136 2330 1193 2370 non
1214 2322 1350 2389 tamquam

179 2406 373 2459 uanseumcm.
416 2397 521 2453 Etenim
542 2412 612 2469 quae
633 2413 676 2453 me
698 2411 754 2454 non
776 2402 962 2453 convenerunt
981 2395 1010 2451 in
1030 2397 1081 2465 ria,
1102 2411 1172 2471 quae
1196 2402 1238 2452 est
1255 2412 1352 2453 secun·

180 2481 243 2540 duur
265 2496 382 2548 carnem,
404 2496 447 2536 me
470 2479 638 2535 deduxerunt
658 2479 686 2535 in
704 2476 865 2535 civitatibus.

261 2630 324 2688 xxi.
367 2628 471 2703 Scripsi
492 2634 581 2684 eutem
602 2626 671 2685 bace
692 2625 727 2683 ad
747 2641 795 2683 vos
817 2584 1004 2703 Smyrns’per
1016 2624 1150 2700 Ephesios
1170 2624 1268 2683 merito
1289 2624 1353 2685 boa·

172 2709 234 2772 'tos
276 2715 324 2770 list
345 2729 409 2770 vero
429 2728 535 2769 meeum
558 2726 620 2769 eum
641 2709 734 2768 multis
755 2709 815 2767 aliis
837 2708 942 2767 Crocus
970 2725 1095 2784 quoque,
1123 2723 1223 2767 nornen
1245 2707 1353 2767 deside·

180 2797 282 2866 rabile,
305 2814 401 2854 eornm
423 2796 470 2870 qui
490 2811 597 2852 mecum
617 2800 751 2852 venerunt
771 2810 786 2851 e
809 2792 888 2869 Syrie
908 2792 943 2850 ad
965 2793 1079 2867 glorians
1099 2791 1158 2850 usi.
1199 2791 1254 2850 lsta
1274 2790 1352 2851 robis

181 2880 278 2955 scripsi
300 2896 373 2937 nono
395 2878 506 2937 Kalend.
528 2876 707 2953 Septembris.
748 2876 840 2935 Valete
862 2885 1012 2951 perpetuo,
1034 2874 1141 2947 dilecti,
1162 2875 1188 2933 ie
1210 2874 1354 2935 tolerantia

180 2963 242 3020 lesu
263 2962 371 3020 Christi.
412 2963 508 3021 lmen.

264 3110 343 3171 xxti.
392 3109 447 3168 Sed
476 3117 519 3169 est
549 3110 617 3168 baec
646 3102 757 3185 quidem
792 3106 915 3184 epistola.
967 3106 1029 3185 lpse
1063 3115 1153 3166 sumna
1180 3107 1260 3181 paulo
1290 3114 1354 3183 post

182 3194 297 3270 Smyrna
318 3191 451 3252 deductus
473 3193 632 3250 amilitibus
655 3210 716 3251 cnm
735 3192 886 3268 appulisset
898 3192 1031 3250 Troadem
1054 3188 1243 3265 etlteapolim,
1264 3198 1354 3249 uana·

182 3279 214 3336 iit
242 3275 328 3352 pedes
356 3293 407 3350 per
435 3275 576 3350 Philippos
598 3283 627 3332 et
646 3275 841 3345 llaeedonianr,
860 3290 907 3332 sss
929 3282 1085 3351 quaesunt
1113 3276 1141 3332 in
1169 3273 1211 3331 ria
1236 3273 1355 3335 invisens

181 3360 325 3427 ecclesias,
347 3366 427 3434 atquc
447 3360 475 3415 in
498 3360 539 3415 eis
555 3358 668 3426 docens,
690 3360 846 3425 exhortans,
870 3357 1020 3429 disserens,
1042 3358 1155 3416 lratruru
1169 3357 1352 3433 simpliciores

182 3462 214 3503 ao
235 3441 428 3500 imbecilliores
455 3440 619 3498 confirmans
639 3448 668 3498 et
682 3440 826 3509 officiens,
854 3447 884 3497 ut
912 3458 1007 3498 omnes
1036 3440 1178 3515 vigilarent
1204 3448 1353 3517 essentque

182 3525 276 3585 sobrii.
319 3524 384 3581 Cana
406 3542 471 3583 vero
499 3523 668 3596 pervenisset
689 3522 830 3598 Epidamni
853 3519 964 3598 lipirnm
992 3540 1025 3580 ue
1051 3540 1126 3581 mare
1157 3522 1355 3585 transmisisset

181 3608 347 3666 Adriaticum
369 3614 397 3664 et
411 3605 590 3682 Tyrrhenum,
611 3606 725 3681 appellit
737 3606 919 3663 Romanorum
935 3605 1075 3663 Puteolos.
1116 3605 1242 3681 llospitio
1263 3614 1354 3665 autem

183 3700 314 3765 exceptus
337 3690 417 3747 simul
439 3706 501 3746 cum
522 3688 652 3747 militibus
672 3688 706 3746 ab
730 3688 772 3757 iis,
797 3689 844 3763 qui
866 3686 921 3745 illic
942 3694 1021 3747 crant
1042 3686 1178 3759 lldclibus,
1200 3690 1354 3763 traditaque

182 3774 237 3831 illie
250 3790 361 3848 quoque
377 3773 538 3829 salutatione
553 3772 581 3827 in
596 3771 718 3839 bomino,
730 3772 803 3828 venir
816 3770 936 3837 llomam,
951 3777 980 3827 ct
994 3771 1101 3828 sistitur
1108 3778 1170 3829 ante
1183 3770 1355 3833 Prselsetmn

183 3855 272 3914 Urbis.
313 3856 339 3912 ls
362 3871 428 3930 ergo
450 3854 644 3929 Theopborum
660 3854 781 3925 intuitus,
794 3853 949 3927 litterisque
962 3852 1277 3929 lmperatorisaceeptis,
1292 3866 1355 3911 enm

235 4014 294 4089 Cap.
311 4017 357 4069 XL
395 4014 420 4083 l)
437 4016 471 4067 ltn
488 4016 572 4081 AEN,
597 4008 663 4067 dus
680 4010 751 4089 ἐμοῦ
835 4012 894 4079 Cap.
902 4012 970 4065 xxti
996 4008 1091 4136 ¹an
1075 4006 1258 4079 νέπιδάμνω
1273 4004 1357 4075 ἤπιο-

785 4080 869 4152 prud,
887 4077 938 4146 aiv
956 4074 989 4134 le

183 4084 247 4148 vulg.
1074 4074 1155 4149 ἀμνω
1171 4074 1290 4145 ἤπειρον
1307 4074 1336 4127 tt.

234 4152 261 4215 2)
281 4156 337 4271 Χῖι
327 4149 406 4210 ‘wls
422 4151 513 4202 d¹¹¹¹¹¹
507 4167 531 4201 ¹¹¹
550 4151 586 4201 ΑΙ·
606 4150 654 4201 ⁶⁰¹·
835 4162 864 4228 2)
884 4159 948 4223 τοὺς
965 4163 1058 4217 restitui
1073 4163 1140 4221 οιΑ,
1158 4156 1209 4218 τὰς
1223 4158 1271 4209 ΕΝ
1291 4158 1355 4225 suls.

185 4220 296 4352 quilii
300 4216 569 4340 ..lislll‘lldil
586 4215 669 4334 ll..
663 4232 688 4267 ¹¹¹
704 4214 752 4265 ¹¹⁰⁰
836 4244 866 4314 u
883 4246 918 4309 n.
937 4242 1069 4305 aeae..
1088 4244 1137 4295 cn.

236 4354 267 4420 2)
283 4354 450 4427 concepero„
465 4354 485 4404 Β
502 4359 527 4405 ss
543 4366 593 4403 m
610 4350 667 4401 1002,
687 4348 752 4413 ,pap
835 4330 863 4396 l)
881 4326 944 4383 else
960 4327 1012 4395 uls
1027 4327 1063 4379 sl.
1079 4326 1146 4391 apud
1162 4322 1219 4375 Got-

185 4422 238 4473 c¹¹¹
837 4412 865 4478 b)
882 4407 971 4465 aldeis
988 4410 1018 4463 ll.
