2886 4882
298 166 329 259 ι’
344 198 540 259 mmrts
559 203 602 260 ‚tn
623 203 698 261 con.
721 204 796 262 utu.
818 203 904 262 ιιιιι.
925 202 989 260 ιιι.
1179 198 1236 258 tos

69 366 132 429 tsta,
153 364 205 421 sed
229 366 316 423 irrita
341 366 450 424 lesistis
478 386 538 426 mea
560 370 690 435 consilia,
719 380 746 427 et
772 373 841 427 meis
870 367 1103 443 increpationibus
1126 368 1242 427 rebelles

67 450 148 503 bula:
177 451 278 523 filaque
302 460 335 506 et
362 466 418 524 ego
446 462 537 509 restra
568 456 721 527 perditione
752 454 865 519 ridebo,
893 453 1016 525 gaudebo
1046 461 1149 521 autem,
1180 471 1241 511 cum

65 536 148 588 urit
183 534 271 590 rubis
309 536 458 609 interitus,
495 546 522 591 et
555 539 663 610 quoties
703 537 842 594 advenerit
878 536 953 590 vobis
984 535 1074 590 suluto
1102 537 1241 607 tututdtus,

64 622 150 673 nenio
172 626 273 673 autem
297 618 401 673 sirnilis
422 619 560 692 procellae
589 618 713 687 alluerit,
736 620 777 676 rel
802 636 862 675 eum
893 621 997 674 verterit
1024 619 1101 672 robis
1130 619 1241 677 tribula·

64 703 131 757 laet
151 702 327 775 oppressio.
369 699 428 757 Erit
444 705 534 767 enim,
556 720 616 759 cum
637 703 796 759 invocabitis
815 720 875 768 nie,
899 719 950 773 ego
972 710 1060 755 autom
1084 718 1136 756 non
1162 719 1241 760 esau·

64 786 116 841 dom
140 802 211 849 sos3
245 793 390 858 quaerent
416 802 459 841 me
485 787 563 851 mali,
585 795 613 842 ct
634 803 688 842 nou
710 788 853 842 invenient.
897 785 1020 839 (iderunt
1042 785 1111 838 enim
1134 790 1240 858 sapien·

62 880 121 935 tan,
151 869 292 925 timurm
323 875 415 923 autem
445 867 550 925 [lumini
580 887 636 926 non
668 876 868 932 assumserunt,
897 885 985 941 neque
1019 867 1143 922 vellebant
1172 870 1240 925 tarcis

62 952 188 1008 rdeadere
212 951 367 1015 consitum
388 950 591 1009 subsannabant
610 962 700 1010 autem
719 970 793 1009 meas
816 952 1029 1024 redargutiones.
1059 950 1129 1021 tlt-po
1152 968 1240 1007 coute-

63 1035 113 1091 lcat
131 1037 194 1091 riae
217 1051 291 1090 suae
314 1033 437 1103 lructus,
458 1042 487 1090 et
509 1052 557 1090 sua
577 1038 700 1110 ipsorum
720 1037 858 1110 impietate
878 1026 1240 1090 saturabuntur⁶*”*'*⁸

62 1112 209 1139 11111111
216 1109 390 1139 cotoneo

98 1265 186 1322 [llll.
234 1265 319 1321 Deus
339 1266 467 1321 oneribus
486 1266 576 1338 ι’ρπιιιι
597 1267 789 1325 intercutibus
810 1271 882 1326 bonu
903 1269 1064 1343 spiritualia
1086 1269 1197 1324 tribunt.

132 1382 292 1457 lnspector
314 1382 434 1437 omnium
457 1380 542 1449 bens,
574 1391 601 1438 ct
622 1383 752 1441 Dominus
774 1387 917 1460 spirituum
950 1395 976 1441 et
994 1386 1076 1441 herm
1098 1387 1240 1443 uniuersae

62 1468 158 1534 mnis,
190 1465 243 1539 qui
276 1464 360 1537 elegit
382 1464 522 1520 {lominum
544 1466 631 1522 lesum
654 1469 805 1535 Christum,
829 1476 856 1523 et
878 1485 928 1524 nos
950 1485 1001 1543 per
1022 1485 1083 1524 eum
1106 1469 1133 1523 in
1155 1487 1240 1543 popu·

62 1552 109 1606 han
127 1548 326 1624 peculiarem,
357 1547 404 1603 det
424 1549 496 1603 omni
518 1550 636 1618 animae,
675 1568 744 1625 quae
774 1551 923 1625 gloriosum
946 1560 974 1607 et
995 1560 1118 1607 sanctum
1140 1567 1240 1607 rtnruen

125 1633 312 1698 invocaverit,
334 1629 425 1697 iidem,
445 1631 577 1701 timorem,
600 1651 704 1708 pacem,
724 1636 890 1709 patientiam,
912 1636 1154 1708 aequanimitatem,
1176 1652 1240 1689 coit·

62 1718 220 1785 meatim,
257 1714 410 1771 castitatem
433 1722 460 1770 et
481 1715 653 1787 pudicitiam,
685 1726 715 1774 ut
737 1718 840 1774 nomini
863 1718 923 1773 eius
946 1725 1020 1774 recte
1044 1718 1157 1791 placeat,
1192 1734 1242 1791 per·

61 1818 195 1857 mmmm
225 1797 401 1855 sacerdotem
427 1805 455 1853 et
482 1807 625 1872 patronum
656 1808 779 1857 nostrum
802 1801 890 1857 lesum
910 1800 1064 1868 Christum,
1088 1818 1138 1874 per
1159 1818 1240 1875 eptem

62 1885 95 1941 m
113 1884 220 1959 gloria,
244 1883 390 1950 numesius,
411 1888 545 1953 potestas,
567 1883 672 1953 bonor,
706 1892 734 1940 et
765 1902 838 1940 nunc
866 1892 894 1940 et
915 1886 941 1940 in
965 1883 1056 1941 secula
1077 1883 1241 1941 seculorum.

64 1968 159 2025 lun!

100 2114 170 2171 tm.
213 2116 352 2172 Corietbii
371 2116 469 2172 nisam
490 2134 509 2172 o
529 2115 664 2172 Clemente
685 2117 739 2172 cito
759 2118 915 2183 remittunt,
938 2118 1144 2190 rescriboutque
1166 2119 1199 2172 dc

402 2216 552 2272 concordio
567 2217 703 2273 restituto.
741 2217 906 2273 benedictio.

144 2330 246 2387 {isses
268 2336 358 2386 autem
380 2347 396 2386 a
415 2329 495 2386 nobis
517 2330 657 2386 Claudium
678 2331 818 2405 Ephebum
841 2341 868 2387 et
883 2332 1016 2388 Valerium
1036 2332 1157 2388 Bitonem
1180 2348 1240 2388 cum

65 2415 216 2471 tartunam
237 2414 264 2468 in
283 2429 351 2486 paee
373 2429 434 2470 eum
455 2414 554 2487 gaudio
576 2414 610 2469 ad
632 2430 684 2469 nos
705 2414 777 2472 breui
795 2416 932 2483 remittite,
955 2424 984 2470 ut
1001 2416 1081 2470 citius
1096 2413 1241 2486 optabilem

64 2499 201 2570 nobisque
223 2495 481 2553 desideratissimam
503 2512 598 2569 pacem
620 2504 647 2552 et
670 2498 846 2554 concordiam
871 2499 1043 2561 annuntient,
1076 2503 1106 2549 ut
1135 2502 1161 2549 et
1190 2511 1240 2549 nos

64 2581 96 2637 de
117 2589 193 2636 statu
213 2586 308 2635 restro
329 2586 405 2635 recte
435 2579 560 2636 ordinato
590 2579 671 2634 citius
692 2581 865 2652 gaudeamus.
909 2581 997 2637 Gratia
1020 2577 1124 2634 bomini
1154 2578 1240 2633 nostri

64 2663 127 2719 lesu
149 2662 252 2718 Cbristi
274 2663 311 2717 sit
337 2660 477 2718 vobiscum
502 2669 529 2717 et
550 2678 612 2717 eum
633 2662 759 2718 omnibus
781 2662 883 2736 ubique
905 2665 1007 2719 voeatis
1030 2680 1045 2717 a
1067 2662 1121 2718 tteo
1144 2668 1171 2716 et
1193 2676 1241 2736 per

63 2748 172 2820 ipsum5
195 2761 248 2819 per
267 2761 349 2818 mrem
371 2745 408 2801 illi
431 2745 527 2818 gloria,
547 2745 645 2811 bonor,
667 2747 797 2818 potentia,
821 2748 947 2803 maiestas
970 2754 997 2802 et
1010 2745 1157 2803 dominatio
1173 2760 1241 2801 seut·

63 2832 182 2903 piterna,
205 2845 221 2884 a
242 2827 342 2884 secedis
363 2828 390 2883 iu
412 2828 502 2884 secula
523 2827 688 2884 seculorum.
730 2827 830 2884 Amen!

371 2976 516 3034 Clementis
538 2977 572 3034 ad
593 2977 750 3036 Corinthios
771 2979 893 3054 lipistola
919 2979 936 3035 l.

64 3123 278 3137 ——-

63 3212 95 3261 iis
112 3209 176 3259 locis
200 3222 262 3272 quae
284 3204 370 3255 Photio
393 3203 580 3268 displicuerunt,
599 3204 639 3254 Bi·
672 3206 722 3254 toni
746 3213 801 3254 sunt
829 3206 882 3254 data
910 3221 952 3254 sata
977 3208 1140 3269 proeuomiuu.
1184 3206 1241 3258 llus.

63 3278 153 3327 bliotb.
175 3276 231 3326 126.
265 3276 293 3324 dt
311 3273 396 3322 eodem
413 3272 486 3321 modo
505 3272 637 3322 &Paulum
671 3273 815 3321 Fortunatus
839 3273 902 3321 idem
924 3289 976 3322 esse
995 3275 1102 3335 uidetur,
1131 3274 1170 3337 qui
1191 3291 1203 3322 a
1222 3275 1239 3324 l.

64 3355 90 3397 et
106 3346 134 3395 ll.
154 3342 270 3407 ignatium
296 3341 326 3390 de
345 3339 440 3389 Christo
465 3339 559 3389 locutus
584 3355 637 3389 esse
672 3339 747 3388 Paulo
767 3348 912 3389 memoratur
931 3340 939 3388 l
958 3340 1011 3390 Cor.
1034 3343 1071 3401 16,
1093 3343 1129 3391 tt.
1153 3342 1215 3391 Wott.

65 3410 365 3464 demonstrstll'ottonns.
399 3406 456 3456 l'idu
474 3422 548 3470 supra
566 3408 639 3457 etti.
724 3406 753 3469 2)
771 3407 823 3456 Nou
841 3417 889 3467 est,
913 3409 978 3471 qttod
1003 3426 1030 3459 en
1050 3410 1146 3461 Codicis
1165 3410 1241 3459 [orme

66 3482 114 3531 loe.
152 3479 202 3528 Cir.
221 3476 295 3527 liebr.
313 3477 337 3535 l,
358 3476 396 3525 15.
412 3474 435 3533 2,
456 3474 494 3524 l'l.
512 3474 536 3534 3,
558 3475 579 3524 1.
601 3476 638 3524 10.
672 3489 725 3524 eum
753 3475 875 3524 nonnullis
900 3475 962 3537 vulg.
988 3486 1104 3528 nudemus
1130 3477 1153 3530 in
1179 3474 1241 3528 lui·

672 3536 809 3606 πόθηιον.

114 3614 175 3679 Cap.
194 3613 252 3664 llll.
289 3608 315 3672 l)
335 3610 425 3659 Forsan
439 3609 566 3671 legendum
585 3605 638 3660 σὺν
722 3609 749 3670 3)
767 3610 881 3659 ll'ottono
899 3612 1068 3663 etlocobsouo
1091 3613 1190 3663 testibus
1210 3614 1242 3665 ita

62 3679 142 3749 Γαΐῳ
155 3674 360 3751 Φορτουνάτῳς
376 3691 430 3726 nam
443 3677 544 3740 prebo
562 3685 586 3726 et
598 3677 637 3724 vi-
671 3677 830 3727 sirbocm'bitur
847 3678 871 3726 in
889 3679 931 3728 lls.
