2886 4882
208 232 270 297 556
397 230 532 291 duum
554 229 691 290 etstan
744 228 842 290 Llllhll
861 230 904 287 lll.
945 229 1082 288 Sllllbll'.
1102 228 1147 289 lX.
1167 223 1218 301 (Δ)

206 400 307 458 caeteri
329 399 428 457 lacient
444 399 542 456 auditis
565 398 697 456 mandatis
718 399 803 465 meis;
827 397 938 472 exiguae
960 397 1031 453 enim
1054 404 1119 453 sunt
1139 396 1204 454 lites
1227 414 1396 466 eorumne

206 481 286 540 lacile
313 482 348 539 ad
375 482 568 556 poenitentiam
602 489 754 539 recurrent.
797 471 843 537 Μ’
874 480 917 546 hi,
948 480 994 554 qui
1024 480 1141 536 maiores
1162 479 1294 550 habent,
1325 483 1394 539 sicat

205 565 309 640 lapides
332 566 487 639 pertinaces
508 574 602 632 eruat,
624 564 788 621 simultatum
817 571 844 620 et
872 561 1038 620 offensarum
1061 571 1125 618 sunt
1152 580 1322 632 memores,
1345 566 1392 622 ira·

205 647 329 706 cundiam
351 649 421 706 inter
442 665 472 704 se
485 656 654 705 exercentes.
696 646 729 703 lli
743 663 809 720 ergo
832 644 930 702 abiecti
945 655 1009 702 sunt
1029 639 1152 714 aturri,⁴
1172 654 1203 703 et
1216 665 1234 703 a
1248 655 1391 705 structura

205 732 264 789 eius
279 729 434 806 reprobati;
458 731 612 788 huiusmodi
634 746 699 804 ergo
716 730 840 786 leontines
856 727 968 785 dilltcile
982 729 1078 785 vivent.
1122 727 1194 786 Deus
1211 737 1240 786 et
1257 729 1388 788 llorninax

205 823 309 883 noster,
331 806 555 888 quidominaturl
576 814 696 870 omnium
716 829 817 880 rerum,
839 819 867 867 et
888 820 1028 869 creaturae
1051 828 1116 868 suae
1137 813 1291 869 universae
1309 813 1389 871 babet

204 905 381 972 potestatem,
410 897 531 953 offensas
560 897 717 953 meminisse
739 912 793 952 non
821 895 889 961 vult,
910 895 960 950 sed
982 894 1014 951 ab
1038 894 1097 963 his,
1119 895 1166 968 qui
1197 905 1320 970 peccata
1341 915 1387 954 sua

205 979 384 1048 confitentur,
414 979 495 1036 lacile
526 979 653 1054 placatur.
695 978 781 1034 llomo
804 994 883 1045 vero,
912 995 972 1033 cum
1001 977 1037 1033 sit
1062 977 1223 1050 languidus,
1254 980 1387 1047 mortalis,
1435 980 1438 989 ’

206 1061 328 1119 infirmus
349 1071 377 1118 et
398 1061 516 1136 repletus
546 1062 681 1136 peccatis,
712 1061 815 1116 bomini
845 1069 1052 1134 perseveranter
1084 1060 1226 1127 irascitur,
1257 1069 1386 1136 tanquan

205 1161 369 1202 conservare
401 1161 461 1200 eum
491 1136 591 1218 possit⁸
613 1151 660 1199 aut
689 1144 815 1216 perdere.
857 1142 913 1216 ligo
934 1150 1022 1199 autem
1043 1158 1091 1199 vos
1112 1135 1244 1210 moneo,'
1273 1147 1385 1202 nuntius

204 1236 233 1285 et
253 1229 425 1301 praepositus
454 1227 662 1301 poenitentiae,'
684 1234 727 1294 ut,
751 1225 907 1299 quicunque
934 1225 1103 1299 propositum
1123 1225 1176 1281 tale
1196 1225 1321 1295 habetis,
1343 1228 1385 1286 de·

205 1310 311 1384 ponatis
333 1309 409 1378 illud,
432 1309 513 1366 etad
535 1308 730 1384 poeniteutiam
752 1308 917 1377 recurratis;
938 1315 965 1364 et
986 1307 1115 1364 liominus
1136 1307 1298 1366 medebitur
1313 1311 1384 1384 prin·

204 1391 282 1449 ribus
305 1392 413 1449 delictis
434 1394 541 1462 vestris,
564 1394 587 1448 si
609 1392 642 1448 ab
667 1391 719 1447 hoc
742 1391 885 1447 daemonio
909 1407 954 1447 vos
975 1389 1197 1465 purificaveritis3
1222 1391 1268 1448 sin
1284 1393 1384 1462 minus,

204 1475 238 1532 ad
260 1485 374 1533 mortem
398 1476 542 1533 trademini
564 1468 630 1532 itli.‘⁸
775 1486 776 1490 ’

291 1688 331 1762 (x)
355 1691 442 1748 lllllV.
486 1693 531 1761 ,lle
552 1701 644 1749 monte
669 1690 872 1765 veroxeptimo,
895 1691 921 1746 iu
945 1707 999 1764 qun
1016 1689 1114 1745 virides
1136 1698 1164 1745 et
1179 1688 1283 1747 hilares
1306 1700 1386 1747 erant

204 1773 319 1843 herbae,
342 1783 370 1830 et
392 1783 464 1831 totus
486 1792 564 1831 mons
587 1776 681 1832 fertilis
711 1783 784 1843 erat,
807 1789 942 1847 omneque
966 1789 1051 1847 genus
1073 1773 1207 1846 pecudum
1231 1773 1384 1847 carpebant

203 1856 384 1930 pabulumex
406 1857 498 1913 herbis
520 1858 622 1913 montis
645 1857 782 1924 eiusdem,
812 1863 840 1913 et
862 1865 963 1930 quanto
991 1857 1076 1928 magis
1099 1855 1201 1912 herbae
1229 1856 1293 1912 illae
1326 1873 1381 1912 car·

202 1936 353 2011 pehantur,
378 1946 450 1993 tanto
480 1939 607 1995 laetiores
636 1932 815 2008 revirehant,¹
837 1937 990 1996 huiusmodi
1013 1947 1094 2003 sunt,
1124 1938 1170 2012 qui
1192 1938 1381 2007 crediderunt,

203 2018 343 2092 simplices
364 2029 391 2075 et
413 2020 477 2076 boni
497 2036 620 2095 semper,
643 2030 671 2077 et
692 2020 779 2077 nullas
803 2021 934 2078 habentes
956 2023 1079 2078 intense
1102 2021 1308 2089 dissensionem
1331 2021 1382 2078 sed

201 2101 332 2159 laetantes
354 2119 463 2177 semper
475 2104 509 2160 de
524 2104 610 2161 servis
626 2103 679 2171 liei,
702 2103 789 2160 induti
811 2105 936 2178 spiritum
949 2105 1081 2178 virginum
1097 2105 1200 2170 harum,
1222 2112 1252 2160 et
1269 2121 1381 2179 semper

202 2185 229 2241 in
250 2201 345 2242 omnes
369 2178 504 2242 hornines'
527 2187 561 2244 ad
582 2184 732 2244 taciendam
754 2187 970 2243 misericordiam
993 2188 1119 2261 prompti,
1142 2194 1169 2243 et
1183 2186 1217 2243 de
1232 2185 1378 2244 laboribus

203 2268 260 2325 suis
283 2270 388 2325 cunetis
411 2269 566 2328 hominihus
589 2270 668 2327 lacile
690 2269 840 2326 tribuentes
862 2272 921 2327 sine
944 2270 1110 2344 improperio
1125 2278 1153 2325 et
1168 2267 1378 2326 deliberatione.

203 2350 265 2408 Visa
287 2352 369 2425 igitur
397 2351 527 2411 Dominus
558 2352 727 2428 simplicitate
749 2360 777 2409 et
798 2353 871 2408 omni
894 2352 1004 2410 inlantia
1032 2368 1141 2423 eorum,
1172 2352 1243 2407 auxit
1272 2367 1322 2408 eos
1351 2353 1379 2408 in

202 2426 357 2492 laboribus⁸
386 2453 513 2493 mannum
541 2453 665 2502 suarum,
688 2443 715 2492 et
737 2434 811 2491 dedit
831 2435 871 2491 eis
893 2437 919 2491 in
945 2437 1017 2491 omni
1046 2451 1131 2509 opere
1152 2435 1276 2507 gratiam.
1320 2433 1377 2507 Ego

202 2525 291 2574 autem
313 2517 409 2576 hortor
429 2535 492 2586 vos,
514 2520 686 2595 praepositus
715 2518 896 2592 poenitentiae
920 2520 1044 2584 nuntius,
1067 2517 1093 2573 in
1115 2517 1209 2574 eodem
1230 2518 1376 2592 proposito

201 2616 378 2673 permanere,
403 2603 558 2676 quicunque
581 2603 646 2659 estis
668 2601 837 2669 huiusmodi,
861 2618 894 2657 ne
916 2601 1071 2658 eradicetur
1092 2616 1184 2657 semen
1206 2608 1329 2656 vestrum
1349 2600 1376 2655 in

201 2698 302 2740 aevum.
346 2683 475 2740 hominus
497 2685 569 2742 enim
591 2701 639 2742 vos
659 2684 791 2757 probavit,
814 2690 840 2740 et
856 2683 1020 2758 conscripsit
1042 2684 1068 2739 in
1089 2690 1212 2739 nostrum
1226 2698 1378 2751 numerum,

202 2773 230 2821 et
250 2782 329 2822 omne
352 2782 446 2872 sempn
467 2775 585 2824 vestrum
614 2782 676 2823 cum
701 2765 768 2822 llilio
790 2765 837 2822 liei
865 2765 1010 2834 habitabit3
1033 2765 1065 2822 de
1088 2766 1185 2839 spiritu
1213 2765 1288 2821 eninr
1318 2767 1378 2822 eius

201 2849 268 2904 eatis
288 2849 402 2904 omnes‘

284 3060 324 3134 (u)
346 3062 421 3119 XXV.
464 3065 510 3133 ,lle
540 3072 634 3123 octavo
664 3081 729 3122 vero
758 3072 865 3131 monte,
895 3065 920 3121 in
944 3080 999 3138 que
1026 3064 1135 3138 plurimi
1157 3071 1236 3120 erant
1265 3058 1378 3133 lantes,¹

201 3147 228 3203 in
251 3147 350 3218 quihus
372 3146 559 3219 adaquabatur
581 3164 661 3203 omne
684 3164 770 3221 genus
793 3155 934 3203 creaturae
957 3147 1011 3215 liei,
1035 3147 1102 3203 tales
1125 3155 1195 3215 sunt,
1218 3148 1266 3220 qui
1287 3149 1377 3206 credi·

200 3226 299 3284 derunt
319 3227 473 3301 Apostolis,
496 3245 565 3302 quos
596 3229 670 3286 misit
692 3222 835 3286 [lominus²
859 3230 885 3286 in
907 3238 992 3286 totum
1022 3228 1116 3286 orbem
1146 3229 1326 3303 praedicare3
1350 3240 1377 3288 et

201 3308 310 3384 quidam
331 3308 469 3376 doctores,
491 3301 550 3384 qui⁸
572 3320 646 3368 caste
669 3321 697 3369 et
717 3314 825 3370 sincere
838 3312 1063 3387 praedicaverunt
1085 3329 1116 3368 ac
1136 3312 1300 3382 docuerunt,
1325 3330 1377 3371 nee

199 3391 346 3468 quicquam
368 3394 477 3451 omnino
502 3393 725 3469 subscripserunt
747 3395 832 3453 malae
857 3394 1005 3468 cupiditati,
1028 3394 1077 3451 sed
1098 3394 1207 3451 assidue
1229 3395 1257 3450 in
1280 3397 1377 3469 aequi·

199 3483 254 3532 tate
267 3485 295 3534 et
308 3476 419 3534 ueritate
433 3477 645 3536 ambulaverunt
676 3479 707 3534 lli
718 3495 784 3552 ergo
799 3479 871 3535 inter
882 3477 995 3551 angelos
1008 3477 1241 3535 conversationem
1255 3474 1377 3535 habent‘

254 3713 283 3778 3)
301 3717 331 3765 Aa
349 3717 408 3777 liet,
427 3719 466 3768 uhi
485 3723 629 3773 simultatum
647 3737 694 3772 om.
854 3719 912 3784 Cep.
930 3720 1004 3770 xxiv.
1042 3720 1065 3782 l)
1085 3735 1196 3785 omneque
1214 3736 1289 3783 genae
1302 3735 1375 3784 peca-

249 3781 276 3844 4)
293 3783 334 3832 llii
353 3800 406 3846 ergo
426 3787 510 3837 abiecti
530 3796 582 3839 root
600 3806 615 3841 a
634 3798 696 3841 turre
708 3788 767 3849 Vnt,
803 3789 857 3836 dam
874 3789 982 3852 carpebat
997 3789 1108 3850 pabulam
1125 3803 1154 3835 rr.
1173 3789 1249 3837 herbis
1268 3789 1376 3839 eiusdem

199 3854 223 3903 iu
241 3853 287 3901 llne
305 3852 393 3902 oioaot.
801 3857 899 3904 meotis·
919 3860 941 3903 et
960 3861 1071 3918 pacatam
1083 3856 1149 3904 herbe
1162 3857 1203 3904 ille
1219 3857 1376 3919 carpebantur

252 3918 279 3982 5)
297 3919 432 3968 dominator
451 3919 502 3967 l'at
802 3928 891 3971 tautam
908 3922 1004 3970 latiores
1022 3923 1153 3971 crescebant
1171 3922 1221 3971 llat

198 4055 213 4105 ⁴
245 3984 276 4104 162)
293 3994 371 4063 posset
389 3985 438 4034 llat.
466 3984 767 4049 eistetensem.
852 3986 935 4106 3)8ia3
949 3989 1054 4038 omnibus
1076 3989 1206 4039 homiuibus
1232 3989 1282 4039 liet.
1324 3987 1375 4039 cn.

216 4090 222 4114 ‚
276 4088 282 4101 .
802 4057 860 4107 Sim.
895 4091 902 4116 ‚
938 4090 945 4105 .

249 4117 278 4180 'll
295 4117 343 4180 Ego
362 4127 437 4171 oatem
455 4135 535 4170 moneo
552 4137 594 4170 aas
614 4122 663 4170 liat.
851 4120 878 4184 3)
898 4125 922 4171 ia
940 4123 1060 4173 laboribus
1078 4122 1115 4170 bis
1135 4129 1255 4172 exaratum
1272 4121 1298 4173 in
1313 4124 1375 4186 lat,

250 4185 276 4247 8)
295 4191 317 4231 et
335 4187 441 4237 dominor
450 4189 586 4238 remediabit
594 4189 677 4252 priora
687 4199 765 4239 aestro
799 4199 923 4253 postremo
941 4189 965 4239 in
984 4189 1040 4239 loce
1057 4189 1218 4240 subnotatum.

195 4258 293 4315 pearata
314 4250 347 4311 le.
358 4255 453 4316 punctis
473 4253 617 4319 suppositis)
635 4256 723 4307 delicta
743 4258 765 4305 si
848 4258 876 4319 l)
893 4263 914 4305 et
938 4272 1002 4307 omae
1026 4272 1098 4318 genos
1123 4263 1225 4306 oestrum
1242 4272 1295 4307 eam
1318 4259 1371 4319 filio

196 4320 225 4367 ab
243 4315 284 4362 bac
293 4316 397 4370 demonio
407 4337 448 4371 aas
462 4323 628 4372 liberaveritis·
648 4321 674 4370 Si
687 4325 763 4372 minas
798 4325 836 4372 dei
853 4325 881 4372 de
901 4325 980 4388 spiriti
993 4322 1105 4386 (reliquis
1115 4322 1191 4372 literis
1204 4324 1280 4372 erasis
1295 4323 1372 4374 libra·

195 4384 226 4432 ad
244 4384 338 4430 mortem
357 4389 478 4438 tradima'ra'
495 4391 532 4441 iili
548 4389 598 4440 Vat
798 4389 847 4442 nux
865 4389 926 4439 elias
944 4388 1089 4441 substituere
1108 4389 1222 4456 neglexit)
1240 4393 1291 4442 eise
1311 4395 1372 4442 artis

117 4558 263 4598 *-
