2886 4882
193 232 253 293 604
629 230 763 286 ΗΕΒΜΑΕ
785 230 924 287 PASTOR.

191 386 303 464 πόλεως
329 386 449 469 ταύτης,
495 387 587 451 Βλέπε
618 385 657 469 μὴ
686 383 859 470 ἀσύμφορόν
886 387 963 450 ἐστιν
991 383 1157 468 ἀπαρνῆσαι
1186 386 1241 454 τόν
1279 388 1377 471 νόμον

192 494 259 537 σου·
283 469 335 537 ἐάν
355 471 409 556 γάρ
431 472 642 553 ἐπανακάμφαι
662 469 791 556 θελούσης
813 473 853 545 είς
872 468 925 551 τὴν
946 468 1032 534 πόλιν
1053 490 1120 544 σου,
1153 470 1190 536 οῦ
1214 469 1255 555 μὴ
1278 500 1374 555 παρα-

192 554 337 642 δεγθηση,
369 555 413 619 ότι
435 553 594 662 ἀπηρνησω
617 552 670 618 τόν
691 553 781 634 νόμον
802 561 854 635 τῆς
875 551 987 628 πόλεως
1008 575 1076 631 σου,
1098 555 1148 618 καί
1170 557 1338 640 ἐκκλεισθύ

192 636 246 703 ἀπ’
270 640 369 721 αὐτῆς.
401 641 492 703 Βλέπε
516 664 571 702 ουν
593 638 629 703 σύ
637 639 657 670 ‘⁶
679 635 719 712 ῶς
739 639 787 701 ἐπὶ
806 639 889 718 ξένης
910 644 1055 737 κατόικῶν
1074 637 1165 719 μηδέν
1185 641 1277 703 πλέον
1299 643 1372 706 έτοι·

190 729 258 805 μαζε
279 729 390 806 σεαυτῷ
413 726 439 786 εί
458 721 497 805 μίγ
519 720 573 803 τὴν
594 718 767 800 αὐτάρκειαν
787 719 841 801 τὴν
863 718 986 802 άρκετην
1008 741 1063 795 σοι,
1086 723 1134 785 καί
1147 722 1262 803 ἕτοιμος
1271 728 1371 808 γίνου,

190 807 250 880 ἵνα,
273 806 343 872 όταν
364 809 438 886 ἐλθη
461 803 477 868 δ
501 804 642 884 δεσπότης
672 811 724 884 τῆς
753 801 863 878 πόλεως
881 802 987 884 ταύτης
1009 804 1139 884 ἐκβαλεῖν
1161 827 1192 870 σε
1216 804 1370 886 ἀντιταξά-

191 915 278 972 μενον
299 894 339 978 tq}
360 871 440 973 νόμω
461 886 560 966 αὐτοῦ,
584 889 705 967 ἐξέλθης
726 889 757 950 ἐκ
776 894 829 967 τῆς
849 885 960 961 πόλεως
981 884 1083 963 αὐτοῦ,
1107 890 1157 952 καὶ
1178 888 1252 953 ἀπέλ
1300 920 1317 968 ς
1338 894 1370 956 ἐν

190 981 225 1062 τῇ
246 972 329 1038 πόλει
358 995 411 1037 σου
433 974 482 1035 καὶ
508 980 549 1057 τῷ
578 979 619 1056 σῷ
641 952 721 1056 νόμῳ
741 969 831 1057 χρήση
852 969 1033 1052 ἀνυβρίστως
1053 972 1103 1034 καί
1123 970 1267 1056 ἀγαλλιωμ
1285 980 1368 1052 νως.“

192 1057 313 1121 Βλέπετε
340 1049 395 1120 οὖν
415 1053 497 1137 ύμεῖς
519 1057 549 1118 οἱ
576 1053 763 1128 δουλεύοντες
795 1062 835 1140 τῷ
867 1058 958 1138 κυρίῳ
989 1055 1039 1118 καί
1068 1055 1178 1135 έχουτες
1204 1056 1298 1122 αύτδν
1327 1063 1369 1136 είς

189 1138 243 1246 την
263 1143 400 1222 καρδίαν·
428 1137 582 1222 ἐργάζεσθε
602 1136 636 1200 τά
658 1140 725 1221 ἔργα
744 1144 796 1200 τοῦ
817 1145 892 1201 θεοῦ
913 1133 1141 1218 μνημονεύοντες
1160 1145 1220 1202 τῶν
1238 1141 1367 1207 ἐντολῶν

190 1230 281 1286 αυτοῦ
303 1226 430 1288 καὶτῶν
452 1225 627 1306 ἐπαγγελιῶν
648 1213 690 1284 ὧν
712 1221 914 1304 ἐπηγγείλατο,
944 1222 992 1284 καί
1019 1220 1185 1287 πιστεύσατε
1214 1223 1296 1312 αύτῷ
1320 1226 1367 1290 ὅτι

188 1304 303 1387 ποιήσει
330 1303 420 1381 αύτάς
465 1303 516 1368 ἐάν
546 1306 578 1367 αἱ
605 1305 716 1368 ἐντολαὶ
749 1303 839 1368 αὐτοῦ
862 1312 1067 1386 φυλαχθῶσιν·
1095 1303 1160 1369 ἀντὶ
1187 1304 1286 1391 ἀγρῶν
1309 1302 1365 1374 σύν

190 1387 339 1475 ἀγοράζετε
360 1361 458 1471 ψυχάς
485 1389 668 1470 θλιβομένας,
699 1386 780 1452 καθά
808 1415 851 1463 τις
879 1387 1003 1463 δυνατός
1025 1390 1101 1465 ἐστι,
1129 1391 1178 1453 καὶ
1198 1391 1291 1474 γήρας
1312 1396 1364 1458 καί

190 1472 342 1556 όρφανυῦς
363 1474 569 1538 ἐπισκέπτεσθε
589 1473 637 1537 καί
660 1469 698 1553 μὴ
718 1473 914 1554 παραβλέπετε
935 1469 1061 1548 αύτούς,
1091 1473 1140 1535 καί
1160 1470 1212 1537 τδν
1232 1484 1365 1541 πλοῦτον

189 1554 273 1639 ύμῶν
293 1560 342 1622 καί
363 1557 414 1633 τάς
434 1554 605 1637 παρατάξεις
630 1555 725 1632 πάσας
754 1558 794 1630 είς
822 1554 972 1630 τοιούτους
997 1551 1105 1640 ἀγρούς
1126 1556 1175 1619 καί
1195 1560 1293 1636 οίκίας
1315 1565 1365 1624 διι-

188 1649 308 1716 πιινᾶτε,
331 1640 366 1717 δίς
384 1639 497 1723 ἐλάβετε
518 1637 597 1723 παρά
617 1647 669 1704 τοῦ
690 1646 783 1704 θεοῦ·
813 1641 854 1714 εἰς
874 1646 959 1703 τοῦτο
980 1636 1035 1721 γάρ
1056 1637 1223 1704 ἐπλούτισεν
1245 1641 1324 1724 ύμῦς
1347 1642 1365 1708 δ

189 1724 338 1809 δεσπότης,
359 1727 409 1788 ἵνα
430 1722 607 1798 ταύταςτὰς
627 1725 777 1799 διακονίας
798 1723 924 1803 τελέσητε
945 1721 1044 1810 αὐτῷ·
1071 1722 1146 1787 πολύ
1167 1725 1283 1805 βέλτιόν
1303 1729 1364 1792 ἐστι

188 1807 337 1882 τοιούτους
359 1805 466 1891 ἀγρούς
488 1804 637 1889 ἀγοράζειν
658 1808 707 1869 καί
728 1803 856 1887 κτήματα
878 1806 927 1871 καὶ
949 1807 1066 1882 οἴκους,
1098 1805 1151 1882 οῦς
1179 1806 1314 1890 εῦρύσεις
1333 1813 1365 1875 έν

189 1897 223 1978 τῇ
245 1889 327 1953 πόλει
348 1911 413 1963 σου,
435 1889 516 1952 ύταν’
542 1888 721 1975 ἐπιδημήσης
743 1891 784 1962 είς
805 1886 904 1970 αύτύν.
948 1887 1074 1971 Αύτηη
1101 1893 1272 1956 πολυτέλεια
1289 1893 1364 1977 καλὴ

187 1974 238 2037 κοιλ
259 1970 351 2051 ίλαρά,
374 1971 469 2052 λύπην
490 1968 529 2051 μὴ
551 1973 654 2052 έχουσα
673 1971 745 2052 μηδέ
767 1971 872 2053 φόβον,
895 1975 998 2053 ἐχουσοι
1025 1973 1056 2036 δέ
1077 1974 1174 2056 χαράν.
1222 1975 1288 2058 Τὴν
1309 1969 1365 2043 σύν

188 2055 372 2119 πολυτέλειαν
398 2062 456 2118 τῶν
483 2055 623 2118 έθιιικῶν“
652 2053 691 2136 μὴ
719 2053 872 2138 πράσσετε·
905 2054 1079 2140 ἀσύμφορον
1106 2057 1159 2143 γάρ
1188 2060 1267 2123 ἐστιν
1293 2060 1366 2142 ύμῖν

187 2147 249 2214 τοῖς
271 2139 387 2214 δούλοις
407 2147 459 2202 τοῦ
480 2146 571 2202 θεοῦ·
598 2135 653 2219 τὴν
680 2137 712 2201 δὲ
735 2142 812 2203 ίδίσν
833 2141 1019 2204 πολυτέλειαν
1038 2138 1192 2220 πράσσετε,
1216 2144 1248 2207 ἐν
1271 2139 1293 2232 ᾗ
1314 2144 1365 2210 δύ·

188 2232 281 2287 νασθε
301 2230 437 2305 χαρῆναι·
466 2223 516 2286 καί
543 2220 582 2304 μὴ
604 2221 852 2304 παραχαράσσετε,
883 2224 955 2304 μηδὲ
986 2232 1037 2287 τοῦ
1068 2223 1218 2307 ἀλλοτρίου
1240 2226 1366 2310 ι’έψησθε

188 2307 261 2387 μηδέ
282 2308 449 2388 ἐπιθυμεῖτε
470 2305 577 2370 αὐτοῦ·
607 2304 737 2387 πονηρόν
757 2307 812 2391 γάρ
835 2309 911 2371 ἐστιν
931 2305 1087 2389 ἀλλοτρίων
1106 2310 1273 2390 ἐπιθυμεῖν.
1324 2311 1363 2377 Τό

189 2390 222 2453 δέ
243 2387 296 2454 σδν
317 2393 401 2475 ἐργον
422 2389 549 2474 ἐργάζου,
571 2392 621 2453 καί
643 2391 776 2477 σωθηση.

423 2699 566 2758 ΑΡΧΗ
589 2699 770 2756 ΑΛΛΗΣ
798 2699 1118 2759 ΠΑΡΑΒΟΛΗΣ.

273 2827 511 2911 Περιπατοῦντός
531 2852 588 2907 μου
611 2830 651 2902 είς
673 2824 724 2890 τόν
745 2826 836 2911 ἀγρὸν
862 2828 910 2891 κοιλ
938 2835 1153 2905 κατανοοῦντες
1172 2833 1297 2897 πτελέαν
1318 2836 1365 2897 καί

189 2906 332 2989 ἀμπελον,
354 2913 403 2977 καλ
425 2914 624 2990 διακρίνοντος
643 2912 709 2990 περὶ
729 2910 827 2975 αὐτῶν
848 2912 897 2975 καί
918 2918 976 2974 τῶν
996 2919 1117 2994 καρπῶν
1139 2911 1253 2994 αῦτῶν,
1275 2943 1365 2997 φανε-

189 2996 292 3075 ροῦταί
320 3020 369 3075 μοι
401 2992 550 3075 όποιμὴν
579 2996 627 3057 καλ
659 2996 731 3077 λέγει
778 2998 814 3057 Τί
838 2993 874 3058 σῦ
905 2995 937 3056 ἐν
970 2995 1062 3080 ἐαυτῷ
1092 3001 1185 3077 ζητεῖς
1214 3001 1281 3083 περί
1313 3009 1365 3083 τῆς

187 3077 306 3151 πτελέας
331 3080 380 3141 καί
410 3085 462 3157 τῆς
491 3077 636 3182 ἀμπέλους
682 3083 818 3159 Συζητῶ,
841 3081 934 3161 φημί,
966 3077 1011 3141 ὅτι
1038 3076 1264 3163 εύπρεπέσταταί
1292 3087 1365 3148 εἰσιν

189 3155 331 3239 ἀλλήλαις.
379 3166 475 3221 Ταῦτα
489 3185 525 3222 τα
546 3159 600 3222 δύο
616 3160 727 3240 δένδρα,
750 3165 850 3243 φησίν,
874 3164 915 3237 είς
934 3160 1026 3226 τύπον
1044 3170 1152 3228 κεῖνται
1169 3173 1230 3240 τοῖς
1245 3164 1366 3243 δούλοις

188 3247 241 3303 τοῦ
261 3249 345 3305 θεοῦ.
379 3239 521 3320 Ἥθελον,
543 3245 629 3323 φημί,
651 3250 759 3327 γνῶναι
780 3244 830 3309 τδν
850 3245 943 3308 τύπον
963 3253 1021 3310 τῶν
1043 3247 1170 3332 δένδρων
1188 3247 1300 3314 τούτων
1323 3244 1366 3315 ῶν

188 3323 286 3431 λέγεις.
330 3327 465 3402 Βλέπεις,
488 3328 577 3408 φησί,
599 3325 652 3406 τὴν
673 3329 793 3392 πτελέαν
814 3329 864 3392 καί
886 3328 939 3411 τὴν
960 3327 1105 3410 ἄμπελον,
1132 3333 1253 3410 Βλέπω,
1276 3339 1364 3415 φημί,

188 3432 279 3492 κυριε.
320 3405 361 3471 Ἡ
382 3407 522 3490 άμπελος,
551 3413 655 3490 φησίν,
686 3410 759 3493 αῦτη
788 3409 901 3494 καρπόν
921 3411 1021 3495 φέρει,
1042 3410 1063 3492 ἦ
1084 3415 1115 3477 δέ
1143 3417 1246 3479 πτελία
1277 3416 1365 3494 ξύλον

189 3488 323 3575 ἀκαρπόν
344 3495 434 3558 ἐστιν·
457 3491 521 3557 ἀλλ’
544 3491 565 3575 ἦ
586 3491 712 3575 άμπελος
734 3493 807 3577 αῦτη
830 3493 880 3558 ἐάν
901 3493 940 3576 μὴ
965 3495 1060 3582 ἀναβῇ
1090 3499 1138 3562 ἐπί
1159 3497 1211 3580 τὴν
1233 3502 1362 3579 πτελέαν,

188 3572 225 3638 οῦ
247 3573 368 3639 δύναται
386 3584 611 3661 καρποφορῆσαι
633 3576 708 3642 πολύ
721 3579 876 3660 ἐρριμμένη
891 3582 988 3659 χαμαί,
1009 3584 1059 3644 καλ
1080 3580 1115 3644 δν
1137 3582 1218 3665 φέρει
1239 3583 1363 3665 καρπόν,

187 3656 332 3738 σεσηπότα
353 3661 433 3742 φέρει
460 3660 500 3742 μὴ
520 3663 679 3744 κρεμαμένη
708 3663 754 3724 ἐπὶ
779 3670 831 3743 τῆς
858 3663 988 3736 πτελέας·
1012 3662 1082 3727 ὅταν
1103 3658 1158 3728 σύν
1181 3667 1321 3756 ἐπιρρτφῇ
1344 3666 1364 3751 ἡ

188 3741 314 3822 ἀμπελος
335 3741 382 3805 ἐπί
404 3740 457 3823 τὴν
477 3746 603 3821 πτελέαν,
626 3747 673 3808 καί
693 3743 763 3826 παρ’
789 3746 894 3825 ἑαυτῆς
916 3745 997 3826 φέρει
1013 3746 1126 3830 καρπὸν
1147 3750 1197 3812 καί
1210 3749 1291 3832 παρά
1312 3758 1364 3833 τῆς

188 3825 313 3899 πτελέας.
357 3825 476 3899 Βλέπεις
502 3819 557 3889 οὖν
578 3828 622 3891 ότι
651 3830 700 3892 καί
720 3826 740 3908 ἡ
760 3829 861 3892 πτελέα
888 3825 982 3890 πολύυ
1010 3830 1124 3912 καρπόν
1147 3835 1283 3918 δίδωσιν,
1307 3834 1362 3898 οῦκ

188 3906 328 3972 ἐλάσσονα
347 3915 399 3989 τῆς
421 3905 565 3988 ἀμπέλου,
587 3918 696 3989 μᾶλλον
718 3913 749 3975 δέ
770 3913 818 3975 καὶ
839 3914 971 3994 πλείονα,
994 3911 1050 3987 ὅτι,
1072 3916 1174 3995 φησίν,
1193 3913 1215 3997 τί
1236 3915 1364 3997 ἀμπελος

190 4038 397 4046 ——uffi

239 4094 266 4157 5)
283 4093 318 4141 sic
336 4093 470 4155 legendum,
488 4108 536 4142 non
555 4102 579 4142 ut
589 4094 626 4143 εδ.
641 4109 676 4156 pr.
688 4096 759 4145 habel
842 4097 868 4160 7)
887 4093 957 4148 ὅταν
984 4098 1021 4146 bis
1045 4099 1160 4161 scriptum
1192 4110 1227 4148 est
1264 4113 1363 4154 exeunte

187 4147 249 4210 οῦν·
271 4156 305 4210 σῦ
324 4156 369 4215 ῶς.
792 4179 860 4214 versu
880 4173 904 4213 et
923 4165 1025 4214 ineunte.

238 4226 265 4287 6)
283 4223 515 4306 ἄγαλλεωγιένως;
541 4228 573 4276 ita
598 4227 622 4276 in
640 4228 694 4276 cod.
714 4243 758 4290 per
843 4233 869 4293 8)
883 4246 930 4280 non
945 4232 1002 4280 satis
1021 4242 1122 4295 αρριιτει
1133 4242 1212 4285 utrum
1226 4232 1323 4288 ἐθνῶν
1333 4254 1361 4287 τυ

188 4291 356 4355 compendium
367 4305 483 4357 scnptum
502 4303 546 4356 εστ,
564 4309 611 4345 non
631 4301 656 4342 ιιι
668 4295 706 4342 εδ.
720 4308 756 4356 pr.
791 4294 914 4349 ἐθνικῶν
931 4298 1046 4360 scriplum
1064 4303 1110 4360 ειη
1137 4302 1180 4350 sed
1206 4311 1284 4353 tamen
1303 4319 1361 4366 ρτο-

187 4351 260 4424 δύαι
277 4353 493 4429 ἀγαλλιῶμενος.
791 4364 894 4413 habilius
912 4363 1035 4415 ἐθνικῶν
1051 4373 1094 4415 est.

119 4432 369 4568 Α
1138 4443 1160 4499 .-
