2886 4882
272 244 397 307 tesam
416 245 579 308 semrom
600 246 644 307 hb
666 246 865 308 uetustos.
895 248 926 310 V.
947 246 990 309 n.
1011 250 1064 315 Vll.
1202 254 1259 318 tta

79 417 154 473 cuim
175 423 241 472 snut
261 416 423 473 numismata
444 415 514 486 duo,
536 416 650 475 alterum
673 417 782 492 quidem
805 417 867 486 Oci,
897 417 1010 477 alterurn
1039 430 1127 482 autem
1157 425 1259 498 mundi,

79 507 107 556 ct
125 499 344 573 unumquodque
364 500 506 574 proprium
540 500 727 558 characterem
757 500 839 557 babet
867 500 1039 576 impositum,
1068 506 1104 563 ita
1133 507 1258 568 inddelcs

80 583 174 640 mnudi
197 582 293 651 huius,
321 580 418 639 fideles
440 591 529 640 autem
552 585 579 640 in
601 583 733 641 charitate
764 584 949 641 characterem
972 586 1018 643 Osi
1038 588 1126 648 Patris
1148 609 1199 666 per
1220 594 1260 651 la·

79 682 142 722 sum
165 665 304 722 Christum
325 665 441 733 habent,
471 683 522 741 per
544 683 624 739 quem
646 668 698 723 nisi
720 683 859 742 propensa
878 668 958 725 nobis
979 679 1022 727 est
1042 673 1165 731 voluntas
1188 678 1259 734 mori

81 751 155 806 iuxta
175 749 264 823 ipsius
286 749 449 823 passionem,
471 766 522 807 ncc
543 750 596 806 vita
619 751 705 826 ipsius
727 751 754 806 in
776 750 856 808 nobis
878 759 929 808 est.

81 896 153 955 Sunt
173 899 246 955 anim
267 898 337 956 velut
367 898 421 955 duro
450 901 561 968 nummi,
592 901 661 957 alter
682 901 743 970 llei,
775 899 842 958 alter
860 899 969 970 mundi,
1000 919 1116 976 quorum
1142 914 1258 980 umrque
1353 970 1358 979 ,

79 983 222 1056 propriam
241 990 332 1040 notarn
355 983 516 1056 impressam
537 983 633 1041 habet:
662 982 788 1041 infideles
808 984 888 1040 buius
916 985 1022 1054 mundi,
1052 986 1147 1045 fideles
1168 998 1256 1047 autern

81 1066 109 1121 in
133 1064 264 1121 charitate
287 1064 400 1139 figuram
417 1065 464 1123 bei
478 1067 566 1124 Patris
580 1085 630 1142 pcr
645 1066 734 1125 lesum
750 1067 896 1134 Christum,
916 1083 968 1142 per
990 1086 1071 1142 quem
1093 1072 1145 1129 nisi
1159 1081 1256 1148 sponte

81 1148 153 1206 mori
174 1146 288 1206 velimus
311 1150 336 1205 in
360 1151 516 1224 passionem
538 1151 607 1220 eius,
628 1152 681 1207 vita
703 1153 762 1208 eins
784 1168 838 1209 non
860 1159 904 1207 est
926 1151 954 1208 iu
975 1152 1064 1210 nobis.

481 1332 523 1391 Vl.
558 1335 654 1392 Tassts
675 1338 861 1393 concordium.

168 1465 234 1522 Cum
255 1465 345 1540 itaque
374 1465 401 1523 in
424 1466 551 1541 personis
579 1482 662 1542 supra
691 1467 771 1524 dictis
791 1484 897 1524 ornnem
926 1469 1124 1527 multitudinem
1153 1471 1179 1527 in
1204 1469 1258 1532 fids

78 1556 108 1607 et
131 1548 262 1605 charitate
284 1550 507 1624 conspexissem,
529 1549 628 1607 hortor
653 1552 731 1608 utin
754 1551 901 1607 concordia
928 1553 1017 1608 omnia
1048 1569 1180 1627 peragere
1201 1563 1257 1613 stu·

79 1632 179 1699 deatis,
200 1632 331 1707 episcopo
353 1633 526 1707 praesidente
548 1633 610 1690 loco
624 1633 679 1703 Oei,
702 1641 730 1689 ct
749 1632 919 1708 presbyteris
942 1632 1003 1691 loco
1019 1643 1129 1693 senatus
1148 1645 1256 1711 aposto·
1347 1698 1350 1703 ,

79 1714 144 1783 lici,
172 1722 199 1771 et
220 1714 358 1783 diaconis,
380 1715 445 1772 mibi
467 1715 650 1783 suavissimis,
681 1716 869 1773 concreditum
891 1716 1053 1774 habentibus
1075 1719 1255 1779 ministerium

80 1798 145 1855 lesu
160 1795 270 1865 Christi,
292 1798 338 1871 qni
360 1797 526 1857 antesecula
541 1799 613 1873 apud
628 1808 732 1873 patrem
743 1807 809 1868 erat,
832 1807 858 1856 et
874 1800 900 1855 in
915 1798 968 1858 fine
991 1801 1123 1875 apparuit.
1155 1803 1255 1864 Omnes

79 1880 173 1955 igitur,
194 1880 314 1954 acceptis
336 1881 431 1938 iisdem
454 1882 550 1939 divinis
572 1882 704 1951 moribus,
726 1899 774 1939 vos
796 1891 890 1939 mutuo
917 1885 1100 1955 revereamini,
1123 1895 1151 1943 ot
1171 1905 1251 1947 nemo

79 1964 233 2021 secundum
254 1979 363 2021 carnem
388 1973 493 2039 spectet
513 1967 681 2039 proximum,
713 1966 762 2022 sed
791 1967 818 2022 in
841 1965 902 2023 lesu
925 1966 1032 2026 Christo
1060 1985 1109 2026 vos
1139 1969 1255 2031 invicem

79 2063 192 2122 semper
213 2046 339 2122 diligatis.
380 2048 451 2104 Nihil
473 2049 508 2105 sit
531 2050 558 2105 in
579 2049 665 2118 vobis,
688 2049 762 2122 quod
784 2049 872 2123 possit
885 2067 933 2106 vos
949 2051 1088 2120 dirimere,
1110 2053 1159 2109 sed
1181 2056 1255 2111 unia·

79 2131 148 2271 ὢίιιί
169 2130 301 2205 episcopo
323 2139 351 2189 ct
372 2132 607 2206 praesidentibus,
635 2133 663 2188 in
685 2140 778 2208 typum
806 2140 834 2189 et
861 2132 1121 2193 demonstrationem
1148 2137 1256 2195 immor·

120 2213 200 2271 'tatis

166 2359 237 2423 *Vl
279 2363 502 2439 Quandoquidem
524 2365 615 2438 itaque
638 2365 665 2421 in
686 2364 813 2439 personis
841 2369 1142 2440 supracommemoratis
1171 2377 1254 2429 totam

80 2447 282 2506 multitudinem
304 2446 357 2503 vidi
386 2448 412 2503 iu
437 2447 490 2505 lide
520 2456 547 2505 et
575 2447 669 2515 dilexi3
698 2446 795 2504 hortor
825 2456 855 2504 ut
872 2449 898 2505 in
921 2448 1068 2506 concordia
1089 2449 1136 2506 Oei
1166 2454 1255 2508 omnia

81 2547 165 2606 agens
188 2531 334 2599 studeatis,
358 2530 494 2604 Episcopo
517 2530 690 2605 praesidente
712 2529 775 2587 loco
797 2530 852 2599 bei,
874 2539 903 2587 et
922 2530 1092 2604 Presbyteris
1115 2531 1176 2589 loco
1199 2533 1254 2590 col·

82 2614 146 2689 legii
167 2613 332 2688 Apostolici,
360 2622 388 2670 et
407 2614 532 2670 [liaconis
559 2614 626 2670 mihi
653 2614 837 2681 suavissimis,
867 2613 967 2687 quibus
996 2614 1184 2671 concreditum
1213 2625 1256 2673 est

82 2698 264 2755 ministerium
285 2695 348 2754 lesu
368 2697 484 2767 Christi,
507 2699 553 2770 qui
575 2704 637 2753 ante
659 2696 751 2755 secula
772 2704 831 2754 erat
859 2698 930 2772 apud
952 2698 1071 2767 Patrem,
1094 2706 1121 2755 et
1142 2699 1170 2754 in
1200 2697 1255 2757 tine

82 2781 216 2856 apparuit
259 2779 360 2837 Omnes
382 2797 449 2854 ergo
471 2780 648 2838 concordiam
671 2780 717 2837 Oei
739 2780 904 2854 accipientes
927 2781 1088 2838 reveremini
1113 2799 1162 2838 vos
1190 2782 1254 2839 invi·

83 2879 158 2931 cem,
188 2872 216 2920 ct
241 2880 322 2921 nemo
352 2863 502 2920 secundum
528 2879 638 2922 carnem
661 2870 766 2938 spectet
787 2864 955 2937 proximum,
976 2863 1025 2921 sed
1048 2864 1075 2920 in
1097 2864 1158 2922 lesu
1181 2865 1255 2922 Obri-

83 2955 196 3003 stores
218 2947 333 3004 invicem
354 2961 463 3021 semper
485 2946 599 3022 diligite.
640 2945 713 3003 Nihil
728 2946 769 3003 sit
790 2947 818 3003 in
839 2945 929 3016 vobis,
958 2946 1032 3021 quod
1058 2964 1108 3004 vos
1136 2948 1256 3006 dividere

82 3030 186 3104 possit:
215 3029 264 3086 sed
294 3030 413 3086 unamini
435 3028 571 3104 Episcopo
599 3037 626 3088 et
654 3031 703 3099 iis,
727 3029 773 3102 qui
795 3028 828 3085 ad
848 3030 962 3088 lormam
985 3039 1013 3087 et
1041 3030 1192 3087 doctrinam
1215 3031 1253 3086 in·

84 3111 320 3187 corruptibilitatis
342 3111 420 3169 vobis
441 3113 606 3187 praesident

85 3295 139 3353 Vll.
182 3295 261 3370 Agita
281 3296 352 3355 nibil
371 3299 432 3354 sine
452 3299 577 3371 episcopo
598 3306 623 3353 ct
646 3298 830 3371 presbyteris,
854 3297 914 3353 sitis
934 3312 1021 3352 unum
1048 3297 1176 3370 coptum
1196 3297 1259 3356 oet.

169 3428 400 3498 Quemadmodum
421 3430 504 3504 igitur
526 3429 655 3486 Dominus
676 3431 734 3487 sine
754 3430 848 3497 Patre,
877 3429 929 3502 ipsi
951 3429 1058 3497 unitus,
1090 3430 1157 3486 nihil
1184 3431 1257 3502 lecit,

87 3528 176 3586 neque
198 3529 248 3586 per
272 3529 302 3569 se
325 3513 422 3587 ipsum,
442 3529 532 3585 neque
553 3530 605 3587 per
623 3512 780 3587 apostolos;
809 3513 843 3567 ita
865 3528 953 3584 neque
976 3527 1023 3566 vos
1045 3512 1104 3569 sine
1127 3513 1258 3589 episcopo

86 3604 115 3651 et
135 3594 305 3670 presbyteris
327 3595 474 3669 quidquam
496 3596 641 3669 peragatis.
682 3595 777 3668 Neque
799 3593 1002 3668 aggrediamini,
1023 3600 1054 3650 ut
1075 3596 1222 3668 quidquam
1244 3614 1259 3654 a

87 3676 164 3734 vobis
192 3679 338 3752 separatim
360 3678 461 3735 lactum
492 3678 593 3736 decens
615 3685 751 3753 appareat
795 3676 850 3734 Sed
880 3677 906 3733 in
930 3693 1013 3733 unum
1035 3679 1259 3737 convenientibus

88 3776 141 3816 una
162 3761 196 3816 sit
219 3761 315 3831 oratio,
336 3777 390 3817 uua
411 3761 542 3834 precatio,
565 3777 618 3818 una
640 3777 725 3830 meos,
747 3777 800 3817 nna
822 3775 896 3833 spes,
918 3760 944 3815 in
955 3760 1095 3829 charitate,
1117 3761 1144 3818 in
1158 3762 1258 3836 gaudio

88 3850 191 3900 sancto.
233 3841 308 3901 llnns
340 3851 383 3902 cst
409 3843 485 3901 lesus
508 3844 647 3912 Christus,
679 3859 734 3916 quo
764 3842 831 3899 nihil
858 3843 1040 3916 praestantius
1068 3850 1118 3900 est
1159 3843 1259 3900 Omnes

170 3988 258 4049 *vlt
300 3992 531 4062 Quemadmodum
561 4009 627 4067 ergo
649 3991 778 4049 llominns
808 3992 867 4048 siue
889 3991 967 4047 Patre
997 3991 1063 4048 nihil
1090 4006 1179 4064 neque
1208 4005 1260 4063 per

89 4092 134 4144 se,
161 4092 251 4150 neque
279 4092 331 4150 per
351 4077 496 4151 Apostolos
525 4076 656 4144 lacicbat,
679 4077 741 4149 quia
762 4075 815 4150 ipsi
844 4075 936 4131 unitus
964 4081 1035 4143 erat,
1064 4075 1100 4130 ita
1130 4088 1181 4129 nec
1209 4088 1259 4129 vos

89 4159 147 4216 sine
172 4158 310 4235 Episcopo
339 4167 367 4217 et
388 4159 558 4234 Presbyteris
589 4158 720 4233 quicquid
749 4158 837 4233 agite3
872 4173 924 4214 nec
951 4163 1051 4213 tentate
1079 4164 1110 4212 nt
1136 4154 1259 4228 privatim

89 4241 153 4315 quid
174 4251 280 4299 rectum
301 4241 378 4298 vobis
400 4242 537 4311 videatur3
572 4242 622 4298 sed
646 4243 838 4298 incommune
861 4239 1043 4306 unaoratio,
1073 4253 1126 4294 una
1158 4236 1259 4312 suppli·

90 4324 170 4394 catio,
191 4341 245 4381 una
266 4340 352 4394 mens,
373 4342 426 4382 una
447 4342 512 4400 spes
533 4326 560 4381 in
582 4324 721 4394 charitate,
744 4325 771 4380 in
793 4322 892 4398 gaudio
913 4319 1068 4393 inculpato,
1096 4319 1168 4376 sicut
1188 4335 1260 4377 uuus

89 4414 134 4466 est
153 4407 231 4464 lusus
252 4407 394 4476 Christus,
416 4424 471 4483 quo
492 4407 560 4464 nihil
582 4407 762 4482 praestantius
783 4413 833 4463 est
875 4404 975 4458 Omnes
1003 4401 1086 4476 igitur
1114 4401 1148 4458 ad
1176 4403 1262 4462 instar

158 4499 253 4551 Parus
270 4513 354 4551 arosr.
1024 4496 1053 4547 lO
