2886 4882
440 949 864 1042 duestssxrts

517 1140 727 1198 EPISTULA
757 1139 788 1195 ΙΙ.

56 1438 73 1493 b
110 1441 274 1514 Ιιςιὶῥα
296 1443 332 1497 de
355 1440 477 1508 aride,
499 1445 548 1515 cei
566 1445 606 1500 nd
626 1443 743 1499 cutmen
766 1459 816 1498 sea
843 1443 969 1501 vocarit,
997 1438 1171 1494 cenicum
1192 1442 1240 1490 eet.

132 1571 264 1643 fram,
288 1576 325 1631 ili
346 1577 450 1631 sentire
474 1593 521 1633 ves
543 1585 652 1652 opertet
675 1575 709 1633 de
732 1574 792 1633 lesu
815 1574 939 1640 Christo,
969 1581 1095 1643 tanquam
1117 1567 1150 1622 de
1173 1565 1238 1634 beu,

56 1662 183 1730 unquam
205 1657 244 1713 de
267 1659 359 1715 iudice
382 1661 501 1715 sis-orum
524 1669 551 1718 et
572 1669 761 1727 mortuorum
780 1675 830 1714 nee
853 1657 996 1714 decernes
1012 1650 1122 1709 humilia
1136 1650 1237 1706 sentire

58 1738 89 1794 de
108 1740 201 1797 salute
225 1750 336 1809 nostra3
359 1741 423 1798 dum
443 1744 515 1799 enim
538 1744 676 1800 humiliter
698 1744 829 1799 sentimus
852 1741 886 1797 de
909 1739 963 1807 ido,
987 1753 1067 1812 parra
1089 1735 1168 1791 etiam
1187 1750 1237 1791 nos

58 1833 226 1898 ⁸²01th
247 1842 401 1897 tuentum.
443 1826 547 1900 Quique
578 1827 749 1901 negligenter
771 1826 840 1882 baec
870 1822 1010 1887 audimus,
1040 1820 1117 1893 quasi
1147 1817 1239 1875 tenuia

59 1906 119 1974 tint,
140 1923 311 1981 peccamus,
334 1910 505 1977 nescientes,
527 1911 599 1967 unde
622 1909 708 1965 rocati
729 1910 814 1964 simus
836 1915 864 1965 et
885 1925 900 1961 a
921 1923 975 1980 que
997 1913 1024 1960 et
1045 1904 1071 1958 iu
1094 1918 1173 1976 quem
1201 1901 1239 1957 ln·

59 1990 127 2055 an,
149 1998 178 2045 et
198 1999 301 2063 quanta
324 1993 483 2048 sustinuerit
505 1993 581 2049 lesus
604 1993 727 2049 Christus
750 1994 803 2066 pati
827 1998 940 2065 'resiliter
962 2005 1021 2044 uus.
1051 1986 1134 2054 Qumu
1157 1984 1239 2057 ipitur

61 2087 108 2127 nes
131 2073 160 2128 ei
182 2071 310 2130 dabimus
329 2076 585 2144 remunerationem,
607 2084 652 2132 aut
674 2092 754 2149 quiem
778 2075 894 2131 [ructum
918 2072 1027 2145 dignum
1043 2086 1146 2129 eurum,
1170 2084 1238 2140 «puae

61 2153 139 2210 aubis
162 2154 224 2229 ipse
246 2156 340 2213 deditt
369 2158 470 2226 Quanta
492 2176 557 2215 sero
578 2160 603 2215 ei
626 2159 757 2215 debemus
779 2156 932 2213 benebrint
962 2153 1026 2209 Nam
1049 2151 1136 2207 durem
1159 2151 1238 2206 mibis

62 2235 174 2311 largitus
196 2247 258 2307 est;
279 2249 405 2313 tanquam
427 2251 504 2314 pater
526 2241 597 2299 titius
621 2259 671 2298 uos
694 2241 852 2316 appellarim
874 2246 1020 2313 pereuntes
1043 2252 1093 2289 ires
1116 2234 1239 2290 seruirit.

62 2318 171 2388 enatem
195 2322 250 2394 ipsi
272 2322 378 2379 laudem
401 2324 560 2392 tribuemus,
581 2334 627 2381 aut
650 2325 823 2390 mercedem,
847 2340 899 2396 qua
922 2335 1130 2391 eumpeuseuurs
1169 2330 1238 2386 qum

63 2404 245 2478 aeoepimust
274 2408 320 2479 qui
352 2415 441 2463 mente
471 2424 578 2464 eramus
607 2405 727 2475 debiles,
758 2406 904 2463 adurentes
933 2401 1037 2474 lapides
1071 2406 1097 2451 et
1120 2396 1190 2468 digua
1212 2404 1240 2450 et

62 2502 158 2543 urum
187 2495 216 2543 et
236 2497 377 2562 argentum
399 2500 426 2546 et
449 2507 510 2557 aes,
533 2492 673 2547 bominum
705 2507 805 2563 npera3
833 2498 860 2545 et
890 2496 944 2543 teta
975 2483 1026 2536 rita
1056 2488 1149 2534 uestra
1172 2476 1238 2532 uitri!

62 2568 137 2626 alind
164 2578 240 2638 erat,
272 2589 351 2645 quam
384 2591 468 2631 mors.
512 2573 682 2631 obscuritate
712 2573 794 2646 igitur
824 2568 999 2634 circumdati,
1031 2571 1057 2619 et
1078 2562 1164 2618 risum
1193 2558 1239 2615 tadi

63 2651 182 2724 caligine
204 2652 315 2727 plenum
336 2655 477 2727 babentes,
501 2657 596 2713 ocidos
619 2657 847 2730 recuperavimus,
869 2671 928 2710 eum
951 2647 1084 2715 nebulum,
1108 2662 1161 2720 qua
1184 2645 1238 2701 cin·

63 2734 205 2807 gebamur‚
228 2735 300 2792 illius
322 2739 457 2796 retuutate
482 2740 661 2813 deponentes.
704 2738 769 2794 Nam
791 2739 935 2794 miseratus
958 2743 1001 2791 est
1024 2749 1083 2793 nus,
1107 2739 1134 2786 et
1156 2730 1242 2785 risce·

62 2816 140 2873 ribus
163 2828 316 2877 commotus
340 2822 429 2878 salvos
451 2823 532 2892 feeit,
554 2839 616 2879 cum
638 2828 791 2897 spectasset
812 2822 838 2875 iu
872 2819 951 2874 uubis
981 2815 1092 2872 multum
1115 2828 1239 2869 errurem

62 2908 156 2975 atque'
169 2902 323 2972 interitum,
354 2922 404 2961 nee
429 2905 507 2962 ullam
530 2923 580 2963 uus
602 2903 704 2961 babere
726 2921 803 2977 spem
825 2902 929 2967 salutis,
951 2901 1002 2957 uisi
1025 2915 1092 2964 eum,
1116 2912 1184 2968 qum
1205 2893 1239 2950 ub

61 2985 123 3057 ipse
148 2992 200 3041 est.
244 2985 351 3044 b'eearit
372 2990 444 3046 enim
466 3006 525 3058 nes,
548 2989 594 3061 qui
616 3004 669 3044 nou
686 3004 803 3052 eramus,
825 2995 852 3042 et
866 2984 949 3040 soluit
969 2980 1083 3039 euibiln
1098 2995 1159 3036 esse
1179 2994 1241 3033 ries.

147 3188 178 3246 ΙΙ.
223 3192 358 3260 Ecclesia,
376 3197 458 3270 price
479 3197 590 3260 eteritis,
612 3195 756 3251 vocatione
776 3195 899 3265 centium
918 3193 988 3247 mire
1009 3189 1158 3263 [necunde.

148 3341 271 3409 ,Laetare
293 3345 402 3411 sterilis,
425 3362 495 3419 quae
518 3362 572 3400 nou
596 3345 686 3417 paris3
712 3360 824 3416 erumpe
846 3351 873 3397 et
895 3340 987 3407 eduma,
1011 3358 1080 3414 quae
1103 3355 1157 3394 unu
1181 3354 1240 3411 par·

62 3424 149 3489 turis;
173 3426 300 3497 queniam
323 3428 397 3484 multi
416 3428 463 3484 dlii
486 3428 619 3493 desertae,
641 3427 728 3500 magis
751 3443 830 3499 quam
851 3427 917 3490 eius,
940 3440 1009 3496 quae
1032 3422 1113 3478 babet
1135 3418 1240 3477 virum.‘

62 3505 141 3573 Quod
165 3506 247 3562 dixit:
279 3509 389 3578 ,laetare
411 3511 521 3578 sterilis,
545 3527 614 3583 (luae
637 3527 690 3566 nou
713 3506 805 3582 paris‚‘
827 3526 878 3562 uus
901 3507 1017 3575 iudieat3
1047 3505 1146 3561 sterilis
1169 3505 1240 3561 euim

61 3595 124 3645 erat
145 3589 263 3646 eeclesia
295 3602 404 3660 nostra,
434 3602 577 3667 autequam
607 3593 633 3648 ei
655 3593 709 3647 deti
738 3599 831 3647 esseut
860 3590 916 3646 tilii.
959 3590 1035 3658 Quod
1066 3606 1129 3645 sere
1160 3586 1240 3644 dixit:

61 3670 169 3738 ‚clame
188 3690 258 3746 quae
281 3692 334 3732 uon
358 3674 494 3750 parturis,‘
517 3677 569 3733 hec
591 3674 669 3732 dicit:
692 3692 790 3748 preces
805 3682 913 3730 uestras
929 3673 1007 3748 pluue
1023 3674 1056 3730 ud
1071 3673 1153 3729 berum
1172 3670 1240 3726 refe·

65 3830 159 3838 ——--
173 3834 276 3841 ....-,-

60 3931 183 4046 prinpum,
204 3931 298 3981 boisius
316 3930 372 3982 Καὶ
385 3933 410 3982 et
422 3929 507 3984 ἀκούο
531 3949 561 3985 ee
581 3936 637 3984 τῶν
723 3934 749 3995 5)
761 3929 1009 3994 ‘boamundum
1028 3939 1050 3978 ut
1068 3929 1164 3990 saepius
1176 3924 1240 3987 apud

63 4012 119 4063 περ
151 4000 291 4062 Χριστοῦ,
312 3993 548 4079 ὦσπερμικρων,
570 4001 637 4050 Wot-
671 4000 736 4050 Lxx.
761 4001 787 4050 ΙΙ.
824 4000 905 4049 d’utius
925 4018 956 4042 z
975 4000 1052 4051 iusta,
1080 3997 1168 4057 officie,
1189 4006 1240 4041 '²¹¹⁴-

62 4072 136 4113 tnuus
154 4065 212 4115 Καὶ
224 4064 305 4134 ἡμεῖς
321 4065 348 4116 od
358 4064 507 4127 ἀκουονιες
521 4063 636 4128 τούτων,
670 4069 726 4130 uin,
753 4070 818 4130 iura,
844 4068 940 4116 umuiuu
967 4063 991 4113 bl
1021 4063 1086 4126 qurud
1104 4057 1241 4110 lutioltbllt

63 4126 163 4210 ὦσῃερ
180 4135 299 4200 μικρῶν,
318 4132 408 4183 Birrius
427 4136 483 4186 Καὶ
502 4136 528 4186 οἱ
546 4151 638 4202 παρα·
672 4143 706 4184 est
726 4144 796 4199 utque
815 4141 930 4183 sanctum.

62 4212 202 4259 κουονῐες,
224 4213 320 4319 murres
356 4205 637 4271 supereminemusum
723 4204 750 4261 tr)
773 4204 810 4251 es.
835 4203 889 4261 trs,
908 4204 931 4249 3.

63 4264 144 4345 aversio
172 4265 243 4346 latina
276 4284 301 4318 re
337 4268 361 4318 it.
406 4271 476 4321 Nirtte
505 4270 566 4319 ceni.
592 4269 638 4319 καὶ
723 4269 921 4326 renouetur.
941 4259 1242 4339 Qtt⁰2·²3·b⁰m·9s²5·

64 4329 278 4391 ωνᾶκουοντες.
725 4335 827 4399 Capit.
870 4336 892 4399 1)
912 4334 966 4382 isar.
985 4324 1025 4383 st,
1048 4327 1069 4378 t.
1095 4328 1146 4379 Gat.
1167 4326 1244 4387 Mi.
