2886 4882
270 240 581 301 111111111131181011
599 243 643 300 tt)
664 239 881 301 ructuaret.
900 241 957 300 111.Ι
977 240 1008 301 K
1028 240 1072 300 11.
1199 240 1256 304 161

101 409 143 466 tx.
185 410 278 467 Nolite
298 411 399 468 andire
420 428 474 477 eos,
495 413 545 485 pati
564 412 625 467 sisse
646 411 753 468 Cbristo
774 412 934 486 toquentur.
978 410 1105 468 Historia
1128 411 1237 469 Christi.

163 525 295 583 Obturste
317 527 400 601 igitur
421 543 502 584 aures
524 538 636 593 vestras,
659 544 719 584 cum
741 527 818 584 vobis
841 527 975 601 quispiam
988 526 1108 600 loquitur
1122 529 1182 585 sine
1196 527 1259 586 lesu

82 610 206 678 Christo,
230 609 276 684 qui
299 626 330 665 ex
352 626 452 683 genere
474 610 595 678 llavidis,
619 611 664 684 qui
688 628 721 666 er
740 608 836 677 llaria,
868 611 999 683 quivere
1022 618 1100 666 uatus
1122 617 1179 680 est,
1201 612 1259 669 edit

82 701 108 750 et
128 692 207 760 bibit,
229 708 293 749 vere
314 694 536 767 persecutionem
560 710 656 768 passus
679 700 721 750 est
741 692 791 749 sub
803 693 899 748 l‘ontio
914 691 1009 762 Pilato,
1032 708 1094 749 vere
1111 686 1257 752 crucifixus

81 785 106 832 et
136 782 262 833 mortuus
285 782 344 843 est,
373 776 528 833 videntibus
550 774 717 833 coelestibus
749 784 777 832 et
808 775 986 833 terrestribus
1009 783 1036 831 et
1058 775 1259 849 subterraneis3

83 854 129 932 qni
149 867 178 916 et
197 875 261 916 rere
281 859 431 916 resurrexit
453 877 468 915 a
488 860 612 927 mortuis,
635 860 815 916 resuscitante
837 859 926 934 ipsum
948 866 1025 935 patre
1047 858 1142 932 ipsius,
1166 853 1257 934 quernss

82 941 226 1000 atmodum
249 942 363 998 adeius
385 942 588 1000 similitudinem
611 951 638 999 et
660 959 720 1011 nos,
742 943 767 998 ei
789 941 949 1010 credentes,
971 949 1051 1015 pater
1072 941 1132 999 eius
1154 945 1192 998 ita
1216 960 1257 1000 re·

82 1023 226 1083 suscitabit
246 1025 273 1081 in
295 1023 357 1082 lesu
379 1025 496 1094 Christo,
519 1026 578 1082 sine
601 1041 655 1101 quo
677 1043 767 1083 veram
790 1025 869 1082 vitam
890 1041 945 1082 non
967 1022 1108 1082 babemus.

164 1169 237 1231 *tlt
280 1174 471 1231 Obsurdescite
494 1176 585 1248 igitur,
609 1193 670 1233 cum
693 1177 755 1250 quis
776 1175 853 1233 vobis
875 1176 934 1233 sine
956 1175 1016 1232 lesu
1038 1176 1148 1232 Christo
1169 1176 1256 1250 loqui·

82 1268 140 1327 tur,
168 1260 215 1332 qui
245 1257 279 1315 (le
313 1275 413 1332 genere
444 1257 526 1315 llavid
554 1277 587 1315 eu
607 1259 691 1316 llaria
711 1276 774 1316 vere
795 1267 873 1316 natus
896 1267 956 1326 est,
977 1267 1005 1315 et
1030 1259 1203 1316 manducavit
1224 1277 1256 1317 ao

82 1342 165 1410 bibit,
187 1341 234 1415 qui
256 1357 318 1398 sere
340 1343 561 1415 persecutionem
583 1360 681 1417 pessus
703 1342 753 1400 sub
776 1343 872 1400 Pontio
894 1342 997 1411 Pilato,
1024 1358 1088 1400 rere
1109 1342 1256 1401 crucifixus

81 1434 109 1482 et
137 1433 262 1481 monuus
289 1433 345 1492 est,
375 1424 529 1480 videntibus
558 1425 725 1482 coelestibus
753 1434 781 1482 et
808 1423 986 1482 terrestribus
1018 1434 1046 1482 et
1067 1426 1178 1494 inieris;
1208 1427 1254 1499 qui

81 1508 160 1564 etism
182 1523 245 1565 rere
267 1507 446 1563 resuscitatus
469 1516 511 1564 est
532 1525 546 1562 a
569 1510 699 1577 mortuis,
722 1509 855 1565 excitante
885 1507 959 1564 illum
982 1508 1060 1565 l‘atre
1088 1510 1147 1565 eius
1183 1510 1256 1567 iuxta

81 1590 300 1658 similitudinem,
324 1590 397 1663 quod
420 1598 447 1646 et
475 1607 525 1646 nos
548 1591 691 1649 credentes
713 1592 765 1665 ipsi
787 1591 884 1647 endem
914 1588 998 1647 modo
1027 1589 1154 1648 excitabit
1175 1584 1258 1648 Pater

80 1676 139 1730 eius
161 1675 188 1731 in
212 1673 319 1730 Christo
342 1673 422 1738 lesu,
445 1672 504 1729 sine
526 1691 581 1747 quo
603 1691 692 1732 veram
716 1675 795 1731 vitam
817 1690 872 1730 non
894 1672 1034 1731 babemus.

151 1856 182 1912 ll.
224 1856 254 1914 st
275 1857 399 1915 Christus
422 1874 478 1914 non
498 1875 562 1915 uere
577 1876 682 1933 possus
705 1867 752 1924 est,
774 1859 881 1933 frustra
901 1876 950 1933 ego
971 1860 1085 1917 uinculo
1106 1860 1176 1934 [ero.

164 1990 195 2047 Si
214 2007 287 2059 vero,
310 1999 340 2046 ut
358 1990 468 2065 quidam
490 1991 570 2061 athei,
593 1993 646 2050 boe
669 2002 712 2050 est
733 1991 873 2062 infideles,
905 1994 995 2063 aiunt,
1018 2012 1080 2051 eum
1101 1994 1253 2051 secuudum

78 2073 266 2150 apparentiam
286 2091 348 2130 esse
369 2090 496 2148 passum,
517 2075 570 2149 ipsi
592 2077 743 2133 secundum
765 2079 949 2151 apparentiam
971 2085 1073 2134 tantum
1095 2078 1251 2146 existentes,

78 2157 115 2214 ad
142 2156 209 2230 quid
231 2173 282 2231 ego
301 2157 406 2214 vinetus
434 2174 508 2226 sum,
540 2174 589 2216 cur
617 2167 682 2234 opto
711 2177 771 2216 eum
798 2160 894 2217 bestiis
924 2160 1100 2234 depugnarel
1141 2158 1254 2216 Fmstra

77 2244 172 2316 itaque
192 2240 305 2298 morior.
346 2241 441 2297 Nonne
461 2257 512 2315 ego
534 2240 601 2300 falsa
623 2243 657 2300 tle
680 2243 793 2299 Domino
816 2242 934 2316 loquorl

166 2408 224 2473 ‘lt
267 2413 315 2473 Sin
343 2422 449 2484 autem,
479 2425 510 2472 ut
532 2416 641 2490 quitiam
662 2417 750 2484 athei,
773 2416 827 2472 boc
849 2423 892 2471 est
913 2415 1059 2479 increduli,
1083 2413 1169 2481 aiunt,
1193 2414 1252 2488 ipse

79 2499 212 2574 opinione
233 2506 336 2555 tantum
349 2515 445 2572 passus
461 2508 511 2567 est
536 2516 597 2556 cum
613 2499 665 2573 ipsi
686 2515 761 2555 mera
783 2499 837 2555 sint
859 2497 959 2570 opinio,
983 2513 1034 2569 ego
1058 2494 1122 2568 quid
1146 2496 1250 2552 vinctus

79 2582 161 2640 sumi
201 2581 269 2650 Quid
300 2590 379 2656 opto,
413 2582 478 2640 ieris
509 2582 612 2640 obiicit
651 2582 763 2639 Frustra
790 2582 871 2655 igitur
899 2579 1020 2635 moriorl
1061 2577 1140 2634 Falso
1170 2577 1253 2651 igitur

79 2667 223 2722 Dominum
245 2666 384 2741 praedico.

290 2816 332 2873 lll.
362 2818 461 2891 Fugite
482 2817 640 2889 mortiferos
660 2816 830 2872 Docetorum
849 2815 1045 2888 plantationes.

165 2933 260 3008 Fugite
279 2949 346 3008 ergo
369 2933 452 2990 melas
475 2934 655 3007 propagines,
685 2948 753 3006 quae
785 2934 900 3006 gignunt
929 2931 1100 2989 mortiferum
1127 2929 1254 2999 fructum,

82 3034 163 3091 quem
186 3017 208 3074 si
233 3017 293 3091 quis
316 3017 437 3090 gustarit,
459 3017 548 3072 statim
569 3017 693 3072 moritur.
720 3014 766 3070 lsti
781 3016 853 3071 enim
868 3031 923 3070 non
936 3023 999 3071 sunt
1011 3014 1140 3089 plantatio
1158 3012 1255 3069 Patris.

82 3100 112 3156 Si
133 3101 203 3158 enim
226 3107 335 3168 essent,
366 3108 528 3174 apparerent
548 3099 641 3172 utique
662 3099 730 3155 rami
753 3100 859 3165 crucis,
888 3105 915 3154 et
936 3106 1012 3155 esset
1033 3097 1127 3169 utique
1149 3095 1255 3151 tructus

83 3183 191 3241 illorum
217 3183 441 3256 incorruptibilis.
473 3182 524 3238 l‘er
548 3181 618 3237 banc
637 3198 746 3237 crucem
770 3180 893 3237 Christus
916 3183 941 3237 in
962 3180 1090 3255 passione
1104 3178 1257 3235 suainvitat

84 3283 140 3335 vos,
163 3268 210 3341 qui
232 3267 298 3322 estis
321 3265 441 3322 membra
464 3265 532 3320 eius.
565 3264 623 3320 Non
645 3272 737 3338 potest
759 3265 840 3337 igitur
863 3273 944 3338 eaput
966 3279 1090 3320 seorsum
1105 3262 1179 3317 nasci
1196 3263 1256 3318 sine

84 3349 223 3418 membris,
245 3350 374 3405 unionem
394 3348 567 3421 promittente
589 3347 653 3416 lleo,
676 3348 721 3420 qui
742 3355 785 3402 est
806 3349 874 3420 ipse,

168 3492 239 3555 ‘XL
284 3499 377 3573 Fugite
400 3515 466 3572 crgo
490 3496 574 3553 malos
595 3495 731 3565 stolones,
762 3496 808 3570 qui
832 3495 948 3553 inustum
971 3495 1084 3568 gignunt
1105 3494 1256 3552 letiferum:

87 3600 168 3657 quem
191 3584 213 3638 si
236 3583 298 3657 quis
321 3582 484 3655 gustaverit,
514 3579 603 3634 statim
636 3581 776 3635 morietur.
818 3578 850 3634 lli
873 3579 945 3634 enim
966 3594 1020 3632 non
1043 3586 1106 3635 suut
1128 3578 1257 3652 plantatio

86 3666 182 3723 Patris.
226 3666 290 3722 Nam
313 3666 336 3720 si
359 3672 465 3732 essent,
491 3672 653 3738 apparerent
675 3663 769 3735 utique
791 3663 858 3718 rami
877 3662 976 3728 crucis,
999 3670 1128 3735 essetque
1151 3661 1256 3717 tructus

87 3764 180 3806 eorum
211 3747 435 3822 incorruptibilis.
479 3746 611 3814 Quocirca
638 3746 664 3801 in
695 3745 823 3819 passione
851 3760 900 3800 sua
928 3744 1022 3799 incitat
1042 3761 1105 3812 vos,
1136 3742 1256 3800 membra

87 3849 143 3889 sua
185 3832 244 3889 Non
269 3833 474 3906 potestatique
497 3829 714 3903 eaputseorsim
736 3828 810 3883 nasci
843 3828 901 3883 siue
924 3826 1070 3898 membris,
1101 3843 1162 3882 oum
1184 3824 1256 3880 lleus

87 3916 214 3972 unionem
236 3916 384 3991 promittat,
408 3915 453 3987 qui
475 3921 516 3970 est
538 3912 605 3987 ipse.

138 4145 166 4210 2)
186 4144 234 4195 cn.
253 4144 334 4195 Matth.
355 4142 394 4201 15,
415 4141 452 4190 13.
689 4139 766 4189 Etiam
785 4139 808 4187 iu
828 4138 916 4187 Codice
936 4137 952 4187 C
971 4132 1014 4196 ὃς,
1038 4135 1111 4247 idzue
1134 4133 1166 4181 ob
1183 4141 1257 4182 attra-

138 4212 165 4271 ³l
183 4215 216 4263 lto
235 4213 285 4272 lis,
309 4207 607 4261 testimoniumdoctrinee
625 4205 655 4255 de
689 4207 800 4255 ctionem.
834 4207 888 4255 Non
914 4205 943 4253 de
963 4203 1040 4252 divina
1087 4198 1157 4247 bristi
1174 4208 1257 4250 nature

89 4280 210 4330 clivimtete
236 4279 324 4328 Christi
347 4276 467 4327 exhibens.
507 4275 556 4324 liet.
579 4275 656 4323 lntcr·
689 4275 779 4337 agitur,
802 4273 846 4323 sed
867 4272 896 4322 de
914 4273 1002 4320 unione
1021 4267 1064 4347 llej
1088 4263 1119 4311 th
1137 4266 1192 4331 ipso
1209 4282 1259 4316 non

89 4362 158 4412 pres:
173 4347 301 4413 quidmst
313 4361 361 4396 non
374 4352 419 4404 est,
430 4343 558 4408 quodcum
570 4341 655 4392 Vossio
690 4341 849 4405 discrepante.
885 4340 1013 4389 Fortasse:
1042 4348 1088 4389 ert·
1126 4332 1179 4388 Clr.
1200 4334 1262 4401 Epis.

88 4424 207 4466 muamus
230 4410 258 4475 ὅ,
288 4413 324 4464 rel
351 4427 404 4464 cram
427 4410 550 4461 lidricbio
574 4404 598 4474 ἥ.
628 4409 656 4459 11.
690 4411 713 4470 5,
726 4409 766 4460 30.
785 4407 862 4458 lCor.
879 4408 903 4466 6,
925 4407 963 4458 15.

156 4499 250 4550 Perus
267 4511 350 4549 trost.
1020 4483 1049 4537 tt
1088 4472 1300 4622 ·
