2886 4882
301 243 426 303 leberti
449 243 612 303 bristout
634 246 677 304 to
699 242 1027 304 PllthDEEPllENSES.
1054 244 1076 304 Ι.
1222 187 1281 306 tlt

472 508 513 557 ln
542 469 914 559 rusciorurnnus'ns.

188 645 323 719 lguatius,
346 649 392 721 qui
423 657 449 705 et
471 649 668 722 Theophorus,
696 651 830 708 ecclcsiae
859 650 905 707 Dei
927 648 1014 704 Patris
1043 656 1071 704 el
1092 645 1197 707 Domini
1218 649 1280 711 lesu

231 727 340 798 Christi,
363 747 432 804 quae
456 742 497 788 est
510 732 711 805 Pliiladelphiae
734 735 761 789 in
776 735 846 801 Asia,
869 731 1085 790 miscricordiam
1108 742 1281 804 consecutae,

232 821 260 868 et
281 812 403 871 firmatae
427 817 453 870 in
478 815 626 872 concordia
649 833 710 872 curu
732 817 802 885 Deo,
824 825 851 872 et
874 815 1001 872 exultanti
1023 816 1152 887 passione
1174 817 1282 873 Domini

231 898 317 952 nostri
341 897 565 970 inseparabiliter,
590 914 621 953 ac
644 916 692 971 per
707 901 936 956 resurrectionem
958 899 1015 954 eius
1037 897 1116 971 plene
1132 899 1280 957 instructae

233 978 266 1034 tle
296 981 369 1036 omui
397 981 602 1049 misericordia3
632 998 711 1054 quam
744 983 831 1040 saluto
860 985 887 1039 iu
920 981 1050 1054 saiiguine
1080 980 1142 1037 lesu
1163 981 1280 1051 Christis

235 1078 303 1134 quae
326 1063 443 1119 ccclesia
465 1072 508 1121 est
529 1064 655 1137 gaudium
669 1082 758 1121 uteriui
775 1067 972 1139 sempiternum
986 1073 1013 1120 et
1028 1062 1135 1132 stabile,
1158 1066 1280 1134 manime,

233 1146 257 1200 si
279 1147 345 1201 uniti
368 1155 431 1203 sunt
454 1165 513 1203 curu
536 1148 668 1220 episcopo
690 1157 718 1204 et
739 1148 908 1224 presbyteris
929 1149 987 1204 eius
1009 1155 1036 1204 ct
1058 1147 1188 1217 diaconis,
1209 1148 1281 1205 iuxta

234 1230 394 1284 sententiam
409 1229 507 1286 Christi
523 1231 679 1303 designatis,
703 1249 772 1304 quos
796 1233 947 1290 secundum
964 1232 1103 1304 propriam
1118 1230 1281 1290 voluntatem
1364 1275 1366 1279 .

235 1327 310 1367 suam
333 1311 448 1369 lirmavit
470 1314 496 1369 in
519 1312 672 1381 stabilitate,
695 1332 744 1388 per
766 1324 889 1372 sanctum
912 1333 991 1371 suurn
1013 1314 1150 1389 Spiritum.

349 1472 478 1524 ‘tentati
495 1474 643 1525 Ettstott
662 1476 700 1525 AD
718 1475 1017 1526 PllthDELPilENSES.

186 1613 320 1687 lgnatius,
350 1619 396 1690 qui
426 1625 453 1674 et
474 1616 669 1690 Theopompo,
699 1615 835 1674 Ecclesiae
858 1618 904 1674 Dei
926 1617 1013 1674 Patris
1042 1625 1069 1674 et
1090 1617 1195 1675 Domini
1217 1618 1280 1677 lesu

230 1698 337 1769 Christi,
362 1717 432 1773 quac
455 1710 496 1756 est
517 1699 718 1775 Philadelphiae
741 1702 766 1756 iu
781 1701 851 1768 Asia,
874 1699 1092 1758 miscricordiam
1114 1710 1278 1761 consecutae

230 1791 257 1838 et
288 1781 409 1841 firmatae
440 1785 466 1839 iu
497 1783 643 1839 concordia
665 1784 728 1853 Dei,
758 1791 785 1839 et
812 1783 938 1841 exultanti
966 1785 993 1841 iu
1022 1785 1151 1860 passione
1174 1786 1279 1844 Domini

229 1869 315 1922 nostri
337 1869 395 1924 sinc
407 1867 595 1932 haesitatione,
618 1875 646 1923 et
665 1868 692 1923 in
716 1869 919 1926 resurrectione
942 1868 1065 1925 ciusdem
1081 1867 1195 1926 tirmiter
1222 1886 1279 1928 cre·

230 1946 303 2007 denti
327 1952 351 2007 in
376 1951 448 2007 omui
471 1949 675 2021 miscricordia3
698 1968 777 2024 quiam
800 1951 887 2008 saluto
904 1953 930 2008 in
949 1953 1079 2027 sauguine
1097 1951 1158 2010 lesu
1170 1953 1279 2023 Christi,

230 2034 369 2105 quod-est
390 2035 515 2108 gaudium
538 2035 732 2108 sempiternum
754 2043 781 2091 et
803 2035 914 2104 stabile,
942 2039 1054 2094 manime
1076 2037 1100 2092 si
1121 2055 1204 2095 unum
1226 2038 1281 2094 siut

234 2134 295 2173 cum
316 2118 451 2192 Episcopo
473 2127 501 2175 ct
522 2116 655 2174 adiunctis
678 2119 728 2192 ipsi
745 2118 917 2194 Presbyteris
940 2128 967 2176 et
983 2119 1109 2178 Diaconis
1132 2120 1280 2196 designatis

230 2203 301 2259 iuxta
320 2210 437 2258 mentem
459 2202 520 2258 lesu
543 2199 656 2271 Christi,
686 2218 756 2275 quos
784 2202 933 2260 secundum
957 2204 1095 2280 propriam
1117 2206 1280 2264 voluntatem

229 2283 337 2342 firmant
358 2286 385 2342 iu
407 2285 549 2343 stabilitate
571 2293 667 2341 sancto
687 2301 738 2340 suo
761 2287 866 2359 spiritu.

553 2436 572 2491 l.
617 2437 692 2492 Eous
714 2437 840 2510 episcopi.

186 2552 263 2609 llunc
286 2553 446 2627 episcopum
468 2555 592 2628 cognovi,
614 2568 668 2610 non
691 2570 706 2608 a
728 2552 830 2625 scipso,
852 2568 942 2625 neque
965 2571 1015 2627 per
1035 2550 1168 2619 homines,
1190 2566 1280 2625 neque

106 2635 141 2693 ob
163 2637 270 2693 inanem
293 2635 414 2710 gloriam,
436 2637 485 2693 secl
508 2638 638 2695 charitate
660 2637 747 2693 Patris
770 2645 798 2693 et
811 2635 916 2693 Domini
932 2635 994 2694 lesu
1009 2635 1107 2693 Christi
1129 2632 1280 2691 obtinuisse

105 2720 286 2778 ministerium
308 2721 422 2794 regendi
444 2728 561 2777 coetum.
603 2719 686 2777 Valde
707 2719 854 2778 admiratus
876 2737 937 2776 sum
958 2721 1017 2778 eius
1039 2717 1209 2786 modestiam,
1233 2717 1280 2792 qui

106 2803 209 2862 silentlo
232 2805 371 2878 potentior
392 2812 443 2868 est,
465 2821 546 2877 quam
569 2805 616 2878 qui
638 2821 703 2860 rana
723 2805 879 2878 loquuntur.
909 2804 1051 2862 Consonus
1066 2802 1136 2859 enim
1151 2811 1193 2859 est
1207 2816 1279 2858 man·

107 2887 193 2955 datis,
222 2896 252 2945 ut
274 2888 377 2943 cithara
406 2887 524 2943 choralis.
567 2889 737 2962 Quapropter
765 2887 874 2945 beatum
908 2887 1038 2964 praedico
1073 2894 1191 2944 mentem
1221 2885 1280 2942 eins

106 2971 186 3044 piam,
207 2987 265 3027 eam
287 2969 430 3026 virtutibus
455 2979 576 3028 ornatam
598 2980 625 3028 et
646 2971 795 3045 perlectam
817 2973 918 3041 sciens,
939 2981 968 3030 et
987 2970 1199 3030 immobilitatem
1221 2969 1281 3026 cius

106 3070 137 3110 ac
158 3054 296 3112 lenitatem
316 3054 402 3110 instar
422 3054 638 3112 mansuetudinis
661 3055 709 3113 Dei
730 3055 789 3111 rivi.

189 3199 234 3262 *1.
276 3205 362 3274 Quem
384 3204 549 3280 Episcopum
580 3207 694 3279 cognovi
716 3222 771 3262 uou
792 3224 807 3263 a
827 3208 976 3281 semetipso
999 3223 1088 3280 neque
1117 3221 1165 3280 per
1194 3202 1279 3260 homi·

108 3305 157 3345 nes
181 3289 309 3364 adeptum
331 3304 394 3346 esse
427 3290 479 3344 hoc
508 3289 699 3345 incommune
728 3290 868 3363 pertinens
890 3291 1085 3358 ministerium,
1113 3305 1203 3362 nequae
1230 3303 1281 3362 per

106 3388 200 3428 vanam
223 3372 344 3445 gloriam,
368 3372 464 3428 sedin
487 3373 597 3427 caritate
619 3370 666 3428 Dei
689 3372 776 3428 Patris
799 3382 826 3430 et
848 3373 952 3442 Domini
974 3372 1035 3429 lesu
1056 3372 1165 3429 Christi.
1196 3371 1278 3430 euius

107 3454 241 3529 obstupui
262 3455 441 3523 modestiam;
472 3456 516 3528 quii
542 3455 639 3510 tacitus
661 3455 721 3528 plus
745 3465 844 3529 potest,
867 3473 947 3530 quam
970 3455 1015 3512 alii
1037 3471 1102 3511 vana
1124 3455 1278 3529 loquentes.

107 3537 156 3594 Est
174 3538 245 3595 enim
269 3539 416 3595 instructus
439 3538 571 3595 mandatis
595 3538 706 3607 divinis,
731 3548 760 3595 ut
782 3541 884 3597 eithara
906 3538 1014 3596 litibus.
1057 3538 1229 3614 Quapropter
1248 3551 1282 3594 ex

109 3621 198 3678 animo
219 3620 327 3680 beatum
350 3639 409 3679 euni
433 3622 495 3679 dico
518 3621 553 3678 ob
576 3622 653 3678 istam
676 3623 702 3678 iu
725 3622 809 3680 Deum
831 3624 1007 3689 sententiam,
1035 3639 1115 3697 quam
1136 3619 1281 3680 virtutibus

109 3704 226 3762 deditam
248 3704 453 3779 perlectumque
475 3706 545 3774 nori,
567 3714 596 3761 ut
617 3713 646 3762 et
666 3706 879 3765 immobihtatem
907 3713 935 3764 et
962 3705 1101 3764 lenitatem
1129 3705 1203 3774 eius,
1233 3703 1280 3778 qui

107 3787 311 3846 strictiorem
333 3788 539 3846 mansuetudine
561 3789 617 3845 Dei.

159 4015 253 4083 Dl'Clr.
274 4017 325 4068 Gal.
346 4018 368 4077 l,
390 4017 411 4068 l.
710 4015 814 4067 tacuisse
834 4016 898 4067 usus
919 4026 968 4079 est,
991 4016 1070 4068 isthoc
1088 4024 1166 4065 nmen
1183 4010 1280 4063 silentio

161 4085 203 4151 10)
220 4086 255 4134 lta
279 4103 299 4135 c.
323 4085 450 4150 luterpol.,
474 4084 541 4135 Voss.
565 4092 589 4135 et
613 4083 676 4149 rqu.
710 4084 841 4149 potentior,
862 4093 981 4148 potestate
1000 4081 1134 4149 episcopali
1152 4077 1279 4132 commotio

111 4153 184 4215 editt,
204 4149 257 4205 τὸν
274 4153 331 4203 ct.
710 4152 795 4203 maiori
813 4166 867 4203 cnm
885 4153 963 4203 fructu
981 4165 1076 4203 usurus.
1098 4149 1178 4200 Smith

108 4287 155 4338 flio
162 4219 367 4352 l1iipu?s:p;¹:3¹;ss
384 4219 533 4338 ssogffiz
542 4218 677 4337 ὓῇιῖίῗεῑιῗί
764 4252 806 4318 12)
822 4252 870 4304 Cir.
890 4269 963 4320 snpra
982 4253 1012 4304 acl
1030 4248 1090 4314 Eph.
1109 4264 1129 4300 c.
1147 4249 1171 4301 t.

108 4355 284 4407 nisiinter&
303 4356 421 4419 lgnatios‚
448 4356 488 4421 qni
505 4371 532 4406 se
550 4355 631 4405 mitem
648 4369 677 4404 sc
764 4353 808 4417 13)
833 4356 937 4410 τέλειον
973 4352 1035 4413 ct,
1070 4350 1181 4408 vetitas
1216 4346 1283 4405 etto

107 4432 259 4479 namnetum
278 4438 335 4489 erga
355 4424 523 4489 immorigeros
540 4421 627 4490 guill,
653 4431 677 4475 et
710 4431 767 4477 ante
782 4423 830 4477 lae.
