<?xml version="1.0" encoding="UTF-8"?>
<!DOCTYPE html PUBLIC "-//W3C//DTD XHTML 1.0 Transitional//EN"
    "http://www.w3.org/TR/xhtml1/DTD/xhtml1-transitional.dtd">
<html xmlns="http://www.w3.org/1999/xhtml" xml:lang="en" lang="en">
 <head>
  <title>
</title>
<meta http-equiv="Content-Type" content="text/html;charset=utf-8" />
  <meta name='ocr-system' content='tesseract 3.04.00' />
  <meta name='ocr-capabilities' content='ocr_page ocr_carea ocr_par ocr_line ocrx_word'/>
</head>
<body>
  <div class='ocr_page' id='page_1' title='image "./patrumapostolic00polygoog/patrumapostolic00polygoog_0126.png"; bbox 0 0 2886 4882; ppageno 0'>
   <div class='ocr_carea' id='block_1_1' title="bbox 466 230 1007 295">
    <p class='ocr_par' dir='ltr' id='par_1_1' title="bbox 466 230 1007 295">
     <span class='ocr_line' id='line_1_1' title="bbox 466 230 1007 295; baseline -0.015 1"><span class='ocrx_word' id='word_1_1' title='bbox 466 230 1007 295; x_wconf 69' lang='lat' dir='ltr'><strong>immansuetum.</strong></span> 
     </span>
    </p>
   </div>
   <div class='ocr_carea' id='block_1_2' title="bbox 365 436 1088 496">
    <p class='ocr_par' dir='ltr' id='par_1_2' title="bbox 365 436 1088 496">
     <span class='ocr_line' id='line_1_2' title="bbox 365 436 1088 496; baseline -0.011 0"><span class='ocrx_word' id='word_1_2' title='bbox 365 439 413 495; x_wconf 79' lang='lat' dir='ltr'><strong>Xl.</strong></span> <span class='ocrx_word' id='word_1_3' title='bbox 457 438 643 496; x_wconf 72' lang='lat' dir='ltr'><strong>Contisutt&#39;o.</strong></span> <span class='ocrx_word' id='word_1_4' title='bbox 688 436 745 493; x_wconf 75' lang='lat' dir='ltr'><strong>iol.</strong></span> <span class='ocrx_word' id='word_1_5' title='bbox 788 436 881 493; x_wconf 75' lang='lat' dir='ltr'><strong>Poetis</strong></span> <span class='ocrx_word' id='word_1_6' title='bbox 901 437 1088 493; x_wconf 67' lang='lat' dir='ltr'><strong>dissensionis.</strong></span> 
     </span>
    </p>
   </div>
   <div class='ocr_carea' id='block_1_3' title="bbox 132 551 1319 1211">
    <p class='ocr_par' dir='ltr' id='par_1_3' title="bbox 132 551 1319 1211">
     <span class='ocr_line' id='line_1_3' title="bbox 205 551 1319 632; baseline -0.004 -18"><span class='ocrx_word' id='word_1_7' title='bbox 205 557 335 632; x_wconf 75' lang='lat' dir='ltr'><strong>Propter</strong></span> <span class='ocrx_word' id='word_1_8' title='bbox 349 553 568 630; x_wconf 73' lang='lat' dir='ltr'><strong>hospitalitatem</strong></span> <span class='ocrx_word' id='word_1_9' title='bbox 584 561 613 610; x_wconf 91' lang='lat' dir='ltr'><strong>et</strong></span> <span class='ocrx_word' id='word_1_10' title='bbox 634 555 762 628; x_wconf 86' lang='lat' dir='ltr'><strong>pietatem</strong></span> <span class='ocrx_word' id='word_1_11' title='bbox 778 551 828 609; x_wconf 80' lang='lat' dir='ltr'><strong>bot</strong></span> <span class='ocrx_word' id='word_1_12' title='bbox 848 551 994 608; x_wconf 85' lang='lat' dir='ltr'><strong>eSodoma</strong></span> <span class='ocrx_word' id='word_1_13' title='bbox 1016 551 1104 607; x_wconf 77' lang='lat' dir='ltr'><strong>salsus</strong></span> <span class='ocrx_word' id='word_1_14' title='bbox 1120 560 1212 619; x_wconf 85' lang='lat' dir='ltr'><strong>erasit,</strong></span> <span class='ocrx_word' id='word_1_15' title='bbox 1236 570 1319 626; x_wconf 87' lang='lat' dir='ltr'><strong>quum</strong></span> 
     </span>
     <span class='ocr_line' id='line_1_4' title="bbox 138 635 1317 714; baseline -0.005 -16"><span class='ocrx_word' id='word_1_16' title='bbox 138 652 179 697; x_wconf 86' lang='lat' dir='ltr'><strong>uta</strong></span> <span class='ocrx_word' id='word_1_17' title='bbox 200 641 284 714; x_wconf 85' lang='lat' dir='ltr'><strong>regio</strong></span> <span class='ocrx_word' id='word_1_18' title='bbox 309 641 341 695; x_wconf 90' lang='lat' dir='ltr'><strong>in</strong></span> <span class='ocrx_word' id='word_1_19' title='bbox 364 638 487 694; x_wconf 88' lang='lat' dir='ltr'><strong>circuitu</strong></span> <span class='ocrx_word' id='word_1_20' title='bbox 508 639 571 712; x_wconf 90' lang='lat' dir='ltr'><strong>igne</strong></span> <span class='ocrx_word' id='word_1_21' title='bbox 594 645 622 693; x_wconf 88' lang='lat' dir='ltr'><strong>et</strong></span> <span class='ocrx_word' id='word_1_22' title='bbox 643 637 774 711; x_wconf 76' lang='lat' dir='ltr'>sulphure</span> <span class='ocrx_word' id='word_1_23' title='bbox 788 637 947 710; x_wconf 79' lang='lat' dir='ltr'><strong>puniretur3</strong></span> <span class='ocrx_word' id='word_1_24' title='bbox 968 635 1080 690; x_wconf 84' lang='lat' dir='ltr'><strong>bomine</strong></span> <span class='ocrx_word' id='word_1_25' title='bbox 1094 635 1179 709; x_wconf 87' lang='lat' dir='ltr'><strong>palarn</strong></span> <span class='ocrx_word' id='word_1_26' title='bbox 1193 636 1317 705; x_wconf 89' lang='lat' dir='ltr'><strong>lacieute,</strong></span> 
     </span>
     <span class='ocr_line' id='line_1_5' title="bbox 137 719 1317 799; baseline -0.003 -19"><span class='ocrx_word' id='word_1_27' title='bbox 137 725 198 799; x_wconf 83' lang='lat' dir='ltr'><strong>quod</strong></span> <span class='ocrx_word' id='word_1_28' title='bbox 217 740 279 780; x_wconf 92' lang='lat' dir='ltr'><strong>non</strong></span> <span class='ocrx_word' id='word_1_29' title='bbox 304 720 489 795; x_wconf 85' lang='lat' dir='ltr'><strong>derelinquat</strong></span> <span class='ocrx_word' id='word_1_30' title='bbox 505 728 650 796; x_wconf 74' lang='lat' dir='ltr'><strong>sperantes</strong></span> <span class='ocrx_word' id='word_1_31' title='bbox 672 721 699 777; x_wconf 91' lang='lat' dir='ltr'><strong>in</strong></span> <span class='ocrx_word' id='word_1_32' title='bbox 717 721 820 794; x_wconf 89' lang='lat' dir='ltr'><strong>ipsum,</strong></span> <span class='ocrx_word' id='word_1_33' title='bbox 850 726 945 775; x_wconf 87' lang='lat' dir='ltr'><strong>contra</strong></span> <span class='ocrx_word' id='word_1_34' title='bbox 966 734 1045 785; x_wconf 83' lang='lat' dir='ltr'><strong>sero,</strong></span> <span class='ocrx_word' id='word_1_35' title='bbox 1076 719 1121 791; x_wconf 91' lang='lat' dir='ltr'><strong>qui</strong></span> <span class='ocrx_word' id='word_1_36' title='bbox 1150 719 1317 778; x_wconf 84' lang='lat' dir='ltr'><strong>amandatis</strong></span> 
     </span>
     <span class='ocr_line' id='line_1_6' title="bbox 135 799 1318 879; baseline -0.005 -15"><span class='ocrx_word' id='word_1_37' title='bbox 135 812 182 864; x_wconf 81' lang='lat' dir='ltr'><strong>e&#39;ns</strong></span> <span class='ocrx_word' id='word_1_38' title='bbox 204 806 366 872; x_wconf 88' lang='lat' dir='ltr'><strong>declinant,</strong></span> <span class='ocrx_word' id='word_1_39' title='bbox 386 803 533 879; x_wconf 77' lang='lat' dir='ltr'><strong>suppliciis</strong></span> <span class='ocrx_word' id='word_1_40' title='bbox 555 813 583 861; x_wconf 91' lang='lat' dir='ltr'><strong>et</strong></span> <span class='ocrx_word' id='word_1_41' title='bbox 604 804 747 860; x_wconf 88' lang='lat' dir='ltr'><strong>tormentis</strong></span> <span class='ocrx_word' id='word_1_42' title='bbox 768 804 869 877; x_wconf 88' lang='lat' dir='ltr'><strong>puniat</strong></span> <span class='ocrx_word' id='word_1_43' title='bbox 912 799 983 857; x_wconf 79' lang='lat' dir='ltr'><strong>Uxor</strong></span> <span class='ocrx_word' id='word_1_44' title='bbox 1003 801 1075 856; x_wconf 88' lang='lat' dir='ltr'><strong>euim</strong></span> <span class='ocrx_word' id='word_1_45' title='bbox 1089 802 1156 866; x_wconf 89' lang='lat' dir='ltr'><strong>eius,</strong></span> <span class='ocrx_word' id='word_1_46' title='bbox 1179 818 1247 874; x_wconf 89' lang='lat' dir='ltr'><strong>quae</strong></span> <span class='ocrx_word' id='word_1_47' title='bbox 1265 818 1318 859; x_wconf 79' lang='lat' dir='ltr'><strong>cina</strong></span> 
     </span>
     <span class='ocr_line' id='line_1_7' title="bbox 134 884 1317 964; baseline -0.006 -16"><span class='ocrx_word' id='word_1_48' title='bbox 134 910 185 948; x_wconf 84' lang='lat' dir='ltr'><strong>cum</strong></span> <span class='ocrx_word' id='word_1_49' title='bbox 206 908 245 948; x_wconf 86' lang='lat' dir='ltr'><strong>eo</strong></span> <span class='ocrx_word' id='word_1_50' title='bbox 268 904 394 964; x_wconf 84' lang='lat' dir='ltr'><strong>egressa</strong></span> <span class='ocrx_word' id='word_1_51' title='bbox 416 896 475 957; x_wconf 89' lang='lat' dir='ltr'><strong>est,</strong></span> <span class='ocrx_word' id='word_1_52' title='bbox 507 904 569 944; x_wconf 89' lang='lat' dir='ltr'><strong>cum</strong></span> <span class='ocrx_word' id='word_1_53' title='bbox 592 887 681 944; x_wconf 89' lang='lat' dir='ltr'><strong>abeo</strong></span> <span class='ocrx_word' id='word_1_54' title='bbox 703 886 861 943; x_wconf 80' lang='lat' dir='ltr'><strong>dissentiret</strong></span> <span class='ocrx_word' id='word_1_55' title='bbox 888 901 939 941; x_wconf 89' lang='lat' dir='ltr'><strong>neo</strong></span> <span class='ocrx_word' id='word_1_56' title='bbox 970 885 997 941; x_wconf 89' lang='lat' dir='ltr'><strong>in</strong></span> <span class='ocrx_word' id='word_1_57' title='bbox 1020 884 1167 940; x_wconf 85' lang='lat' dir='ltr'><strong>concordia</strong></span> <span class='ocrx_word' id='word_1_58' title='bbox 1188 886 1317 959; x_wconf 88' lang='lat' dir='ltr'><strong>persiste·</strong></span> 
     </span>
     <span class='ocr_line' id='line_1_8' title="bbox 133 968 1316 1048; baseline -0.006 -17"><span class='ocrx_word' id='word_1_59' title='bbox 133 984 174 1044; x_wconf 77' lang='lat' dir='ltr'><strong>ret,</strong></span> <span class='ocrx_word' id='word_1_60' title='bbox 195 975 226 1031; x_wconf 89' lang='lat' dir='ltr'><strong>in</strong></span> <span class='ocrx_word' id='word_1_61' title='bbox 248 973 369 1048; x_wconf 83' lang='lat' dir='ltr'><strong>signum</strong></span> <span class='ocrx_word' id='word_1_62' title='bbox 392 979 543 1046; x_wconf 84' lang='lat' dir='ltr'><strong>propterea</strong></span> <span class='ocrx_word' id='word_1_63' title='bbox 563 970 661 1046; x_wconf 88' lang='lat' dir='ltr'><strong>posita,</strong></span> <span class='ocrx_word' id='word_1_64' title='bbox 684 979 711 1026; x_wconf 91' lang='lat' dir='ltr'><strong>et</strong></span> <span class='ocrx_word' id='word_1_65' title='bbox 724 969 789 1027; x_wconf 88' lang='lat' dir='ltr'><strong>sabs</strong></span> <span class='ocrx_word' id='word_1_66' title='bbox 808 977 896 1026; x_wconf 86' lang='lat' dir='ltr'><strong>statua</strong></span> <span class='ocrx_word' id='word_1_67' title='bbox 915 985 1002 1042; x_wconf 86' lang='lat' dir='ltr'><strong>usque</strong></span> <span class='ocrx_word' id='word_1_68' title='bbox 1025 968 1051 1023; x_wconf 90' lang='lat' dir='ltr'><strong>in</strong></span> <span class='ocrx_word' id='word_1_69' title='bbox 1068 968 1229 1024; x_wconf 86' lang='lat' dir='ltr'><strong>hodiernum</strong></span> <span class='ocrx_word' id='word_1_70' title='bbox 1246 968 1316 1024; x_wconf 88' lang='lat' dir='ltr'><strong>diem</strong></span> 
     </span>
     <span class='ocr_line' id='line_1_9' title="bbox 132 1050 1317 1127; baseline -0.006 -13"><span class='ocrx_word' id='word_1_71' title='bbox 132 1060 193 1114; x_wconf 81' lang='lat' dir='ltr'><strong>laeta</strong></span> <span class='ocrx_word' id='word_1_72' title='bbox 217 1067 282 1125; x_wconf 72' lang='lat' dir='ltr'><strong>est,</strong></span> <span class='ocrx_word' id='word_1_73' title='bbox 313 1063 348 1112; x_wconf 93' lang='lat' dir='ltr'><strong>ut</strong></span> <span class='ocrx_word' id='word_1_74' title='bbox 370 1054 499 1112; x_wconf 87' lang='lat' dir='ltr'><strong>omuibus</strong></span> <span class='ocrx_word' id='word_1_75' title='bbox 528 1055 725 1122; x_wconf 70' lang='lat' dir='ltr'><strong>innotesceret,</strong></span> <span class='ocrx_word' id='word_1_76' title='bbox 754 1053 828 1127; x_wconf 93' lang='lat' dir='ltr'><strong>quod</strong></span> <span class='ocrx_word' id='word_1_77' title='bbox 852 1053 941 1109; x_wconf 90' lang='lat' dir='ltr'><strong>animo</strong></span> <span class='ocrx_word' id='word_1_78' title='bbox 971 1050 1046 1109; x_wconf 91' lang='lat' dir='ltr'><strong>dubii</strong></span> <span class='ocrx_word' id='word_1_79' title='bbox 1083 1060 1111 1108; x_wconf 93' lang='lat' dir='ltr'><strong>et</strong></span> <span class='ocrx_word' id='word_1_80' title='bbox 1142 1052 1176 1108; x_wconf 88' lang='lat' dir='ltr'><strong>dc</strong></span> <span class='ocrx_word' id='word_1_81' title='bbox 1197 1053 1317 1125; x_wconf 89' lang='lat' dir='ltr'><strong>potentia</strong></span> 
     </span>
     <span class='ocr_line' id='line_1_10' title="bbox 132 1136 1316 1211; baseline -0.007 -13"><span class='ocrx_word' id='word_1_82' title='bbox 132 1144 216 1198; x_wconf 79' lang='lat' dir='ltr'><strong>lirina</strong></span> <span class='ocrx_word' id='word_1_83' title='bbox 236 1139 418 1198; x_wconf 75' lang='lat' dir='ltr'><strong>haesitantes</strong></span> <span class='ocrx_word' id='word_1_84' title='bbox 452 1140 480 1195; x_wconf 88' lang='lat' dir='ltr'><strong>in</strong></span> <span class='ocrx_word' id='word_1_85' title='bbox 502 1138 631 1196; x_wconf 90' lang='lat' dir='ltr'><strong>iudicium</strong></span> <span class='ocrx_word' id='word_1_86' title='bbox 664 1146 692 1195; x_wconf 90' lang='lat' dir='ltr'><strong>et</strong></span> <span class='ocrx_word' id='word_1_87' title='bbox 723 1138 830 1211; x_wconf 89' lang='lat' dir='ltr'><strong>signum</strong></span> <span class='ocrx_word' id='word_1_88' title='bbox 854 1136 980 1193; x_wconf 88' lang='lat' dir='ltr'><strong>omnibus</strong></span> <span class='ocrx_word' id='word_1_89' title='bbox 1010 1136 1232 1209; x_wconf 75' lang='lat' dir='ltr'><strong>generationibus</strong></span> <span class='ocrx_word' id='word_1_90' title='bbox 1253 1152 1316 1210; x_wconf 89' lang='lat' dir='ltr'><strong>pro·</strong></span> 
     </span>
    </p>
   </div>
   <div class='ocr_carea' id='block_1_4' title="bbox 131 1233 1096 1430">
    <p class='ocr_par' dir='ltr' id='par_1_4' title="bbox 131 1233 1096 1430">
     <span class='ocr_line' id='line_1_11' title="bbox 131 1233 278 1300; baseline -0.014 -19"><span class='ocrx_word' id='word_1_91' title='bbox 131 1233 278 1300; x_wconf 75' lang='lat' dir='ltr'><strong>pnantnr.</strong></span> 
     </span>
     <span class='ocr_line' id='line_1_12' title="bbox 357 1352 1096 1430; baseline -0.004 -18"><span class='ocrx_word' id='word_1_92' title='bbox 357 1353 414 1412; x_wconf 76' lang='lat'><strong>111.</strong></span> <span class='ocrx_word' id='word_1_93' title='bbox 455 1355 589 1414; x_wconf 63' lang='lat' dir='ltr'><strong>Praemia</strong></span> <span class='ocrx_word' id='word_1_94' title='bbox 608 1356 676 1430; x_wconf 69' lang='lat' dir='ltr'><strong>fidei</strong></span> <span class='ocrx_word' id='word_1_95' title='bbox 696 1365 722 1413; x_wconf 91' lang='lat' dir='ltr'><strong>et</strong></span> <span class='ocrx_word' id='word_1_96' title='bbox 742 1354 945 1428; x_wconf 79' lang='lat' dir='ltr'><strong>hospitalitatis.</strong></span> <span class='ocrx_word' id='word_1_97' title='bbox 987 1352 1096 1410; x_wconf 72' lang='lat' dir='ltr'><strong>hobab.</strong></span> 
     </span>
    </p>
   </div>
   <div class='ocr_carea' id='block_1_5' title="bbox 129 1469 1317 3054">
    <p class='ocr_par' dir='ltr' id='par_1_5' title="bbox 129 1469 1317 3054">
     <span class='ocr_line' id='line_1_13' title="bbox 207 1469 1316 1548; baseline -0.004 -18"><span class='ocrx_word' id='word_1_98' title='bbox 207 1474 339 1548; x_wconf 83' lang='lat' dir='ltr'><strong>Propter</strong></span> <span class='ocrx_word' id='word_1_99' title='bbox 367 1471 451 1530; x_wconf 85' lang='lat' dir='ltr'><strong>iidem</strong></span> <span class='ocrx_word' id='word_1_100' title='bbox 480 1481 509 1529; x_wconf 90' lang='lat' dir='ltr'><strong>et</strong></span> <span class='ocrx_word' id='word_1_101' title='bbox 538 1473 748 1546; x_wconf 74' lang='lat' dir='ltr'><strong>hospitalitatem</strong></span> <span class='ocrx_word' id='word_1_102' title='bbox 769 1470 860 1527; x_wconf 86' lang='lat' dir='ltr'><strong>liabab</strong></span> <span class='ocrx_word' id='word_1_103' title='bbox 888 1469 1016 1526; x_wconf 83' lang='lat' dir='ltr'><strong>meretrix</strong></span> <span class='ocrx_word' id='word_1_104' title='bbox 1048 1469 1191 1527; x_wconf 87' lang='lat' dir='ltr'><strong>incolumis</strong></span> <span class='ocrx_word' id='word_1_105' title='bbox 1212 1479 1316 1526; x_wconf 81' lang='lat' dir='ltr'><strong>serrata</strong></span> 
     </span>
     <span class='ocr_line' id='line_1_14' title="bbox 129 1551 1314 1628; baseline -0.003 -14"><span class='ocrx_word' id='word_1_106' title='bbox 129 1569 178 1620; x_wconf 85' lang='lat' dir='ltr'><strong>est.</strong></span> <span class='ocrx_word' id='word_1_107' title='bbox 221 1556 324 1614; x_wconf 83' lang='lat' dir='ltr'><strong>llissis</strong></span> <span class='ocrx_word' id='word_1_108' title='bbox 347 1556 421 1614; x_wconf 87' lang='lat' dir='ltr'><strong>euim</strong></span> <span class='ocrx_word' id='word_1_109' title='bbox 443 1573 459 1612; x_wconf 88' lang='lat' dir='ltr'><strong>a</strong></span> <span class='ocrx_word' id='word_1_110' title='bbox 482 1553 566 1613; x_wconf 84' lang='lat' dir='ltr'><strong>Josue</strong></span> <span class='ocrx_word' id='word_1_111' title='bbox 589 1556 645 1612; x_wconf 88' lang='lat' dir='ltr'><strong>lilio</strong></span> <span class='ocrx_word' id='word_1_112' title='bbox 667 1556 754 1612; x_wconf 78' lang='lat' dir='ltr'><strong>Navae</strong></span> <span class='ocrx_word' id='word_1_113' title='bbox 782 1554 815 1610; x_wconf 88' lang='lat' dir='ltr'><strong>ad</strong></span> <span class='ocrx_word' id='word_1_114' title='bbox 843 1553 939 1610; x_wconf 88' lang='lat' dir='ltr'><strong>urbem</strong></span> <span class='ocrx_word' id='word_1_115' title='bbox 957 1551 1064 1610; x_wconf 88' lang='lat' dir='ltr'><strong>iericho</strong></span> <span class='ocrx_word' id='word_1_116' title='bbox 1087 1554 1314 1628; x_wconf 83' lang='lat' dir='ltr'><strong>speculatoribus,</strong></span> 
     </span>
     <span class='ocr_line' id='line_1_15' title="bbox 129 1636 1316 1715; baseline -0.005 -15"><span class='ocrx_word' id='word_1_117' title='bbox 129 1643 242 1700; x_wconf 78' lang='lat' dir='ltr'><strong>rescivit</strong></span> <span class='ocrx_word' id='word_1_118' title='bbox 265 1648 364 1698; x_wconf 85' lang='lat' dir='ltr'><strong>terrac</strong></span> <span class='ocrx_word' id='word_1_119' title='bbox 387 1657 443 1708; x_wconf 89' lang='lat' dir='ltr'><strong>rex,</strong></span> <span class='ocrx_word' id='word_1_120' title='bbox 464 1640 538 1715; x_wconf 91' lang='lat' dir='ltr'><strong>quod</strong></span> <span class='ocrx_word' id='word_1_121' title='bbox 560 1641 702 1715; x_wconf 80' lang='lat' dir='ltr'><strong>regionem</strong></span> <span class='ocrx_word' id='word_1_122' title='bbox 724 1656 820 1696; x_wconf 82' lang='lat' dir='ltr'><strong>eorruu</strong></span> <span class='ocrx_word' id='word_1_123' title='bbox 843 1636 1008 1711; x_wconf 83' lang='lat' dir='ltr'><strong>exploraturi</strong></span> <span class='ocrx_word' id='word_1_124' title='bbox 1026 1638 1171 1706; x_wconf 87' lang='lat' dir='ltr'><strong>venisseut,</strong></span> <span class='ocrx_word' id='word_1_125' title='bbox 1194 1647 1222 1695; x_wconf 90' lang='lat' dir='ltr'><strong>et</strong></span> <span class='ocrx_word' id='word_1_126' title='bbox 1242 1640 1316 1695; x_wconf 74' lang='lat' dir='ltr'><strong>siros</strong></span> 
     </span>
     <span class='ocr_line' id='line_1_16' title="bbox 129 1721 1317 1799; baseline -0.004 -16"><span class='ocrx_word' id='word_1_127' title='bbox 129 1727 226 1794; x_wconf 83' lang='lat' dir='ltr'><strong>emisit,</strong></span> <span class='ocrx_word' id='word_1_128' title='bbox 249 1726 301 1799; x_wconf 87' lang='lat' dir='ltr'><strong>qui</strong></span> <span class='ocrx_word' id='word_1_129' title='bbox 325 1740 377 1780; x_wconf 90' lang='lat' dir='ltr'><strong>eos</strong></span> <span class='ocrx_word' id='word_1_130' title='bbox 398 1723 674 1798; x_wconf 83' lang='lat' dir='ltr'><strong>comprehenderent,</strong></span> <span class='ocrx_word' id='word_1_131' title='bbox 696 1732 727 1780; x_wconf 93' lang='lat' dir='ltr'><strong>ut</strong></span> <span class='ocrx_word' id='word_1_132' title='bbox 737 1721 927 1796; x_wconf 88' lang='lat' dir='ltr'><strong>comprehensi</strong></span> <span class='ocrx_word' id='word_1_133' title='bbox 942 1731 1114 1779; x_wconf 78' lang='lat' dir='ltr'><strong>necarentur.</strong></span> <span class='ocrx_word' id='word_1_134' title='bbox 1156 1723 1210 1779; x_wconf 86' lang='lat' dir='ltr'><strong>Eos</strong></span> <span class='ocrx_word' id='word_1_135' title='bbox 1235 1724 1317 1798; x_wconf 91' lang='lat' dir='ltr'><strong>igitur</strong></span> 
     </span>
     <span class='ocr_line' id='line_1_17' title="bbox 129 1802 1317 1884; baseline -0.002 -19"><span class='ocrx_word' id='word_1_136' title='bbox 129 1808 277 1884; x_wconf 87' lang='lat' dir='ltr'><strong>hospitalis</strong></span> <span class='ocrx_word' id='word_1_137' title='bbox 302 1805 398 1863; x_wconf 80' lang='lat' dir='ltr'><strong>Rabab</strong></span> <span class='ocrx_word' id='word_1_138' title='bbox 420 1808 582 1883; x_wconf 88' lang='lat' dir='ltr'><strong>suscipiens,</strong></span> <span class='ocrx_word' id='word_1_139' title='bbox 605 1808 632 1864; x_wconf 89' lang='lat' dir='ltr'><strong>in</strong></span> <span class='ocrx_word' id='word_1_140' title='bbox 654 1807 757 1864; x_wconf 90' lang='lat' dir='ltr'><strong>solario</strong></span> <span class='ocrx_word' id='word_1_141' title='bbox 782 1806 878 1862; x_wconf 87' lang='lat' dir='ltr'><strong>domus</strong></span> <span class='ocrx_word' id='word_1_142' title='bbox 900 1802 1019 1861; x_wconf 89' lang='lat' dir='ltr'><strong>sublini</strong></span> <span class='ocrx_word' id='word_1_143' title='bbox 1042 1806 1141 1881; x_wconf 87' lang='lat' dir='ltr'><strong>stipula</strong></span> <span class='ocrx_word' id='word_1_144' title='bbox 1164 1808 1317 1864; x_wconf 81' lang='lat' dir='ltr'><strong>occultavit.</strong></span> 
     </span>
     <span class='ocr_line' id='line_1_18' title="bbox 130 1888 1315 1967; baseline -0.001 -20"><span class='ocrx_word' id='word_1_145' title='bbox 130 1889 406 1967; x_wconf 78' lang='lat' dir='ltr'><strong>supervenientibus</strong></span> <span class='ocrx_word' id='word_1_146' title='bbox 428 1899 517 1948; x_wconf 85' lang='lat' dir='ltr'><strong>autem</strong></span> <span class='ocrx_word' id='word_1_147' title='bbox 540 1891 603 1948; x_wconf 85' lang='lat' dir='ltr'><strong>viris</strong></span> <span class='ocrx_word' id='word_1_148' title='bbox 626 1907 726 1965; x_wconf 85' lang='lat' dir='ltr'><strong>aroge</strong></span> <span class='ocrx_word' id='word_1_149' title='bbox 748 1889 840 1946; x_wconf 85' lang='lat' dir='ltr'><strong>missis</strong></span> <span class='ocrx_word' id='word_1_150' title='bbox 862 1904 894 1944; x_wconf 91' lang='lat' dir='ltr'><strong>ac</strong></span> <span class='ocrx_word' id='word_1_151' title='bbox 916 1888 1084 1946; x_wconf 84' lang='lat' dir='ltr'><strong>dicentibus:</strong></span> <span class='ocrx_word' id='word_1_152' title='bbox 1107 1891 1155 1948; x_wconf 81' lang='lat' dir='ltr'><strong>riri</strong></span> <span class='ocrx_word' id='word_1_153' title='bbox 1178 1892 1211 1948; x_wconf 83' lang='lat' dir='ltr'><strong>ail</strong></span> <span class='ocrx_word' id='word_1_154' title='bbox 1236 1901 1261 1948; x_wconf 91' lang='lat' dir='ltr'><strong>te</strong></span> <span class='ocrx_word' id='word_1_155' title='bbox 1277 1894 1315 1947; x_wconf 91' lang='lat' dir='ltr'><strong>in·</strong></span> 
     </span>
     <span class='ocr_line' id='line_1_19' title="bbox 130 1971 1317 2051; baseline -0.001 -19"><span class='ocrx_word' id='word_1_156' title='bbox 130 1977 221 2050; x_wconf 85' lang='lat' dir='ltr'><strong>gressi</strong></span> <span class='ocrx_word' id='word_1_157' title='bbox 251 1981 323 2031; x_wconf 85' lang='lat' dir='ltr'><strong>suut</strong></span> <span class='ocrx_word' id='word_1_158' title='bbox 351 1974 475 2048; x_wconf 75' lang='lat' dir='ltr'><strong>regionis</strong></span> <span class='ocrx_word' id='word_1_159' title='bbox 497 1983 606 2032; x_wconf 89' lang='lat' dir='ltr'><strong>nostrae</strong></span> <span class='ocrx_word' id='word_1_160' title='bbox 629 1974 832 2050; x_wconf 80' lang='lat' dir='ltr'><strong>exploratores,</strong></span> <span class='ocrx_word' id='word_1_161' title='bbox 863 1971 932 2028; x_wconf 89' lang='lat' dir='ltr'><strong>educ</strong></span> <span class='ocrx_word' id='word_1_162' title='bbox 954 1989 1018 2041; x_wconf 89' lang='lat' dir='ltr'><strong>eos,</strong></span> <span class='ocrx_word' id='word_1_163' title='bbox 1048 1975 1088 2031; x_wconf 89' lang='lat' dir='ltr'><strong>sic</strong></span> <span class='ocrx_word' id='word_1_164' title='bbox 1109 1977 1178 2031; x_wconf 84' lang='lat' dir='ltr'><strong>euiiu</strong></span> <span class='ocrx_word' id='word_1_165' title='bbox 1202 1977 1317 2051; x_wconf 83' lang='lat' dir='ltr'><strong>imperat</strong></span> 
     </span>
     <span class='ocr_line' id='line_1_20' title="bbox 130 2055 1315 2134; baseline -0.001 -17"><span class='ocrx_word' id='word_1_166' title='bbox 130 2077 193 2134; x_wconf 66' lang='lat' dir='ltr'><strong>rex,</strong></span> <span class='ocrx_word' id='word_1_167' title='bbox 217 2057 267 2115; x_wconf 83' lang='lat' dir='ltr'><strong>iila</strong></span> <span class='ocrx_word' id='word_1_168' title='bbox 290 2064 383 2115; x_wconf 67' lang='lat' dir='ltr'><strong>auum</strong></span> <span class='ocrx_word' id='word_1_169' title='bbox 404 2059 560 2132; x_wconf 88' lang='lat' dir='ltr'><strong>respoudit:</strong></span> <span class='ocrx_word' id='word_1_170' title='bbox 583 2059 700 2132; x_wconf 88' lang='lat' dir='ltr'><strong>ingressi</strong></span> <span class='ocrx_word' id='word_1_171' title='bbox 720 2068 784 2114; x_wconf 90' lang='lat' dir='ltr'><strong>sunt</strong></span> <span class='ocrx_word' id='word_1_172' title='bbox 806 2056 860 2112; x_wconf 91' lang='lat' dir='ltr'><strong>duo</strong></span> <span class='ocrx_word' id='word_1_173' title='bbox 882 2056 932 2111; x_wconf 82' lang='lat' dir='ltr'><strong>uiri</strong></span> <span class='ocrx_word' id='word_1_174' title='bbox 954 2055 987 2111; x_wconf 91' lang='lat' dir='ltr'><strong>ad</strong></span> <span class='ocrx_word' id='word_1_175' title='bbox 1011 2075 1062 2126; x_wconf 82' lang='lat' dir='ltr'><strong>nie,</strong></span> <span class='ocrx_word' id='word_1_176' title='bbox 1086 2075 1155 2132; x_wconf 89' lang='lat' dir='ltr'><strong>quos</strong></span> <span class='ocrx_word' id='word_1_177' title='bbox 1177 2060 1315 2134; x_wconf 82' lang='lat' dir='ltr'><strong>quaeritis,</strong></span> 
     </span>
     <span class='ocr_line' id='line_1_21' title="bbox 131 2139 1315 2210; baseline -0.002 -9"><span class='ocrx_word' id='word_1_178' title='bbox 131 2143 180 2201; x_wconf 80' lang='lat' dir='ltr'><strong>sed</strong></span> <span class='ocrx_word' id='word_1_179' title='bbox 202 2140 360 2199; x_wconf 75' lang='lat' dir='ltr'><strong>confestim</strong></span> <span class='ocrx_word' id='word_1_180' title='bbox 381 2139 509 2198; x_wconf 87' lang='lat' dir='ltr'><strong>abierunt</strong></span> <span class='ocrx_word' id='word_1_181' title='bbox 527 2150 554 2198; x_wconf 90' lang='lat' dir='ltr'><strong>et</strong></span> <span class='ocrx_word' id='word_1_182' title='bbox 574 2142 688 2210; x_wconf 81' lang='lat' dir='ltr'><strong>vaduut3</strong></span> <span class='ocrx_word' id='word_1_183' title='bbox 718 2158 772 2197; x_wconf 92' lang='lat' dir='ltr'><strong>non</strong></span> <span class='ocrx_word' id='word_1_184' title='bbox 794 2139 944 2195; x_wconf 87' lang='lat' dir='ltr'><strong>osteudens</strong></span> <span class='ocrx_word' id='word_1_185' title='bbox 967 2140 1007 2196; x_wconf 92' lang='lat' dir='ltr'><strong>eis</strong></span> <span class='ocrx_word' id='word_1_186' title='bbox 1030 2141 1098 2197; x_wconf 86' lang='lat' dir='ltr'><strong>illos.</strong></span> <span class='ocrx_word' id='word_1_187' title='bbox 1141 2142 1173 2198; x_wconf 84' lang='lat' dir='ltr'><strong>Et</strong></span> <span class='ocrx_word' id='word_1_188' title='bbox 1195 2144 1260 2200; x_wconf 87' lang='lat' dir='ltr'><strong>dixit</strong></span> <span class='ocrx_word' id='word_1_189' title='bbox 1281 2143 1315 2199; x_wconf 71' lang='lat' dir='ltr'><strong>ael</strong></span> 
     </span>
     <span class='ocr_line' id='line_1_22' title="bbox 131 2222 1313 2300; baseline 0.003 -21"><span class='ocrx_word' id='word_1_190' title='bbox 131 2228 223 2284; x_wconf 75' lang='lat' dir='ltr'><strong>suos:</strong></span> <span class='ocrx_word' id='word_1_191' title='bbox 244 2225 343 2283; x_wconf 90' lang='lat' dir='ltr'><strong>sciens</strong></span> <span class='ocrx_word' id='word_1_192' title='bbox 365 2226 435 2295; x_wconf 86' lang='lat' dir='ltr'><strong>scio,</strong></span> <span class='ocrx_word' id='word_1_193' title='bbox 457 2224 531 2300; x_wconf 85' lang='lat' dir='ltr'><strong>quod</strong></span> <span class='ocrx_word' id='word_1_194' title='bbox 553 2226 681 2282; x_wconf 85' lang='lat' dir='ltr'><strong>[lominus</strong></span> <span class='ocrx_word' id='word_1_195' title='bbox 702 2224 773 2282; x_wconf 85' lang='lat' dir='ltr'><strong>Deus</strong></span> <span class='ocrx_word' id='word_1_196' title='bbox 796 2230 887 2280; x_wconf 80' lang='lat' dir='ltr'><strong>vester</strong></span> <span class='ocrx_word' id='word_1_197' title='bbox 907 2222 1004 2280; x_wconf 88' lang='lat' dir='ltr'><strong>urbem</strong></span> <span class='ocrx_word' id='word_1_198' title='bbox 1027 2224 1097 2281; x_wconf 89' lang='lat' dir='ltr'><strong>banc</strong></span> <span class='ocrx_word' id='word_1_199' title='bbox 1118 2225 1196 2283; x_wconf 84' lang='lat' dir='ltr'><strong>uobis</strong></span> <span class='ocrx_word' id='word_1_200' title='bbox 1219 2227 1313 2294; x_wconf 82' lang='lat' dir='ltr'><strong>tradit3</strong></span> 
     </span>
     <span class='ocr_line' id='line_1_23' title="bbox 132 2307 1315 2385; baseline 0 -19"><span class='ocrx_word' id='word_1_201' title='bbox 132 2312 216 2368; x_wconf 79' lang='lat' dir='ltr'><strong>umor</strong></span> <span class='ocrx_word' id='word_1_202' title='bbox 240 2308 319 2366; x_wconf 89' lang='lat' dir='ltr'><strong>enim</strong></span> <span class='ocrx_word' id='word_1_203' title='bbox 341 2315 370 2365; x_wconf 91' lang='lat' dir='ltr'><strong>ct</strong></span> <span class='ocrx_word' id='word_1_204' title='bbox 390 2325 475 2384; x_wconf 86' lang='lat' dir='ltr'><strong>pavor</strong></span> <span class='ocrx_word' id='word_1_205' title='bbox 494 2311 577 2366; x_wconf 87' lang='lat' dir='ltr'><strong>vestri</strong></span> <span class='ocrx_word' id='word_1_206' title='bbox 600 2310 714 2366; x_wconf 85' lang='lat' dir='ltr'><strong>incessit</strong></span> <span class='ocrx_word' id='word_1_207' title='bbox 739 2307 841 2364; x_wconf 88' lang='lat' dir='ltr'><strong>incolas</strong></span> <span class='ocrx_word' id='word_1_208' title='bbox 863 2308 930 2364; x_wconf 89' lang='lat' dir='ltr'><strong>eius.</strong></span> <span class='ocrx_word' id='word_1_209' title='bbox 973 2307 1089 2364; x_wconf 87' lang='lat' dir='ltr'><strong>Simulac</strong></span> <span class='ocrx_word' id='word_1_210' title='bbox 1113 2311 1195 2384; x_wconf 91' lang='lat' dir='ltr'><strong>igitur</strong></span> <span class='ocrx_word' id='word_1_211' title='bbox 1217 2326 1315 2385; x_wconf 90' lang='lat' dir='ltr'><strong>capere</strong></span> 
     </span>
     <span class='ocr_line' id='line_1_24' title="bbox 133 2391 1315 2466; baseline -0.002 -16"><span class='ocrx_word' id='word_1_212' title='bbox 133 2393 207 2450; x_wconf 88' lang='lat' dir='ltr'><strong>illam</strong></span> <span class='ocrx_word' id='word_1_213' title='bbox 229 2391 312 2449; x_wconf 83' lang='lat' dir='ltr'><strong>vobis</strong></span> <span class='ocrx_word' id='word_1_214' title='bbox 343 2391 497 2466; x_wconf 89' lang='lat' dir='ltr'><strong>contigerit,</strong></span> <span class='ocrx_word' id='word_1_215' title='bbox 519 2393 680 2449; x_wconf 89' lang='lat' dir='ltr'><strong>incolumem</strong></span> <span class='ocrx_word' id='word_1_216' title='bbox 702 2409 745 2448; x_wconf 90' lang='lat' dir='ltr'><strong>me</strong></span> <span class='ocrx_word' id='word_1_217' title='bbox 765 2398 870 2449; x_wconf 83' lang='lat' dir='ltr'><strong>seruate</strong></span> <span class='ocrx_word' id='word_1_218' title='bbox 893 2400 920 2448; x_wconf 90' lang='lat' dir='ltr'><strong>et</strong></span> <span class='ocrx_word' id='word_1_219' title='bbox 941 2391 1050 2448; x_wconf 85' lang='lat' dir='ltr'><strong>domum</strong></span> <span class='ocrx_word' id='word_1_220' title='bbox 1072 2393 1156 2465; x_wconf 85' lang='lat' dir='ltr'><strong>patris</strong></span> <span class='ocrx_word' id='word_1_221' title='bbox 1178 2395 1240 2448; x_wconf 85' lang='lat' dir='ltr'><strong>mei.</strong></span> <span class='ocrx_word' id='word_1_222' title='bbox 1283 2392 1315 2448; x_wconf 86' lang='lat' dir='ltr'><strong>Et</strong></span> 
     </span>
     <span class='ocr_line' id='line_1_25' title="bbox 134 2473 1313 2551; baseline -0.004 -17"><span class='ocrx_word' id='word_1_223' title='bbox 134 2478 268 2534; x_wconf 86' lang='lat' dir='ltr'><strong>dixerunt</strong></span> <span class='ocrx_word' id='word_1_224' title='bbox 287 2475 331 2532; x_wconf 87' lang='lat' dir='ltr'><strong>ei:</strong></span> <span class='ocrx_word' id='word_1_225' title='bbox 352 2475 394 2531; x_wconf 86' lang='lat' dir='ltr'><strong>sic</strong></span> <span class='ocrx_word' id='word_1_226' title='bbox 416 2476 476 2544; x_wconf 86' lang='lat' dir='ltr'><strong>erit,</strong></span> <span class='ocrx_word' id='word_1_227' title='bbox 498 2482 529 2533; x_wconf 92' lang='lat' dir='ltr'><strong>ut</strong></span> <span class='ocrx_word' id='word_1_228' title='bbox 550 2476 662 2551; x_wconf 90' lang='lat' dir='ltr'><strong>loquuta</strong></span> <span class='ocrx_word' id='word_1_229' title='bbox 684 2494 713 2534; x_wconf 91' lang='lat' dir='ltr'><strong>cs</strong></span> <span class='ocrx_word' id='word_1_230' title='bbox 735 2475 823 2532; x_wconf 91' lang='lat' dir='ltr'><strong>uobis.</strong></span> <span class='ocrx_word' id='word_1_231' title='bbox 866 2473 984 2530; x_wconf 86' lang='lat' dir='ltr'><strong>Simulac</strong></span> <span class='ocrx_word' id='word_1_232' title='bbox 1006 2475 1088 2547; x_wconf 89' lang='lat' dir='ltr'><strong>igitur</strong></span> <span class='ocrx_word' id='word_1_233' title='bbox 1102 2490 1151 2530; x_wconf 90' lang='lat' dir='ltr'><strong>nos</strong></span> <span class='ocrx_word' id='word_1_234' title='bbox 1168 2477 1313 2549; x_wconf 85' lang='lat' dir='ltr'><strong>appropin-</strong></span> 
     </span>
     <span class='ocr_line' id='line_1_26' title="bbox 134 2557 1315 2635; baseline -0.003 -18"><span class='ocrx_word' id='word_1_235' title='bbox 134 2568 255 2634; x_wconf 85' lang='lat' dir='ltr'><strong>quantes</strong></span> <span class='ocrx_word' id='word_1_236' title='bbox 278 2558 459 2632; x_wconf 79' lang='lat' dir='ltr'><strong>cognoveris,</strong></span> <span class='ocrx_word' id='word_1_237' title='bbox 481 2567 612 2635; x_wconf 87' lang='lat' dir='ltr'><strong>cognatos</strong></span> <span class='ocrx_word' id='word_1_238' title='bbox 635 2567 698 2617; x_wconf 91' lang='lat' dir='ltr'><strong>tuos</strong></span> <span class='ocrx_word' id='word_1_239' title='bbox 720 2576 814 2616; x_wconf 91' lang='lat' dir='ltr'><strong>omnes</strong></span> <span class='ocrx_word' id='word_1_240' title='bbox 835 2557 886 2615; x_wconf 87' lang='lat' dir='ltr'><strong>sub</strong></span> <span class='ocrx_word' id='word_1_241' title='bbox 909 2566 981 2615; x_wconf 88' lang='lat' dir='ltr'><strong>tectu</strong></span> <span class='ocrx_word' id='word_1_242' title='bbox 1004 2565 1050 2612; x_wconf 93' lang='lat' dir='ltr'><strong>tuo</strong></span> <span class='ocrx_word' id='word_1_243' title='bbox 1072 2557 1264 2631; x_wconf 78' lang='lat' dir='ltr'><strong>congregabis,</strong></span> <span class='ocrx_word' id='word_1_244' title='bbox 1287 2563 1315 2613; x_wconf 93' lang='lat' dir='ltr'><strong>ct</strong></span> 
     </span>
     <span class='ocr_line' id='line_1_27' title="bbox 134 2641 1312 2717; baseline -0.005 -16"><span class='ocrx_word' id='word_1_245' title='bbox 134 2642 340 2709; x_wconf 78' lang='lat' dir='ltr'><strong>servabuntur3</strong></span> <span class='ocrx_word' id='word_1_246' title='bbox 370 2650 505 2717; x_wconf 85' lang='lat' dir='ltr'><strong>quotquot</strong></span> <span class='ocrx_word' id='word_1_247' title='bbox 525 2660 590 2700; x_wconf 84' lang='lat' dir='ltr'><strong>sero</strong></span> <span class='ocrx_word' id='word_1_248' title='bbox 619 2651 693 2701; x_wconf 87' lang='lat' dir='ltr'><strong>extra</strong></span> <span class='ocrx_word' id='word_1_249' title='bbox 722 2643 831 2699; x_wconf 86' lang='lat' dir='ltr'><strong>domum</strong></span> <span class='ocrx_word' id='word_1_250' title='bbox 860 2650 931 2698; x_wconf 87' lang='lat' dir='ltr'><strong>tuaxu</strong></span> <span class='ocrx_word' id='word_1_251' title='bbox 963 2641 1147 2705; x_wconf 80' lang='lat' dir='ltr'><strong>iiueuieutur,</strong></span> <span class='ocrx_word' id='word_1_252' title='bbox 1176 2641 1312 2716; x_wconf 86' lang='lat' dir='ltr'><strong>peribunt.</strong></span> 
     </span>
     <span class='ocr_line' id='line_1_28' title="bbox 134 2724 1313 2801; baseline -0.003 -17"><span class='ocrx_word' id='word_1_253' title='bbox 134 2724 287 2784; x_wconf 79' lang='lat' dir='ltr'><strong>Praeterea</strong></span> <span class='ocrx_word' id='word_1_254' title='bbox 308 2725 335 2782; x_wconf 89' lang='lat' dir='ltr'><strong>ei</strong></span> <span class='ocrx_word' id='word_1_255' title='bbox 356 2726 462 2800; x_wconf 87' lang='lat' dir='ltr'><strong>siguum</strong></span> <span class='ocrx_word' id='word_1_256' title='bbox 484 2727 632 2796; x_wconf 87' lang='lat' dir='ltr'><strong>dederuut,</strong></span> <span class='ocrx_word' id='word_1_257' title='bbox 661 2735 691 2784; x_wconf 92' lang='lat' dir='ltr'><strong>ut</strong></span> <span class='ocrx_word' id='word_1_258' title='bbox 718 2743 816 2801; x_wconf 85' lang='lat' dir='ltr'><strong>nempe</strong></span> <span class='ocrx_word' id='word_1_259' title='bbox 845 2725 992 2782; x_wconf 82' lang='lat' dir='ltr'><strong>funiculum</strong></span> <span class='ocrx_word' id='word_1_260' title='bbox 1015 2726 1172 2782; x_wconf 88' lang='lat' dir='ltr'><strong>coccineum</strong></span> <span class='ocrx_word' id='word_1_261' title='bbox 1194 2743 1209 2783; x_wconf 88' lang='lat' dir='ltr'><strong>e</strong></span> <span class='ocrx_word' id='word_1_262' title='bbox 1232 2727 1313 2783; x_wconf 87' lang='lat' dir='ltr'><strong>derue</strong></span> 
     </span>
     <span class='ocr_line' id='line_1_29' title="bbox 134 2808 1312 2885; baseline 0.002 -20"><span class='ocrx_word' id='word_1_263' title='bbox 134 2826 188 2866; x_wconf 89' lang='lat' dir='ltr'><strong>sua</strong></span> <span class='ocrx_word' id='word_1_264' title='bbox 208 2809 374 2879; x_wconf 87' lang='lat' dir='ltr'><strong>demitteret,</strong></span> <span class='ocrx_word' id='word_1_265' title='bbox 395 2809 569 2868; x_wconf 82' lang='lat' dir='ltr'><strong>manifestum</strong></span> <span class='ocrx_word' id='word_1_266' title='bbox 590 2809 728 2880; x_wconf 85' lang='lat' dir='ltr'><strong>iacientes,</strong></span> <span class='ocrx_word' id='word_1_267' title='bbox 751 2811 825 2884; x_wconf 91' lang='lat' dir='ltr'><strong>quod</strong></span> <span class='ocrx_word' id='word_1_268' title='bbox 847 2808 983 2879; x_wconf 89' lang='lat' dir='ltr'><strong>omuibus,</strong></span> <span class='ocrx_word' id='word_1_269' title='bbox 1005 2811 1050 2883; x_wconf 91' lang='lat' dir='ltr'><strong>qui</strong></span> <span class='ocrx_word' id='word_1_270' title='bbox 1073 2810 1188 2867; x_wconf 89' lang='lat' dir='ltr'><strong>creduut</strong></span> <span class='ocrx_word' id='word_1_271' title='bbox 1207 2818 1235 2868; x_wconf 92' lang='lat' dir='ltr'><strong>et</strong></span> <span class='ocrx_word' id='word_1_272' title='bbox 1251 2827 1312 2885; x_wconf 89' lang='lat' dir='ltr'><strong>spe·</strong></span> 
     </span>
     <span class='ocr_line' id='line_1_30' title="bbox 135 2891 1313 2969; baseline 0 -18"><span class='ocrx_word' id='word_1_273' title='bbox 135 2899 201 2951; x_wconf 87' lang='lat' dir='ltr'><strong>rant</strong></span> <span class='ocrx_word' id='word_1_274' title='bbox 221 2893 252 2950; x_wconf 87' lang='lat' dir='ltr'><strong>iu</strong></span> <span class='ocrx_word' id='word_1_275' title='bbox 273 2891 375 2961; x_wconf 85' lang='lat' dir='ltr'><strong>beum,</strong></span> <span class='ocrx_word' id='word_1_276' title='bbox 403 2911 454 2968; x_wconf 88' lang='lat' dir='ltr'><strong>per</strong></span> <span class='ocrx_word' id='word_1_277' title='bbox 475 2896 634 2969; x_wconf 85' lang='lat' dir='ltr'><strong>sanguinem</strong></span> <span class='ocrx_word' id='word_1_278' title='bbox 656 2895 761 2951; x_wconf 90' lang='lat' dir='ltr'><strong>bomini</strong></span> <span class='ocrx_word' id='word_1_279' title='bbox 782 2894 913 2951; x_wconf 87' lang='lat' dir='ltr'><strong>redemtio</strong></span> <span class='ocrx_word' id='word_1_280' title='bbox 935 2893 1024 2949; x_wconf 90' lang='lat' dir='ltr'><strong>lutura</strong></span> <span class='ocrx_word' id='word_1_281' title='bbox 1047 2895 1090 2951; x_wconf 92' lang='lat' dir='ltr'><strong>sit.</strong></span> <span class='ocrx_word' id='word_1_282' title='bbox 1134 2894 1244 2965; x_wconf 83' lang='lat' dir='ltr'><strong>Videte,</strong></span> <span class='ocrx_word' id='word_1_283' title='bbox 1275 2895 1313 2951; x_wconf 85' lang='lat' dir='ltr'><strong>di·</strong></span> 
     </span>
     <span class='ocr_line' id='line_1_31' title="bbox 135 2974 1111 3054; baseline -0.001 -21"><span class='ocrx_word' id='word_1_284' title='bbox 135 2976 211 3047; x_wconf 91' lang='lat' dir='ltr'><strong>lecti,</strong></span> <span class='ocrx_word' id='word_1_285' title='bbox 234 2992 292 3032; x_wconf 93' lang='lat' dir='ltr'><strong>non</strong></span> <span class='ocrx_word' id='word_1_286' title='bbox 313 2974 402 3034; x_wconf 82' lang='lat' dir='ltr'><strong>solutu</strong></span> <span class='ocrx_word' id='word_1_287' title='bbox 422 2976 507 3047; x_wconf 81' lang='lat' dir='ltr'><strong>ludes,</strong></span> <span class='ocrx_word' id='word_1_288' title='bbox 529 2979 579 3036; x_wconf 88' lang='lat' dir='ltr'><strong>sed</strong></span> <span class='ocrx_word' id='word_1_289' title='bbox 602 2980 681 3036; x_wconf 91' lang='lat' dir='ltr'><strong>etiam</strong></span> <span class='ocrx_word' id='word_1_290' title='bbox 703 2978 848 3054; x_wconf 88' lang='lat' dir='ltr'><strong>prophetia</strong></span> <span class='ocrx_word' id='word_1_291' title='bbox 870 2979 895 3033; x_wconf 91' lang='lat' dir='ltr'><strong>in</strong></span> <span class='ocrx_word' id='word_1_292' title='bbox 919 2976 1030 3033; x_wconf 87' lang='lat' dir='ltr'><strong>muliere</strong></span> <span class='ocrx_word' id='word_1_293' title='bbox 1053 2976 1111 3034; x_wconf 89' lang='lat' dir='ltr'><strong>luit.</strong></span> 
     </span>
    </p>
   </div>
   <div class='ocr_carea' id='block_1_6' title="bbox 139 3137 1312 3610">
    <p class='ocr_par' dir='ltr' id='par_1_6' title="bbox 139 3137 1312 3343">
     <span class='ocr_line' id='line_1_32' title="bbox 192 3137 1312 3219; baseline -0.003 -29"><span class='ocrx_word' id='word_1_294' title='bbox 192 3139 253 3204; x_wconf 84' lang='lat' dir='ltr'><strong>Cap.</strong></span> <span class='ocrx_word' id='word_1_295' title='bbox 270 3139 320 3189; x_wconf 76' lang='lat' dir='ltr'><strong>hil.</strong></span> <span class='ocrx_word' id='word_1_296' title='bbox 358 3137 382 3202; x_wconf 89' lang='lat' dir='ltr'><strong>l)</strong></span> <span class='ocrx_word' id='word_1_297' title='bbox 398 3139 446 3188; x_wconf 87' lang='lat' dir='ltr'><strong>los.</strong></span> <span class='ocrx_word' id='word_1_298' title='bbox 464 3139 487 3190; x_wconf 80' lang='lat'><strong>2.</strong></span> <span class='ocrx_word' id='word_1_299' title='bbox 511 3139 583 3189; x_wconf 88' lang='lat' dir='ltr'><strong>llebr.</strong></span> <span class='ocrx_word' id='word_1_300' title='bbox 606 3139 649 3197; x_wconf 84' lang='lat' dir='ltr'><strong>ll,</strong></span> <span class='ocrx_word' id='word_1_301' title='bbox 667 3140 708 3190; x_wconf 74' lang='lat' dir='ltr'><strong>bl.</strong></span> <span class='ocrx_word' id='word_1_302' title='bbox 742 3139 908 3203; x_wconf 84' lang='lat' dir='ltr'><strong>speculatores</strong></span> <span class='ocrx_word' id='word_1_303' title='bbox 922 3139 1004 3188; x_wconf 80' lang='lat' dir='ltr'><strong>Raltab</strong></span> <span class='ocrx_word' id='word_1_304' title='bbox 1017 3140 1110 3219; x_wconf 71' lang='lat' dir='ltr'><strong>signum</strong></span> <span class='ocrx_word' id='word_1_305' title='bbox 1123 3137 1247 3187; x_wconf 85' lang='lat' dir='ltr'><strong>dederuut.</strong></span> <span class='ocrx_word' id='word_1_306' title='bbox 1267 3138 1312 3187; x_wconf 83' lang='lat' dir='ltr'><strong>l&#39;e-</strong></span> 
     </span>
     <span class='ocr_line' id='line_1_33' title="bbox 139 3203 1312 3277; baseline -0.001 -18"><span class='ocrx_word' id='word_1_307' title='bbox 139 3209 217 3259; x_wconf 84' lang='lat' dir='ltr'><strong>Clem.</strong></span> <span class='ocrx_word' id='word_1_308' title='bbox 239 3207 303 3257; x_wconf 77' lang='lat' dir='ltr'><strong>etex.</strong></span> <span class='ocrx_word' id='word_1_309' title='bbox 335 3216 361 3256; x_wconf 93' lang='lat' dir='ltr'><strong>ut</strong></span> <span class='ocrx_word' id='word_1_310' title='bbox 383 3206 457 3266; x_wconf 88' lang='lat' dir='ltr'><strong>solet,</strong></span> <span class='ocrx_word' id='word_1_311' title='bbox 488 3208 602 3257; x_wconf 86' lang='lat' dir='ltr'><strong>lusiorcm</strong></span> <span class='ocrx_word' id='word_1_312' title='bbox 632 3208 708 3257; x_wconf 89' lang='lat' dir='ltr'><strong>nostri</strong></span> <span class='ocrx_word' id='word_1_313' title='bbox 742 3216 873 3257; x_wconf 82' lang='lat' dir='ltr'><strong>ruiutarueu</strong></span> <span class='ocrx_word' id='word_1_314' title='bbox 894 3208 947 3271; x_wconf 86' lang='lat' dir='ltr'><strong>quia</strong></span> <span class='ocrx_word' id='word_1_315' title='bbox 966 3204 999 3258; x_wconf 82' lang='grc' dir='ltr'><strong>οὐ</strong></span> <span class='ocrx_word' id='word_1_316' title='bbox 1009 3223 1099 3277; x_wconf 78' lang='grc' dir='ltr'><strong><em>μονον</em></strong></span> <span class='ocrx_word' id='word_1_317' title='bbox 1119 3209 1224 3267; x_wconf 76' lang='grc' dir='ltr'><strong><em>πίστις,</em></strong></span> <span class='ocrx_word' id='word_1_318' title='bbox 1243 3203 1312 3258; x_wconf 72' lang='grc' dir='ltr'><strong>ἀλλὰ</strong></span> 
     </span>
     <span class='ocr_line' id='line_1_34' title="bbox 139 3273 1312 3343; baseline -0.003 -16"><span class='ocrx_word' id='word_1_319' title='bbox 139 3275 306 3327; x_wconf 83' lang='lat' dir='ltr'><strong>namtiouem</strong></span> <span class='ocrx_word' id='word_1_320' title='bbox 325 3275 469 3324; x_wconf 74' lang='lat' dir='ltr'><strong>abbreviavit</strong></span> <span class='ocrx_word' id='word_1_321' title='bbox 487 3276 502 3323; x_wconf 90' lang='lat' dir='ltr'><strong>l.</strong></span> <span class='ocrx_word' id='word_1_322' title='bbox 521 3291 542 3324; x_wconf 87' lang='lat' dir='ltr'><strong>c.</strong></span> <span class='ocrx_word' id='word_1_323' title='bbox 744 3278 902 3343; x_wconf 58' lang='grc' dir='ltr'><strong><em>προφητεία</em></strong></span> <span class='ocrx_word' id='word_1_324' title='bbox 931 3273 962 3326; x_wconf 69' lang='lat' dir='ltr'><strong>lu</strong></span> <span class='ocrx_word' id='word_1_325' title='bbox 994 3278 1026 3343; x_wconf 75' lang='grc' dir='ltr'><strong>τῇ</strong></span> <span class='ocrx_word' id='word_1_326' title='bbox 1054 3274 1165 3341; x_wconf 71' lang='grc' dir='ltr'><strong>γυναικὶ</strong></span> <span class='ocrx_word' id='word_1_327' title='bbox 1190 3275 1312 3340; x_wconf 74' lang='grc' dir='ltr'><strong>γέγονεν,</strong></span> 
     </span>
    </p>

    <p class='ocr_par' dir='ltr' id='par_1_7' title="bbox 140 3338 1312 3546">
     <span class='ocr_line' id='line_1_35' title="bbox 191 3338 1312 3406; baseline -0.004 -12"><span class='ocrx_word' id='word_1_328' title='bbox 191 3344 221 3403; x_wconf 84' lang='lat'><strong>2)</strong></span> <span class='ocrx_word' id='word_1_329' title='bbox 238 3338 333 3395; x_wconf 76' lang='grc' dir='ltr'><em>αὑτῶν</em></span> <span class='ocrx_word' id='word_1_330' title='bbox 347 3343 388 3392; x_wconf 84' lang='lat' dir='ltr'><strong>bis.</strong></span> <span class='ocrx_word' id='word_1_331' title='bbox 399 3343 439 3391; x_wconf 88' lang='lat' dir='ltr'><strong>Sic</strong></span> <span class='ocrx_word' id='word_1_332' title='bbox 452 3343 522 3392; x_wconf 83' lang='lat' dir='ltr'><strong>textit</strong></span> <span class='ocrx_word' id='word_1_333' title='bbox 534 3343 605 3393; x_wconf 87' lang='lat' dir='ltr'><strong>etiam</strong></span> <span class='ocrx_word' id='word_1_334' title='bbox 621 3343 709 3403; x_wconf 83' lang='lat' dir='ltr'><strong>luuitus,</strong></span> <span class='ocrx_word' id='word_1_335' title='bbox 744 3342 825 3392; x_wconf 81' lang='lat' dir='ltr'><strong>Rahab</strong></span> <span class='ocrx_word' id='word_1_336' title='bbox 844 3342 1037 3406; x_wconf 70' lang='lat' dir='ltr'><strong>expuleratoribus</strong></span> <span class='ocrx_word' id='word_1_337' title='bbox 1061 3343 1153 3404; x_wconf 81' lang='lat' dir='ltr'><strong>sigruuu</strong></span> <span class='ocrx_word' id='word_1_338' title='bbox 1172 3341 1231 3392; x_wconf 87' lang='lat' dir='ltr'><strong>illud</strong></span> <span class='ocrx_word' id='word_1_339' title='bbox 1249 3342 1312 3391; x_wconf 88' lang='lat' dir='ltr'><strong>iudi-</strong></span> 
     </span>
     <span class='ocr_line' id='line_1_36' title="bbox 140 3407 1312 3474; baseline -0.003 -12"><span class='ocrx_word' id='word_1_340' title='bbox 140 3412 199 3462; x_wconf 87' lang='lat' dir='ltr'><strong>licet</strong></span> <span class='ocrx_word' id='word_1_341' title='bbox 217 3410 321 3460; x_wconf 87' lang='lat' dir='ltr'><strong>ediderit</strong></span> <span class='ocrx_word' id='word_1_342' title='bbox 340 3407 434 3471; x_wconf 80' lang='grc' dir='ltr'><strong><em>αὐτοῦ,</em></strong></span> <span class='ocrx_word' id='word_1_343' title='bbox 457 3411 522 3474; x_wconf 92' lang='lat' dir='ltr'><strong>quod</strong></span> <span class='ocrx_word' id='word_1_344' title='bbox 540 3411 636 3474; x_wconf 88' lang='lat' dir='ltr'><strong>repetiit</strong></span> <span class='ocrx_word' id='word_1_345' title='bbox 656 3426 709 3461; x_wconf 86' lang='lat' dir='ltr'><strong>ver·</strong></span> <span class='ocrx_word' id='word_1_346' title='bbox 745 3426 826 3471; x_wconf 86' lang='lat' dir='ltr'><strong>casse,</strong></span> <span class='ocrx_word' id='word_1_347' title='bbox 861 3411 990 3460; x_wconf 83' lang='lat' dir='ltr'><strong>irulieatum</strong></span> <span class='ocrx_word' id='word_1_348' title='bbox 1021 3411 1050 3459; x_wconf 87' lang='lat' dir='ltr'><strong>ab</strong></span> <span class='ocrx_word' id='word_1_349' title='bbox 1087 3411 1145 3473; x_wconf 84' lang='lat' dir='ltr'><strong>ipsis</strong></span> <span class='ocrx_word' id='word_1_350' title='bbox 1180 3409 1312 3473; x_wconf 86' lang='lat' dir='ltr'><strong>accepisse,</strong></span> 
     </span>
     <span class='ocr_line' id='line_1_37' title="bbox 141 3476 1290 3546; baseline -0.003 -16"><span class='ocrx_word' id='word_1_351' title='bbox 141 3476 483 3546; x_wconf 73' lang='lat' dir='ltr'><strong>utqueCotomesiusttsst),</strong></span> <span class='ocrx_word' id='word_1_352' title='bbox 497 3487 520 3527; x_wconf 92' lang='lat' dir='ltr'><strong>et</strong></span> <span class='ocrx_word' id='word_1_353' title='bbox 532 3478 572 3527; x_wconf 87' lang='lat' dir='ltr'><strong>ulii</strong></span> <span class='ocrx_word' id='word_1_354' title='bbox 583 3486 639 3542; x_wconf 86' lang='lat' dir='ltr'><strong>pust</strong></span> <span class='ocrx_word' id='word_1_355' title='bbox 649 3494 709 3528; x_wconf 81' lang='lat' dir='ltr'><strong>etim.</strong></span> <span class='ocrx_word' id='word_1_356' title='bbox 743 3480 888 3543; x_wconf 83' lang='lat' dir='ltr'><strong>scriptorem</strong></span> <span class='ocrx_word' id='word_1_357' title='bbox 908 3478 1040 3527; x_wconf 81' lang='lat' dir='ltr'><strong>credidisse</strong></span> <span class='ocrx_word' id='word_1_358' title='bbox 1059 3477 1145 3542; x_wconf 86' lang='lat' dir='ltr'><strong>aliquis</strong></span> <span class='ocrx_word' id='word_1_359' title='bbox 1166 3478 1290 3542; x_wconf 81' lang='lat' dir='ltr'><strong>putaverit.</strong></span> 
     </span>
    </p>

    <p class='ocr_par' dir='ltr' id='par_1_8' title="bbox 191 3540 710 3610">
     <span class='ocr_line' id='line_1_38' title="bbox 191 3540 710 3610; baseline -0.002 -13"><span class='ocrx_word' id='word_1_360' title='bbox 191 3547 220 3610; x_wconf 78' lang='lat'><strong>3)</strong></span> <span class='ocrx_word' id='word_1_361' title='bbox 239 3546 309 3602; x_wconf 84' lang='grc' dir='ltr'><strong><em>Τοῖς</em></strong></span> <span class='ocrx_word' id='word_1_362' title='bbox 328 3547 507 3597; x_wconf 73' lang='grc' dir='ltr'><strong><em>κατοικοῦσιν</em></strong></span> <span class='ocrx_word' id='word_1_363' title='bbox 530 3540 625 3609; x_wconf 65' lang='lat' dir='ltr'><strong>arlais.</strong></span> <span class='ocrx_word' id='word_1_364' title='bbox 664 3546 710 3596; x_wconf 82' lang='lat' dir='ltr'><strong>be·</strong></span> 
     </span>
    </p>
   </div>
   <div class='ocr_carea' id='block_1_7' title="bbox 141 3612 1312 3747">
    <p class='ocr_par' dir='ltr' id='par_1_9' title="bbox 141 3612 1312 3747">
     <span class='ocr_line' id='line_1_39' title="bbox 142 3612 1286 3695; baseline -0.004 -30"><span class='ocrx_word' id='word_1_365' title='bbox 142 3623 208 3666; x_wconf 86' lang='lat' dir='ltr'><strong>ctum</strong></span> <span class='ocrx_word' id='word_1_366' title='bbox 230 3628 289 3675; x_wconf 84' lang='lat' dir='ltr'><strong>ergo</strong></span> <span class='ocrx_word' id='word_1_367' title='bbox 309 3612 423 3663; x_wconf 87' lang='lat' dir='ltr'><strong>Clementi</strong></span> <span class='ocrx_word' id='word_1_368' title='bbox 443 3627 535 3663; x_wconf 84' lang='lat' dir='ltr'><strong>comma</strong></span> <span class='ocrx_word' id='word_1_369' title='bbox 555 3613 666 3663; x_wconf 78' lang='lat' dir='ltr'><strong>uersiculi</strong></span> <span class='ocrx_word' id='word_1_370' title='bbox 687 3617 709 3663; x_wconf 83' lang='lat' dir='ltr'><strong>u.</strong></span> <span class='ocrx_word' id='word_1_371' title='bbox 763 3647 768 3695; x_wconf 66' lang='lat'>¹</span> <span class='ocrx_word' id='word_1_372' title='bbox 821 3664 826 3672; x_wconf 70' lang='grc'><strong>,</strong></span> <span class='ocrx_word' id='word_1_373' title='bbox 988 3647 993 3658; x_wconf 88' lang='grc'><em>.</em></span> <span class='ocrx_word' id='word_1_374' title='bbox 1281 3649 1286 3660; x_wconf 94' lang='grc'>.</span> 
     </span>
     <span class='ocr_line' id='line_1_40' title="bbox 141 3647 1312 3747; baseline 0.001 -50"><span class='ocrx_word' id='word_1_375' title='bbox 141 3697 196 3747; x_wconf 45' lang='grc' dir='ltr'><strong>ΜΡ·</strong></span> <span class='ocrx_word' id='word_1_376' title='bbox 213 3681 238 3732; x_wconf 62' lang='lat'>2</span> <span class='ocrx_word' id='word_1_377' title='bbox 257 3680 354 3740; x_wconf 49' lang='lat' dir='ltr'><strong>mm,</strong></span> <span class='ocrx_word' id='word_1_378' title='bbox 379 3681 445 3744; x_wconf 64' lang='lat' dir='ltr'><strong>quod</strong></span> <span class='ocrx_word' id='word_1_379' title='bbox 464 3698 478 3729; x_wconf 57' lang='lat' dir='ltr'><strong>a</strong></span> <span class='ocrx_word' id='word_1_380' title='bbox 497 3681 577 3730; x_wconf 56' lang='lat' dir='ltr'><strong>munis</strong></span> <span class='ocrx_word' id='word_1_381' title='bbox 598 3681 711 3731; x_wconf 45' lang='lat' dir='ltr'><strong>editioni·</strong></span> <span class='ocrx_word' id='word_1_382' title='bbox 744 3662 827 3711; x_wconf 78' lang='lat' dir='ltr'><strong>pures</strong></span> <span class='ocrx_word' id='word_1_383' title='bbox 853 3656 908 3696; x_wconf 85' lang='lat' dir='ltr'><strong>vett.</strong></span> <span class='ocrx_word' id='word_1_384' title='bbox 932 3647 1116 3711; x_wconf 78' lang='lat' dir='ltr'><strong>adstipulantur.</strong></span> <span class='ocrx_word' id='word_1_385' title='bbox 1159 3647 1207 3698; x_wconf 76' lang='lat' dir='ltr'><strong>cu.</strong></span> <span class='ocrx_word' id='word_1_386' title='bbox 1231 3649 1312 3698; x_wconf 80' lang='lat' dir='ltr'><strong>lustin.</strong></span> 
     </span>
    </p>
   </div>
   <div class='ocr_carea' id='block_1_8' title="bbox 139 3716 1312 4017">
    <p class='ocr_par' dir='ltr' id='par_1_10' title="bbox 139 3716 1312 3832">
     <span class='ocr_line' id='line_1_41' title="bbox 139 3716 1312 3832; baseline -0.005 -32"><span class='ocrx_word' id='word_1_387' title='bbox 139 3751 188 3800; x_wconf 87' lang='lat' dir='ltr'><strong>bus</strong></span> <span class='ocrx_word' id='word_1_388' title='bbox 205 3749 281 3810; x_wconf 83' lang='lat' dir='ltr'><strong>abest,</strong></span> <span class='ocrx_word' id='word_1_389' title='bbox 299 3748 323 3797; x_wconf 92' lang='lat' dir='ltr'><strong>in</strong></span> <span class='ocrx_word' id='word_1_390' title='bbox 335 3747 498 3811; x_wconf 87' lang='lat' dir='ltr'><strong>Compluteusi</strong></span> <span class='ocrx_word' id='word_1_391' title='bbox 518 3764 575 3798; x_wconf 79' lang='lat' dir='ltr'><strong>seru</strong></span> <span class='ocrx_word' id='word_1_392' title='bbox 595 3749 626 3799; x_wconf 88' lang='lat' dir='ltr'><strong>ita</strong></span> <span class='ocrx_word' id='word_1_393' title='bbox 639 3752 710 3799; x_wconf 82' lang='lat' dir='ltr'><strong>elter-</strong></span> <span class='ocrx_word' id='word_1_394' title='bbox 746 3716 850 3832; x_wconf 51' lang='lat' dir='ltr'><strong>Riffl&#39;qoc&#39;</strong></span> <span class='ocrx_word' id='word_1_395' title='bbox 870 3716 959 3832; x_wconf 55' lang='lat' dir='ltr'><strong>Trigh&#39;</strong></span> <span class='ocrx_word' id='word_1_396' title='bbox 978 3732 1000 3832; x_wconf 63' lang='lat' dir='ltr'><strong>&#39;f&#39;</strong></span> <span class='ocrx_word' id='word_1_397' title='bbox 1023 3716 1082 3810; x_wconf 53' lang='lat' dir='ltr'><strong>¹¹¹,ss</strong></span> <span class='ocrx_word' id='word_1_398' title='bbox 1095 3716 1156 3817; x_wconf 46' lang='grc' dir='ltr'><strong>ΙΨ·</strong></span> <span class='ocrx_word' id='word_1_399' title='bbox 1175 3718 1233 3813; x_wconf 28' lang='lat' dir='ltr'><strong>auu...</strong></span> <span class='ocrx_word' id='word_1_400' title='bbox 1247 3717 1312 3766; x_wconf 54' lang='grc' dir='ltr'><strong>ΜΓ·</strong></span> 
     </span>
    </p>

    <p class='ocr_par' dir='ltr' id='par_1_11' title="bbox 139 3785 1243 3881">
     <span class='ocr_line' id='line_1_42' title="bbox 139 3785 1243 3881; baseline -0.004 -13"><span class='ocrx_word' id='word_1_401' title='bbox 139 3827 193 3868; x_wconf 82' lang='lat' dir='ltr'><strong>tas:</strong></span> <span class='ocrx_word' id='word_1_402' title='bbox 215 3814 262 3867; x_wconf 75' lang='lat' dir='ltr'><strong>nol</strong></span> <span class='ocrx_word' id='word_1_403' title='bbox 280 3815 476 3881; x_wconf 72' lang='grc' dir='ltr'><strong><em>κατέπτησσον</em></strong></span> <span class='ocrx_word' id='word_1_404' title='bbox 495 3811 601 3874; x_wconf 74' lang='grc' dir='ltr'><strong><em>πάντες</em></strong></span> <span class='ocrx_word' id='word_1_405' title='bbox 618 3816 645 3866; x_wconf 82' lang='lat' dir='ltr'><strong>oi</strong></span> <span class='ocrx_word' id='word_1_406' title='bbox 661 3833 711 3866; x_wconf 84' lang='grc' dir='ltr'><strong><em>κιι-</em></strong></span> <span class='ocrx_word' id='word_1_407' title='bbox 775 3821 781 3842; x_wconf 83' lang='grc'><em>’</em></span> <span class='ocrx_word' id='word_1_408' title='bbox 834 3799 881 3831; x_wconf 83' lang='grc'><strong>’“·</strong></span> <span class='ocrx_word' id='word_1_409' title='bbox 905 3788 913 3832; x_wconf 82' lang='lat'>¹</span> <span class='ocrx_word' id='word_1_410' title='bbox 937 3818 942 3830; x_wconf 91' lang='lat'>&#39;</span> <span class='ocrx_word' id='word_1_411' title='bbox 963 3800 999 3832; x_wconf 73' lang='lat'><strong>⁰¹·</strong></span> <span class='ocrx_word' id='word_1_412' title='bbox 1022 3785 1132 3833; x_wconf 64' lang='lat' dir='ltr'><strong>M⁰³⁸¹&#39;²¹·</strong></span> <span class='ocrx_word' id='word_1_413' title='bbox 1151 3793 1174 3833; x_wconf 71' lang='lat'><strong>⁰¹</strong></span> <span class='ocrx_word' id='word_1_414' title='bbox 1195 3785 1243 3833; x_wconf 75' lang='lat'><strong>‘¹¹¹¹&#39;</strong></span> 
     </span>
    </p>

    <p class='ocr_par' dir='ltr' id='par_1_12' title="bbox 140 3879 1312 4017">
     <span class='ocr_line' id='line_1_43' title="bbox 140 3879 1312 3953; baseline -0.002 -17"><span class='ocrx_word' id='word_1_415' title='bbox 140 3884 301 3941; x_wconf 73' lang='lat' dir='ltr'><strong>roraoiimc</strong></span> <span class='ocrx_word' id='word_1_416' title='bbox 320 3879 372 3947; x_wconf 72' lang='grc' dir='ltr'><strong>τὴν</strong></span> <span class='ocrx_word' id='word_1_417' title='bbox 394 3883 448 3950; x_wconf 79' lang='grc' dir='ltr'><strong>γῆν</strong></span> <span class='ocrx_word' id='word_1_418' title='bbox 465 3881 516 3953; x_wconf 75' lang='grc' dir='ltr'><strong>ἀφ’</strong></span> <span class='ocrx_word' id='word_1_419' title='bbox 538 3880 621 3953; x_wconf 80' lang='grc' dir='ltr'>ὑμῶν</span> <span class='ocrx_word' id='word_1_420' title='bbox 640 3884 710 3935; x_wconf 81' lang='lat' dir='ltr'><strong>Cotel.</strong></span> <span class='ocrx_word' id='word_1_421' title='bbox 796 3884 823 3946; x_wconf 78' lang='lat'><strong>7)</strong></span> <span class='ocrx_word' id='word_1_422' title='bbox 842 3885 905 3934; x_wconf 87' lang='lat' dir='ltr'><strong>llaec</strong></span> <span class='ocrx_word' id='word_1_423' title='bbox 926 3886 997 3935; x_wconf 80' lang='lat' dir='ltr'><strong>rerba</strong></span> <span class='ocrx_word' id='word_1_424' title='bbox 1016 3902 1064 3935; x_wconf 88' lang='grc' dir='ltr'><strong><em>ιιιιιι</em></strong></span> <span class='ocrx_word' id='word_1_425' title='bbox 1083 3885 1153 3935; x_wconf 86' lang='lat' dir='ltr'><strong>uliam</strong></span> <span class='ocrx_word' id='word_1_426' title='bbox 1168 3886 1312 3947; x_wconf 88' lang='lat' dir='ltr'><strong>interpretu-</strong></span> 
     </span>
     <span class='ocr_line' id='line_1_44' title="bbox 192 3946 1311 4017; baseline 0.001 -14"><span class='ocrx_word' id='word_1_427' title='bbox 192 3952 219 4013; x_wconf 81' lang='grc'><strong>4)</strong></span> <span class='ocrx_word' id='word_1_428' title='bbox 235 3948 285 4009; x_wconf 81' lang='grc' dir='ltr'><strong>Ὡς</strong></span> <span class='ocrx_word' id='word_1_429' title='bbox 297 3947 385 4002; x_wconf 70' lang='lat' dir='ltr'><strong>icis:</strong></span> <span class='ocrx_word' id='word_1_430' title='bbox 395 3947 433 4009; x_wconf 73' lang='lat' dir='ltr'><strong>alc</strong></span> <span class='ocrx_word' id='word_1_431' title='bbox 446 3946 482 4003; x_wconf 72' lang='lat' dir='ltr'><strong>riu</strong></span> <span class='ocrx_word' id='word_1_432' title='bbox 493 3950 594 4013; x_wconf 84' lang='lat' dir='ltr'><strong>(Winer,</strong></span> <span class='ocrx_word' id='word_1_433' title='bbox 608 3952 710 4002; x_wconf 77' lang='lat' dir='ltr'><strong>Graium.</strong></span> <span class='ocrx_word' id='word_1_434' title='bbox 745 3952 834 4001; x_wconf 88' lang='lat' dir='ltr'><strong>tionem</strong></span> <span class='ocrx_word' id='word_1_435' title='bbox 851 3954 973 4015; x_wconf 85' lang='lat' dir='ltr'><strong>patiuntur</strong></span> <span class='ocrx_word' id='word_1_436' title='bbox 982 3954 1027 4002; x_wconf 88' lang='lat' dir='ltr'><strong>uisi</strong></span> <span class='ocrx_word' id='word_1_437' title='bbox 1038 3955 1107 4013; x_wconf 87' lang='lat' dir='ltr'><strong>banc,</strong></span> <span class='ocrx_word' id='word_1_438' title='bbox 1125 3968 1186 4017; x_wconf 87' lang='lat' dir='ltr'><strong>quae</strong></span> <span class='ocrx_word' id='word_1_439' title='bbox 1205 3952 1311 4015; x_wconf 71' lang='lat' dir='ltr'><strong>proxime</strong></span> 
     </span>
    </p>
   </div>
   <div class='ocr_carea' id='block_1_9' title="bbox 796 3578 1313 3645">
    <p class='ocr_par' dir='ltr' id='par_1_13' title="bbox 796 3578 1313 3645">
     <span class='ocr_line' id='line_1_45' title="bbox 796 3578 1313 3645; baseline 0.004 -16"><span class='ocrx_word' id='word_1_440' title='bbox 796 3578 823 3643; x_wconf 80' lang='lat' dir='ltr'><strong>u)</strong></span> <span class='ocrx_word' id='word_1_441' title='bbox 840 3580 987 3640; x_wconf 84' lang='lat' dir='ltr'><strong>bilegoricuc.</strong></span> <span class='ocrx_word' id='word_1_442' title='bbox 1031 3580 1085 3629; x_wconf 80' lang='lat' dir='ltr'><strong>bruc</strong></span> <span class='ocrx_word' id='word_1_443' title='bbox 1122 3581 1313 3645; x_wconf 85' lang='lat' dir='ltr'><strong>interpretationi</strong></span> 
     </span>
    </p>
   </div>
   <div class='ocr_carea' id='block_1_10' title="bbox 140 4014 1312 4135">
    <p class='ocr_par' dir='ltr' id='par_1_14' title="bbox 140 4014 1312 4135">
     <span class='ocr_line' id='line_1_46' title="bbox 140 4014 1312 4135; baseline -0.002 -63"><span class='ocrx_word' id='word_1_444' title='bbox 140 4020 180 4072; x_wconf 79' lang='lat' dir='ltr'><strong>ed</strong></span> <span class='ocrx_word' id='word_1_445' title='bbox 206 4021 243 4070; x_wconf 82' lang='lat' dir='ltr'><strong>tt.</strong></span> <span class='ocrx_word' id='word_1_446' title='bbox 268 4032 293 4084; x_wconf 88' lang='lat' dir='ltr'><strong>p.</strong></span> <span class='ocrx_word' id='word_1_447' title='bbox 312 4014 422 4135; x_wconf 61' lang='lat' dir='ltr'><strong>285s1q.)</strong></span> <span class='ocrx_word' id='word_1_448' title='bbox 443 4037 475 4063; x_wconf 91' lang='lat'><strong><em>=</em></strong></span> <span class='ocrx_word' id='word_1_449' title='bbox 492 4018 601 4069; x_wconf 84' lang='lat' dir='ltr'><strong>simulac.</strong></span> <span class='ocrx_word' id='word_1_450' title='bbox 630 4020 710 4071; x_wconf 84' lang='lat' dir='ltr'><strong>Herm.</strong></span> <span class='ocrx_word' id='word_1_451' title='bbox 746 4020 776 4068; x_wconf 87' lang='lat' dir='ltr'><strong>ad</strong></span> <span class='ocrx_word' id='word_1_452' title='bbox 807 4020 873 4069; x_wconf 86' lang='lat' dir='ltr'><strong>Pauli</strong></span> <span class='ocrx_word' id='word_1_453' title='bbox 907 4021 1041 4071; x_wconf 85' lang='lat' dir='ltr'><strong>doctrinam</strong></span> <span class='ocrx_word' id='word_1_454' title='bbox 1078 4020 1178 4070; x_wconf 86' lang='lat' dir='ltr'><strong>accedit.</strong></span> <span class='ocrx_word' id='word_1_455' title='bbox 1219 4017 1312 4070; x_wconf 83' lang='lat' dir='ltr'><strong>[liseria</strong></span> 
     </span>
    </p>
   </div>
   <div class='ocr_carea' id='block_1_11' title="bbox 122 4085 1311 4490">
    <p class='ocr_par' dir='ltr' id='par_1_15' title="bbox 139 4085 360 4151">
     <span class='ocr_line' id='line_1_47' title="bbox 139 4085 360 4151; baseline -0.018 -12"><span class='ocrx_word' id='word_1_456' title='bbox 139 4086 172 4139; x_wconf 85' lang='lat' dir='ltr'><strong>ad</strong></span> <span class='ocrx_word' id='word_1_457' title='bbox 187 4088 239 4151; x_wconf 76' lang='lat' dir='ltr'><strong>lig.</strong></span> <span class='ocrx_word' id='word_1_458' title='bbox 257 4085 308 4138; x_wconf 77' lang='grc'><strong>943</strong></span> <span class='ocrx_word' id='word_1_459' title='bbox 322 4100 360 4151; x_wconf 89' lang='lat' dir='ltr'><strong>sq.</strong></span> 
     </span>
    </p>

    <p class='ocr_par' dir='ltr' id='par_1_16' title="bbox 122 4150 1311 4490">
     <span class='ocr_line' id='line_1_48' title="bbox 191 4150 1311 4221; baseline -0.002 -14"><span class='ocrx_word' id='word_1_460' title='bbox 191 4154 219 4219; x_wconf 83' lang='lat'><strong>5)</strong></span> <span class='ocrx_word' id='word_1_461' title='bbox 238 4155 415 4221; x_wconf 68' lang='grc' dir='ltr'><strong><em>προσέθεντο</em></strong></span> <span class='ocrx_word' id='word_1_462' title='bbox 436 4153 536 4208; x_wconf 70' lang='grc' dir='ltr'><strong><em>δοῦναι</em></strong></span> <span class='ocrx_word' id='word_1_463' title='bbox 552 4174 586 4198; x_wconf 92' lang='lat'>=</span> <span class='ocrx_word' id='word_1_464' title='bbox 603 4150 713 4208; x_wconf 77' lang='grc' dir='ltr'><em>ἔδωκαν</em></span> <span class='ocrx_word' id='word_1_465' title='bbox 745 4165 844 4218; x_wconf 86' lang='lat' dir='ltr'><strong>peccata</strong></span> <span class='ocrx_word' id='word_1_466' title='bbox 862 4171 953 4218; x_wconf 89' lang='lat' dir='ltr'><strong>eorum,</strong></span> <span class='ocrx_word' id='word_1_467' title='bbox 972 4157 1012 4220; x_wconf 90' lang='lat' dir='ltr'><strong>qui</strong></span> <span class='ocrx_word' id='word_1_468' title='bbox 1029 4170 1097 4219; x_wconf 86' lang='lat' dir='ltr'><strong>spem</strong></span> <span class='ocrx_word' id='word_1_469' title='bbox 1116 4162 1139 4203; x_wconf 90' lang='lat' dir='ltr'><strong>et</strong></span> <span class='ocrx_word' id='word_1_470' title='bbox 1158 4154 1267 4204; x_wconf 86' lang='lat' dir='ltr'><strong>liduciuin</strong></span> <span class='ocrx_word' id='word_1_471' title='bbox 1287 4155 1311 4205; x_wconf 91' lang='lat' dir='ltr'><strong>iu</strong></span> 
     </span>
     <span class='ocr_line' id='line_1_49' title="bbox 139 4221 1311 4288; baseline -0.002 -14"><span class='ocrx_word' id='word_1_472' title='bbox 139 4240 167 4275; x_wconf 88' lang='lat' dir='ltr'><strong>ex</strong></span> <span class='ocrx_word' id='word_1_473' title='bbox 178 4223 333 4276; x_wconf 70' lang='lat' dir='ltr'><strong>hebraismo.</strong></span> <span class='ocrx_word' id='word_1_474' title='bbox 353 4221 516 4272; x_wconf 85' lang='lat' dir='ltr'><strong>Columesius:</strong></span> <span class='ocrx_word' id='word_1_475' title='bbox 535 4224 561 4273; x_wconf 70' lang='grc' dir='ltr'><strong>Εἰ</strong></span> <span class='ocrx_word' id='word_1_476' title='bbox 574 4231 599 4273; x_wconf 88' lang='lat' dir='ltr'><strong>ut</strong></span> <span class='ocrx_word' id='word_1_477' title='bbox 618 4225 711 4286; x_wconf 76' lang='lat' dir='ltr'><strong>siquam</strong></span> <span class='ocrx_word' id='word_1_478' title='bbox 744 4223 795 4273; x_wconf 82' lang='lat' dir='ltr'><strong>Deo</strong></span> <span class='ocrx_word' id='word_1_479' title='bbox 823 4225 956 4288; x_wconf 85' lang='lat' dir='ltr'><strong>posuerint.</strong></span> <span class='ocrx_word' id='word_1_480' title='bbox 1001 4224 1083 4286; x_wconf 86' lang='lat' dir='ltr'><strong>Neque</strong></span> <span class='ocrx_word' id='word_1_481' title='bbox 1113 4222 1137 4270; x_wconf 92' lang='lat' dir='ltr'><strong>id</strong></span> <span class='ocrx_word' id='word_1_482' title='bbox 1166 4222 1311 4272; x_wconf 84' lang='lat' dir='ltr'><strong>contrarium</strong></span> 
     </span>
     <span class='ocr_line' id='line_1_50' title="bbox 138 4290 1311 4353; baseline -0.005 -10"><span class='ocrx_word' id='word_1_483' title='bbox 138 4294 207 4345; x_wconf 83' lang='lat' dir='ltr'><strong>daret</strong></span> <span class='ocrx_word' id='word_1_484' title='bbox 225 4290 386 4353; x_wconf 80' lang='lat' dir='ltr'><strong>addiderunt,</strong></span> <span class='ocrx_word' id='word_1_485' title='bbox 409 4291 445 4340; x_wconf 85' lang='lat' dir='ltr'><strong>uti</strong></span> <span class='ocrx_word' id='word_1_486' title='bbox 462 4299 516 4341; x_wconf 89' lang='lat' dir='ltr'><strong>aute</strong></span> <span class='ocrx_word' id='word_1_487' title='bbox 534 4299 654 4342; x_wconf 77' lang='lat' dir='ltr'><strong>verterunt</strong></span> <span class='ocrx_word' id='word_1_488' title='bbox 672 4292 711 4342; x_wconf 88' lang='lat' dir='ltr'><strong>lu·</strong></span> <span class='ocrx_word' id='word_1_489' title='bbox 744 4299 780 4341; x_wconf 86' lang='lat' dir='ltr'><strong>est</strong></span> <span class='ocrx_word' id='word_1_490' title='bbox 798 4292 911 4341; x_wconf 87' lang='lat' dir='ltr'><strong>Paulinae</strong></span> <span class='ocrx_word' id='word_1_491' title='bbox 930 4290 1061 4347; x_wconf 82' lang='lat' dir='ltr'><strong>doctrinae,</strong></span> <span class='ocrx_word' id='word_1_492' title='bbox 1080 4290 1144 4352; x_wconf 90' lang='lat' dir='ltr'><strong>quod</strong></span> <span class='ocrx_word' id='word_1_493' title='bbox 1161 4290 1240 4349; x_wconf 75' lang='lat' dir='ltr'><strong>fideles</strong></span> <span class='ocrx_word' id='word_1_494' title='bbox 1257 4297 1311 4338; x_wconf 90' lang='lat' dir='ltr'><strong>tau·</strong></span> 
     </span>
     <span class='ocr_line' id='line_1_51' title="bbox 122 4356 1310 4424; baseline -0.007 -12"><span class='ocrx_word' id='word_1_495' title='bbox 122 4362 190 4411; x_wconf 75' lang='grc' dir='ltr'><strong><em>’πίιιο</em></strong></span> <span class='ocrx_word' id='word_1_496' title='bbox 209 4366 233 4411; x_wconf 87' lang='lat' dir='ltr'><strong>et</strong></span> <span class='ocrx_word' id='word_1_497' title='bbox 245 4356 382 4408; x_wconf 72' lang='lat' dir='ltr'><strong>neuterius</strong></span> <span class='ocrx_word' id='word_1_498' title='bbox 401 4366 485 4408; x_wconf 86' lang='lat' dir='ltr'><strong>contra</strong></span> <span class='ocrx_word' id='word_1_499' title='bbox 503 4358 618 4409; x_wconf 87' lang='lat' dir='ltr'><strong>historiae</strong></span> <span class='ocrx_word' id='word_1_500' title='bbox 631 4359 710 4409; x_wconf 83' lang='lat' dir='ltr'><strong>tidem.</strong></span> <span class='ocrx_word' id='word_1_501' title='bbox 744 4367 792 4409; x_wconf 83' lang='lat' dir='ltr'><strong>trun</strong></span> <span class='ocrx_word' id='word_1_502' title='bbox 818 4367 972 4424; x_wconf 82' lang='lat' dir='ltr'><strong>peecatorum</strong></span> <span class='ocrx_word' id='word_1_503' title='bbox 1002 4356 1094 4405; x_wconf 81' lang='lat' dir='ltr'><strong>ueniam</strong></span> <span class='ocrx_word' id='word_1_504' title='bbox 1120 4356 1207 4406; x_wconf 83' lang='lat' dir='ltr'><strong>Christi</strong></span> <span class='ocrx_word' id='word_1_505' title='bbox 1232 4364 1310 4406; x_wconf 88' lang='lat' dir='ltr'><strong>morte</strong></span> 
     </span>
     <span class='ocr_line' id='line_1_52' title="bbox 136 4423 1295 4490; baseline -0.009 -11"><span class='ocrx_word' id='word_1_506' title='bbox 136 4428 191 4479; x_wconf 75' lang='lat' dir='ltr'><strong>Non</strong></span> <span class='ocrx_word' id='word_1_507' title='bbox 223 4426 289 4477; x_wconf 82' lang='lat' dir='ltr'><strong>eninr</strong></span> <span class='ocrx_word' id='word_1_508' title='bbox 321 4425 403 4474; x_wconf 74' lang='lat' dir='ltr'><strong>sual</strong></span> <span class='ocrx_word' id='word_1_509' title='bbox 430 4426 638 4489; x_wconf 84' lang='lat' dir='ltr'><strong>speculatoribus,</strong></span> <span class='ocrx_word' id='word_1_510' title='bbox 666 4427 710 4477; x_wconf 88' lang='lat' dir='ltr'><strong>sed</strong></span> <span class='ocrx_word' id='word_1_511' title='bbox 743 4426 853 4490; x_wconf 85' lang='lat' dir='ltr'><strong>occipere</strong></span> <span class='ocrx_word' id='word_1_512' title='bbox 871 4427 988 4475; x_wconf 88' lang='lat' dir='ltr'><strong>dicuntur.</strong></span> <span class='ocrx_word' id='word_1_513' title='bbox 1023 4423 1117 4488; x_wconf 83' lang='lat' dir='ltr'><strong>lipsius</strong></span> <span class='ocrx_word' id='word_1_514' title='bbox 1135 4440 1158 4490; x_wconf 92' lang='lat' dir='ltr'><strong>p.</strong></span> <span class='ocrx_word' id='word_1_515' title='bbox 1178 4425 1219 4477; x_wconf 80' lang='lat'><strong>82.</strong></span> <span class='ocrx_word' id='word_1_516' title='bbox 1239 4424 1254 4473; x_wconf 92' lang='grc' dir='ltr'><strong>Ι.</strong></span> <span class='ocrx_word' id='word_1_517' title='bbox 1274 4437 1295 4471; x_wconf 88' lang='lat' dir='ltr'><strong>c.</strong></span> 
     </span>
    </p>
   </div>
   <div class='ocr_carea' id='block_1_12' title="bbox 400 4086 1312 4150">
    <p class='ocr_par' dir='ltr' id='par_1_17' title="bbox 400 4086 1312 4150">
     <span class='ocr_line' id='line_1_53' title="bbox 400 4086 1312 4150; baseline 0.004 -16"><span class='ocrx_word' id='word_1_518' title='bbox 400 4123 406 4134; x_wconf 90' lang='lat'>.</span> <span class='ocrx_word' id='word_1_519' title='bbox 745 4087 808 4136; x_wconf 89' lang='lat' dir='ltr'><strong>enixu</strong></span> <span class='ocrx_word' id='word_1_520' title='bbox 826 4088 937 4138; x_wconf 88' lang='lat' dir='ltr'><strong>dicuutur</strong></span> <span class='ocrx_word' id='word_1_521' title='bbox 953 4098 1030 4138; x_wconf 89' lang='lat' dir='ltr'><strong>morte</strong></span> <span class='ocrx_word' id='word_1_522' title='bbox 1044 4088 1131 4138; x_wconf 84' lang='lat' dir='ltr'><strong>Christi</strong></span> <span class='ocrx_word' id='word_1_523' title='bbox 1149 4086 1240 4150; x_wconf 80' lang='lat' dir='ltr'><strong>expiata</strong></span> <span class='ocrx_word' id='word_1_524' title='bbox 1259 4103 1312 4138; x_wconf 86' lang='lat' dir='ltr'><strong>esse</strong></span> 
     </span>
    </p>
   </div>
   <div class='ocr_carea' id='block_1_13' title="bbox 0 0 1448 4882">
    <p class='ocr_par' dir='ltr' id='par_1_18' title="bbox 0 0 1448 4882">
     <span class='ocr_line' id='line_1_54' title="bbox 0 0 1448 4882; baseline 0 2"><span class='ocrx_word' id='word_1_525' title='bbox 0 0 1448 4882; x_wconf 95' lang='lat' dir='ltr'><strong> </strong></span> 
     </span>
    </p>
   </div>
  </div>
 </body>
</html>
