2886 4882
489 223 511 281 l.
533 222 781 285 manubriolo
803 226 875 287 COR.
897 230 927 288 ll.
948 230 989 291 Vl.
1287 233 1328 297 53

170 399 213 449 rut.
231 396 258 444 et
278 396 425 446 venerunt
447 407 537 464 usque
559 391 592 447 ad
613 399 737 450 mortem.
780 394 916 451 Ponamus
938 394 1019 452 uobis
1033 407 1093 456 ante
1116 401 1212 458 oeulos
1235 401 1323 461 bonos

169 471 290 537 mbos.
336 473 462 547 Propter
482 472 568 531 zelum
601 475 722 548 iniquum
743 476 840 533 Petrus
861 494 915 534 nou
945 495 1026 535 uuum
1049 490 1094 537 aut
1113 482 1243 552 alterum,
1272 489 1322 545 sed

167 572 228 629 rerer
247 555 368 612 labores
394 557 518 625 sustulit,
548 565 628 632 atque
657 559 693 614 ita
720 561 877 634 martyrium
900 578 997 634 passus
1026 564 1053 618 in
1076 564 1195 623 debitum
1218 569 1320 642 gloriae

166 642 224 695 lrru
243 640 394 696 discessit.
436 640 555 715 Propter
576 642 661 697 zelum
684 651 711 698 et
733 642 830 698 Paulus
852 645 996 718 patientiae
1010 648 1158 719 praemium
1181 662 1320 727 reportan-

165 724 202 778 ιι
218 724 366 791 sustinuit,
392 724 495 797 septies
518 726 544 780 in
567 725 673 781 vincula
688 727 837 796 coniectus,
859 728 976 801 legatus,
996 727 1135 802 lapidatus.
1169 733 1198 787 ln
1214 737 1320 792 oriente

164 808 340 864 :occidente
362 806 443 863 verbi
466 824 567 881 praeeo
589 808 693 873 laetus,
724 809 856 866 illustrem
887 809 950 866 lulei
980 828 1045 867 suae
1080 811 1176 869 lamam
1206 819 1319 873 sortitus

163 898 195 949 n.
217 891 380 946 iniustitia
402 891 533 947 mundum
556 893 711 948 uuiversum
734 894 888 961 instruens,
911 895 992 951 etad
1015 894 1166 952 occidentis
1189 900 1319 955 terminos

162 990 257 1041 mena,
290 982 321 1029 et
353 973 409 1030 sub
437 974 584 1048 praelectis
610 977 767 1050 martyrium
796 976 915 1034 subiens.
957 977 1003 1034 Sio
1025 995 1040 1035 e
1063 979 1163 1035 mundo
1186 982 1318 1054 migravit,

160 1057 328 1114 diriorum
353 1066 479 1113 sanolruu
502 1057 574 1126 abiit,
597 1060 741 1132 patientiae
763 1078 896 1117 summum
918 1060 1055 1135 exemplar
1075 1063 1203 1120 existens.

410 1206 450 1262 l'l.
493 1207 677 1266 continuatio.
720 1212 817 1267 Plures
838 1212 891 1268 elii
911 1221 1059 1284 martyres.

210 1322 285 1380 Viris
318 1326 385 1381 istis
408 1333 502 1380 sancte
531 1326 610 1381 vitam
638 1327 841 1383 instituentibus
869 1346 964 1402 magna
992 1330 1141 1386 electorum
1172 1332 1316 1390 multitudo

153 1417 276 1481 {gregata
299 1416 358 1476 est,
381 1409 429 1481 qui
445 1406 580 1482 supplicia
593 1409 675 1466 multa
697 1418 725 1465 et
747 1419 879 1467 tormenta
894 1420 1008 1486 propter
1022 1413 1108 1469 zelum
1122 1417 1205 1487 passi,
1227 1434 1318 1473 exem·

151 1492 351 1566 peroptimum
377 1493 522 1548 internos
544 1494 697 1549 extiterunt
741 1493 856 1567 Propter
885 1496 970 1551 zelum
993 1496 1122 1553 mulieres
1146 1501 1315 1570 perseeutio-

149 1590 190 1629 ιιι
210 1591 337 1649 passae,
362 1573 498 1631 Danaidae
521 1583 547 1631 et
570 1576 680 1645 bircae,
710 1585 854 1650 postquam
885 1580 975 1650 gravia
998 1587 1023 1635 et
1047 1579 1161 1635 nefanda
1183 1584 1317 1655 supplicia

147 1658 343 1724 stituerunt,
381 1658 416 1714 ad
445 1656 551 1714 bunum
581 1658 643 1715 fidei
670 1677 781 1715 cursum
805 1663 990 1734 pertigeruut,
1018 1671 1045 1718 et
1066 1661 1169 1719 debiles
1197 1681 1316 1740 corpore

145 1740 217 1797 rutile
237 1741 404 1816 praemium
427 1752 599 1815 acceperunt.
628 1743 706 1799 Zetus
721 1760 835 1799 urorum
857 1745 960 1800 animos
983 1761 998 1800 a
1020 1747 1123 1802 maritis
1145 1746 1314 1819 abalienavit,

143 1824 279 1881 edietum
302 1825 395 1898 patris
416 1826 503 1880 nostri
524 1825 616 1881 bdami
639 1829 764 1882 inritavit:
787 1827 851 1895 ,boe
873 1829 924 1884 iam
949 1847 980 1885 os
1003 1846 1036 1886 er
1058 1830 1166 1887 ossibus
1188 1833 1265 1901 meis,
1288 1842 1317 1890 et
1359 1874 1363 1883 .

142 1922 245 1964 aroer
269 1924 364 1964 earne
387 1904 465 1963 mea.‘
493 1908 571 1964 Zelus
593 1919 620 1966 ot
642 1912 781 1967 eontentio
804 1910 885 1968 urbes
907 1930 1017 1986 treguas
1039 1916 1144 1983 evertit,
1167 1923 1194 1972 et
1216 1925 1312 1990 gentes

141 2006 296 2049 morosas
321 1991 447 2048 funditus
469 1992 574 2048 delerit

138 2187 185 2236 ti.
209 2194 347 2252 exponunt
369 2185 518 2245 Portemus,
536 2184 646 2235 Neander
669 2184 708 2250 (li.
741 2187 815 2243 κίαις
832 2187 879 2235 καὶ
895 2185 1030 2252 βασάνοις
1049 2186 1139 2239 πολλὰ
1159 2186 1314 2249 παθόντες,

138 2256 186 2305 ul
208 2271 235 2319 p.
249 2256 297 2305 39.
325 2261 352 2303 et
374 2252 460 2302 Geseb.
489 2253 511 2302 d.
538 2254 665 2315 l‘llnuzuug
691 2255 708 2303 1.
741 2250 791 2303 διὰ
809 2248 887 2318 ζῆλον
906 2251 1027 2320 ὑπόδειγ
1052 2273 1069 2304 α
1085 2251 1236 2309 κάλλιστον
1253 2255 1314 2323 tyt-

137 2324 261 2385 ptos),
297 2321 406 2371 Guetike
433 2320 559 2383 (beitrage
582 2337 605 2384 p.
629 2322 708 2384 122),
743 2336 824 2373 νονιο
848 2320 879 2371 ἐν
903 2319 977 2390 ἡμῖν.
1015 2273 1085 2371 dilus
1115 2325 1204 2387 quippe
1230 2341 1313 2374 eorum

137 2390 179 2454 bug
207 2390 297 2455 (tint.
317 2389 349 2438 ll.
378 2403 403 2452 p.
420 2388 495 2449 322.)
528 2397 550 2437 et
574 2388 708 2438 tllsbauseu
744 2385 815 2468 πρὸς
835 2388 913 2451 ζῆλον
930 2389 975 2437 καὶ
993 2391 1116 2457 μίμησιν
1134 2393 1191 2440 τῶν
1209 2390 1249 2446 εἰς
1267 2390 1314 2442 oti-

135 2459 206 2519 lind.
224 2475 253 2508 u.
275 2458 340 2507 llrit.
361 2454 433 2506 1838.
451 2456 486 2504 ll'.
505 2471 527 2519 p.
537 2456 708 2517 953-957.).
742 2469 840 2520 ρανιον
858 2456 953 2522 τρίβον
976 2452 1088 2506 ὁδεύειν
1105 2451 1251 2505 θελόντων
1268 2457 1314 2506 καλ

137 2526 268 2591 dbponine
289 2532 335 2573 aut
353 2524 394 2573 ulii
407 2530 481 2573 terroe
491 2528 611 2574 remotiori
631 2525 710 2572 lureut
744 2518 864 2577 ἐλπίδας
883 2516 1007 2587 ἐχόντων
1023 2521 1168 2586 βασιλείας
1185 2518 1315 2588 οὐρανῶν

135 2595 213 2645 &bort
232 2592 708 2658 (ErunterungchronolPunktelbLtt.
742 2583 968 2657 ἀπολαύεινιλιὰ
992 2589 1121 2650 θλίψεων
1144 2587 1191 2638 καὶ
1216 2584 1313 2641 πόνων

132 2659 708 2724 emperu'ocuerttnbumuatseuriu1830.
743 2656 864 2717 πολλῶν,
880 2660 940 2708 οἱον
956 2654 1006 2712 τὰς
1017 2657 1074 2707 τῶν
1082 2651 1236 2724 μαρτύρων
1256 2672 1313 2706 πα-

132 2729 162 2789 u,
183 2729 239 2781 626
257 2727 342 2793 squ).
378 2726 424 2777 Pro
448 2726 568 2776 Britenuio
598 2727 708 2791 denium,
743 2727 877 2790 λαίστρας
904 2723 950 2774 καλ
982 2722 1100 2791 ἀγῶνας.
1146 2724 1194 2773 Cir.
1224 2724 1310 2789 Epipb.

133 2806 187 2847 terte
217 2796 385 2855 larobsouo,
423 2796 569 2844 contendunt
597 2794 709 2844 Usserius
744 2792 852 2842 bluuurbi
872 2802 894 2841 et
912 2793 993 2841 l’resb.
1014 2791 1051 2841 ed.
1068 2792 1164 2841 bressel
1184 2808 1207 2856 p.
1226 2793 1267 2842 45.

131 2864 194 2923 (Βὴλ
215 2864 291 2914 Εοελ.
312 2863 389 2927 lutiq.
408 2862 473 2922 el.)
491 2871 515 2911 et
534 2863 707 2923 Stilliupslleot.
794 2862 820 2923 3)
842 2862 875 2909 lto
900 2861 959 2910 Cod.
988 2861 1051 2910 lior.
1077 2868 1137 2909 teste
1165 2861 1311 2912 Jacobsouo.

130 2932 190 2996 tirio.
212 2933 280 2982 Brit.
300 2946 321 2979 c.
344 2930 366 2980 l.
383 2931 410 2980 ll.
446 2931 470 2978 lu
488 2930 531 2994 Ep.
551 2931 624 2979 Clem.
642 2931 708 2979 lloru.
744 2930 857 2979 Edidorot
875 2929 954 2977 lunius
973 2924 1130 2992 [Δαναΐδες
1141 2929 1188 2978 καλ
1201 2930 1313 2997 Δίρκη],

131 3001 158 3049 ad
173 2999 305 3050 leeobuto
319 3014 339 3047 r.
355 2998 375 3048 l.
393 2998 432 3046 bie
444 2998 640 3047 commentarius:
660 2995 709 3048 adv
743 3014 804 3061 iprae
822 2996 894 3045 lertio
912 3005 999 3058 sponte
1020 3011 1073 3045 sese
1092 2997 1251 3045 commendet.
1263 2997 1310 3045 Co-

130 3062 275 3137 ίσόμενον
288 3063 402 3132 ἀγαθὸν
421 3060 476 3131 ὅλῳ
491 3067 530 3130 τῷ
548 3060 645 3147 κόσμῳ
654 3083 709 3135 μη·
744 3065 840 3114 tolerius
858 3062 1049 3112 substituendum
1073 3057 1262 3127 ιιιοιιεῑΔανάρ
1281 3079 1311 3115 τε

131 3138 217 3187 mono
240 3133 380 3199 βασιλέα,
408 3133 506 3203 μέχρις
528 3129 652 3183 desereto
675 3133 709 3202 τῇ
742 3132 788 3181 καὶ
808 3132 909 3195 Δίρκη,
930 3130 1068 3180 Culomesio
1095 3131 1205 3180 lubenter
1227 3145 1310 3179 osseu-

128 3198 224 3273 ‘pepp
243 3195 409 3269 γενόμενος,
427 3195 600 3265 θεοβουλὴτιρ
626 3196 709 3249 dede·
743 3200 823 3249 tiente.
858 3200 985 3261 Utramque
998 3199 1092 3247 Nerone
1110 3199 1168 3261 lutp.
1187 3199 1234 3247 llde
1252 3197 1309 3247 illu-

133 3272 239 3336 σκαλίᾳ
252 3263 423 3328 σάξωνάνθ
442 3263 544 3327 nineve,
562 3265 646 3324 αὐτὸς
661 3269 710 3317 τοῦ
742 3274 804 3316 stres
815 3267 929 3315 foeminas
943 3267 1025 3324 luisse,
1038 3266 1079 3314 ille
1090 3266 1209 3328 opinetur,
1225 3281 1309 3330 quam·

135 3341 189 3390 νῦν
204 3340 275 3401 βίον
289 3338 389 3400 βιαίως
407 3284 441 3387 tl
460 3336 506 3396 ζῆν
518 3331 698 3423 μετήλλαξεν.
742 3336 778 3384 ris
798 3343 821 3383 et
839 3334 936 3382 traditio
956 3343 979 3382 et
991 3334 1090 3383 historio
1110 3333 1139 3382 de
1153 3335 1187 3383 eis
1205 3333 1309 3383 silescat

188 3407 234 3471 ll)
254 3404 304 3453 Sel
327 3403 438 3467 Tiprlliuo
462 3410 485 3451 et
503 3403 641 3466 berupliidio
663 3403 708 3451 Se·
743 3402 837 3451 boisius
856 3398 978 3465 εὐσεβεῖς
990 3400 1037 3449 καλ
1052 3400 1152 3450 πισταὶ
1168 3402 1240 3451 scribi
1252 3401 1310 3466 vult,

135 3474 208 3535 tino,
230 3471 321 3521 ultimo
339 3470 441 3521 Neronis
468 3485 530 3519 unito
553 3470 641 3519 Itomae
665 3470 709 3517 do-
744 3466 831 3536 άγναί
846 3483 876 3519 τε
887 3469 932 3517 καλ
949 3465 1055 3518 δίκαιαι
1067 3469 1184 3518 llnrisius.
1218 3470 1309 3519 lulrte

135 3538 296 3589 minantibus.
332 3538 385 3599 llug
402 3537 474 3600 (liiul.
487 3537 514 3586 ll.
532 3553 555 3601 p.
566 3538 635 3600 ³23).
664 3536 707 3585 dlii
743 3539 794 3587 erit.
818 3536 926 3585 Clericus
953 3537 1015 3584 roni.
1046 3531 1113 3587 άνευ
1136 3533 1235 3594 αἰδοῦς
1262 3537 1309 3586 καὶ

137 3608 160 3656 b.
179 3607 198 3656 l.
216 3607 248 3655 de
268 3606 363 3655 dnobus
382 3606 474 3654 libertis
492 3613 514 3654 et
533 3606 614 3654 amicis
632 3606 709 3655 bero·
742 3602 830 3669 δίκης,
849 3607 899 3652 siue
918 3606 1044 3652 moerentia
1063 3612 1083 3653 et
1103 3606 1161 3667 iere,
1181 3606 1232 3654 be.
1247 3603 1309 3655 irre-

135 3674 183 3737 nir,
200 3674 273 3724 llrlio
295 3673 437 3725 θσιεοιίοιιο
459 3682 482 3723 et
501 3673 614 3736 Polycleto
635 3672 710 3736 expli·
742 3681 852 3722 verenter
869 3671 950 3720 habito
968 3686 1023 3720 seru
1041 3671 1163 3733 interiore,
1184 3680 1208 3721 et
1224 3681 1309 3722 eontra

138 3750 208 3801 taut,
237 3741 280 3805 qni
308 3742 402 3791 Nerone
429 3742 452 3790 iu
482 3741 581 3790 Graecia
610 3742 709 3803 degente
742 3741 779 3790 ius
804 3747 825 3788 et
852 3740 895 3787 lus.
931 3739 963 3787 Ex
984 3739 1034 3788 dcl.
1056 3739 1149 3798 1234
1173 3749 1197 3788 ot
1219 3741 1247 3800 9,
1267 3741 1307 3789 36.

137 3810 163 3857 Α.
183 3810 215 3861 67
237 3809 318 3858 outuio
335 3809 503 3871 gubernarunt.
539 3810 631 3858 Sebott.
650 3808 677 3871 ll.
689 3825 708 3857 c.
742 3802 873 3876 Δάμαρις
891 3807 936 3855 καλ
954 3804 1065 3872 Δορκάς
1082 3808 1254 3856 restituendum
1272 3808 1307 3854 vi-

138 3891 162 3938 ιι.
183 3875 252 3940 129.)
277 3884 302 3927 et
323 3876 435 3926 Neouder
458 3877 554 3938 (Gesrb.
581 3877 603 3926 d.
622 3878 709 3925 Pllnuz.
743 3876 812 3924 detur
835 3874 961 3923 Suscbliio.
1004 3875 1061 3922 Cum
1086 3875 1198 3923 lluiunrto
1223 3873 1307 3921 lacob-

140 3943 285 4006 tresel.
304 3943 371 3993 lita
391 3944 521 4007 explicant:
552 3961 631 3994 cerem
656 3961 707 3993 mo·
741 3949 816 3992 sonus
835 3958 861 3990 eu
886 3942 955 3989 rerba
980 3957 1032 3991 esse
1061 3941 1180 4002 glossema
1199 3940 1311 4002 opinatur

139 4014 281 4069 qirtrotibuo
298 4018 319 4062 et
334 4014 480 4076 principibus
499 4018 573 4061 terroe
587 4014 707 4060 veritatem
739 4013 763 4060 iu
782 4018 869 4060 textum
888 4010 1011 4058 intrusum.

141 4079 294 4131 etrirtiomm
310 4083 435 4145 proferres
453 4085 496 4128 est.
519 4080 546 4130 ll.
794 4078 821 4142 l)
841 4079 898 4126 Gen.
917 4078 940 4138 2,
958 4078 997 4126 2³.

191 4148 249 4215 Cap.
271 4148 308 4198 Vl.
346 4150 371 4210 l)
389 4147 469 4196 luuius
493 4146 530 4196 ed.
554 4148 650 4205 θείως,
676 4146 706 4194 ad
791 4147 817 4208 5)
837 4146 861 4194 Si
881 4145 938 4193 iubs
957 4143 1137 4206 Hierosolymo.
1159 4141 1204 4189 iarn
1222 4139 1306 4192 luisset

141 4230 213 4281 ung.
230 4231 311 4267 reram
329 4215 382 4266 ldsti
401 4215 455 4263 lect.
473 4211 558 4273 ὁσίως
575 4214 708 4277 adponens.
740 4213 830 4274 diruta,
849 4213 960 4261 Clemens
978 4211 1131 4259 nouissimum
1156 4215 1180 4258 et
1198 4208 1304 4260 eeborri·

189 4286 216 4350 2)
232 4286 270 4336 lta
296 4283 403 4333 editores
425 4281 484 4331 Cod.
510 4281 563 4331 lert.
593 4280 708 4338 πολλαῖς
739 4297 803 4332 mum
821 4282 868 4330 hoe
896 4279 1029 4342 exemplum
1056 4277 1092 4325 ιίιι
1114 4276 1211 4326 silentio
1232 4293 1304 4342 prue-

144 4351 247 4411 αλιίειις
266 4350 315 4401 καλ
331 4343 465 4415 βασάνοις
485 4349 650 4411 corrigendam
663 4363 708 4412 pu·
739 4350 852 4399 teriissot.
880 4344 1144 4407 Clutl'mdiscbmann,
1161 4343 1304 4397 viudie.Pe·

143 4426 227 4473 umet
266 4416 472 4471 Cooieeuven'm:
494 4416 597 4475 οἵτινες
615 4412 645 4468 ἔν
664 4415 709 4466 et·
742 4417 796 4465 tun.
816 4431 870 4479 pag.
889 4414 930 4464 54.
