2886 4882
63 4338 158 4596 5·

210 257 270 318 466
415 252 553 312 12221122
573 250 712 309 PASTOR.
740 249 839 306 utana
858 249 889 305 li.
910 247 1054 304 ΜλΝδλΤ.
1077 241 1172 316 lm)

209 432 322 494 possum
344 418 447 491 aliquid
468 425 562 490 petere
583 416 736 482 stamina,
758 423 786 471 et
806 415 939 479 obtinere,
963 430 1023 468 eum
1037 412 1086 467 sim
1104 418 1230 482 peccator
1245 417 1382 464 tantorum

208 502 342 557 malorum
365 502 392 555 in
416 499 575 554 Dominumt
597 499 657 553 Noli
680 490 745 553 boe⁴
767 498 895 569 cogitare,
917 496 967 551 sed
988 512 1021 550 ex
1043 494 1106 549 totis
1126 492 1296 564 praecordiis
1319 507 1382 547 con·

210 593 317 638 uertere
347 583 381 638 ad
410 580 561 636 Dominum.
604 581 670 636 Pete
699 581 758 635 siue
788 579 969 645 dubitatione,
997 585 1024 633 et
1055 576 1126 630 scies
1153 567 1383 630 misericordiam⁶

210 665 324 730 bomini,
346 665 421 736 quod
443 678 497 717 non
519 671 546 719 te
568 663 748 735 derelinquet
770 662 819 717 sed
841 661 997 734 petitionem
1020 659 1124 713 animae
1140 665 1200 712 tuae
1218 657 1384 728 adimplebit.

209 747 270 802 Non
294 754 336 800 est
358 747 429 802 enim
451 746 522 800 Deus
546 747 617 801 sicut
637 745 761 801 homines
778 759 913 800 memores
927 742 1099 805 iniuriarum3
1121 740 1169 794 sed
1183 747 1226 794 est
1241 741 1384 794 immernor

177 820 179 825 ’
210 828 387 895 iniuriarum,
425 836 451 884 et
480 828 626 883 miseretur
656 826 778 899 figmenti
811 818 875 880 sui.‘⁵
928 824 998 898 Ergo
1030 821 1144 895 purifica
1167 838 1216 877 cor
1245 830 1320 876 tuum
1351 822 1382 876 ab

211 909 338 966 omuibus
359 911 429 965 vitiis
452 910 531 965 buius
553 909 653 976 seculi,
677 917 704 964 et
726 910 840 965 observa
861 908 1000 981 praedicta
1022 905 1103 961 verba
1124 903 1171 959 tibi
1194 921 1209 958 a
1231 904 1286 959 neo
1313 903 1381 971 data,

210 999 238 1049 et
258 993 377 1065 accipies
400 992 489 1047 omnia
509 992 595 1058 bona,
624 1007 695 1063 quae
724 992 808 1063 petis,
837 998 864 1045 et
893 982 935 1045 εἰ
971 988 1095 1044 omnibus
1123 987 1300 1059 petitionibus
1331 988 1382 1041 tuis

210 1074 278 1130 nibil
318 1075 406 1130 deerit
434 1074 498 1141 tibi,
526 1075 550 1129 si
578 1074 637 1130 siue
665 1072 834 1128 dubitatione
865 1072 977 1144 petieris
1005 1088 1019 1126 a
1050 1062 1186 1125 Domino⁸
1236 1070 1286 1136 Qui
1316 1085 1383 1141 ergo

209 1156 277 1212 tales
300 1172 353 1210 uon
375 1163 446 1222 sunt,
468 1157 578 1211 omnino
601 1155 668 1210 nibil
698 1155 843 1227 impetrant
864 1170 975 1219 eorum,
996 1169 1065 1225 quae
1088 1144 1204 1225 petunt⁹
1247 1152 1314 1207 Nam
1338 1153 1383 1223 qui

209 1237 284 1309 pieni
306 1245 370 1292 sunt
392 1229 477 1302 dde,¹⁰
500 1238 590 1293 omnia
613 1245 707 1308 petunt
728 1237 851 1302 sidentes,
875 1244 900 1290 et
914 1237 1078 1308 accipiunto
1094 1235 1215 1301 Doruino,
1238 1236 1300 1306 quia
1324 1235 1382 1289 sine

211 1318 378 1374 dubitatione
399 1327 502 1392 petunt.
544 1320 636 1375 Omnis
658 1320 729 1374 enim
761 1317 887 1373 dubitans
911 1319 1006 1383 bomo,
1035 1319 1058 1371 si
1086 1310 1162 1372 non¹¹
1190 1317 1383 1389 poenitentiam

210 1402 307 1473 egerit,
329 1400 440 1457 difficile
463 1402 518 1457 Deo
538 1403 616 1457 vivet.
658 1395 798 1457 *Pierides
823 1417 890 1472 ergo
919 1416 968 1455 cor
996 1408 1070 1455 tuum
1099 1416 1114 1453 a
1144 1399 1327 1468 dubitatione,
1357 1408 1385 1455 et

210 1483 291 1538 induc
314 1483 404 1551 iidem,
428 1493 455 1540 et
475 1485 558 1540 crede
578 1485 648 1551 lieo;
677 1491 704 1539 et
733 1483 837 1549 omnia,
870 1499 939 1554 quae
960 1483 1089 1554 petieris,
1111 1483 1239 1553 accipies.
1281 1481 1337 1536 Sed
1360 1483 1381 1537 si

209 1574 286 1638 petas
308 1566 455 1638 aliquando
478 1567 652 1639 petitionem,
675 1574 704 1621 et
729 1582 783 1621 uon
816 1565 948 1637 accipias,
980 1564 1036 1620 noli
1066 1563 1202 1631 dubitare,
1235 1565 1299 1636 quia
1329 1580 1383 1620 uon

209 1639 290 1702 eito¹'
319 1650 458 1721 acceperis
486 1649 643 1721 petitionem
670 1649 774 1703 animae
801 1656 870 1703 tuae.
919 1645 1042 1701 Forsitan
1079 1647 1150 1701 euim
1180 1655 1293 1720 propter
1317 1655 1383 1702 tem·

210 1730 370 1801 ptatiouem‚
392 1739 438 1786 aut
458 1747 509 1803 pro
531 1739 645 1803 peceato
668 1738 725 1798 tuo,
747 1730 821 1801 quod
846 1737 875 1784 tu
896 1729 1016 1802 ignoras,
1040 1728 1143 1785 tardius
1153 1720 1294 1803 accipies¹³
1316 1730 1383 1801 peti·

209 1810 312 1866 tionem
335 1819 416 1868 tuam.
459 1812 515 1867 Sed
535 1819 565 1867 tn
586 1812 641 1867 noli
664 1813 788 1868 desinere
811 1811 929 1885 petendo
950 1812 1106 1884 petitionem
1128 1812 1232 1867 animae
1256 1819 1334 1879 tuae,
1356 1821 1384 1867 et

209 1892 337 1963 accipies.
379 1893 409 1947 Si
429 1901 519 1948 autem
542 1886 714 1949 cessaveris¹⁴
735 1894 869 1966 petendo,
900 1893 933 1949 de
955 1901 981 1949 tc
1011 1895 1148 1966 queraris,
1171 1906 1225 1949 non
1254 1894 1287 1948 de
1318 1895 1382 1961 Deo,

210 1972 285 2043 qnod
306 1989 361 2028 non
383 1974 489 2030 dederit
509 1974 567 2030 tibi.
611 1975 675 2030 Vide
697 1991 764 2048 ergo
788 1975 981 2031 dubitationem
1003 1977 1081 2044 banc,
1101 1968 1203 2048 quam¹⁶
1224 1976 1382 2048 perniciosa

209 2055 246 2108 sit
266 2063 294 2109 et
315 2071 402 2123 saeva,
425 2064 452 2111 et
473 2056 571 2112 multos
593 2057 722 2112 radicitus
753 2057 885 2113 evedata
914 2057 982 2126 tide,
1016 2060 1095 2114 ctiam
1125 2058 1200 2113 vaide
1230 2056 1327 2113 tidcles
1358 2067 1385 2113 et

211 2132 315 2191 firmos.
358 2137 464 2193 Etenim
487 2139 553 2194 baec
577 2137 708 2194 dubitatio
731 2138 785 2194 titia
815 2148 856 2195 est
879 2138 994 2208 diaboli,
1018 2149 1044 2196 et
1071 2139 1145 2194 valde
1174 2141 1300 2211 nequiter
1328 2143 1385 2213 agit

211 2232 272 2272 cum
294 2213 403 2276 servis¹⁶
426 2220 481 2276 bei.
516 2219 710 2294 †Contcmpne
726 2238 792 2295 ergo
809 2222 1019 2289 dubitationem3
1041 2230 1068 2277 et
1089 2222 1271 2278 dominaberis
1287 2216 1383 2278 illius¹⁷

208 2321 288 2404 παρὰ
309 2332 361 2388 τοῦ
389 2328 493 2406 κυρίου
522 2328 598 2406 [καὶ]
628 2331 740 2408 λαβεῖν,
773 2325 946 2411 ἡμαρτηκὼς
972 2335 1098 2392 τοσαῦτα
1129 2331 1169 2402 εἰς
1191 2326 1296 2405 αὐτόν,
1322 2327 1380 2409 Μὴ

209 2408 373 2489 διαλογίζου
393 2416 492 2488 ταῦτα,
514 2407 579 2472 ἄλλ’
603 2410 633 2486 ἐξ
658 2409 729 2491 ὅλης
749 2415 872 2492 καρδίας
894 2432 948 2474 σαυ
970 2413 1143 2492 ἰττίστρεψον
1164 2410 1238 2488 πρὸς
1267 2407 1380 2493 κῦριον,

207 2489 259 2552 καί
280 2493 363 2555 αἰτοῦ
389 2491 461 2575 παρ’
495 2490 586 2556 αὐτοῦ
608 2491 801 2572 άδιστάκτως,
830 2496 879 2558 καὶ
900 2493 998 2581 μνώση
1019 2493 1073 2575 τὴν
1093 2497 1379 2577 ττολυευσττλαγχνίαν

210 2569 313 2654 αὐτοῦ,
335 2573 381 2638 ὅτι
402 2573 438 2638 οῦ
459 2575 500 2656 μή
511 2596 542 2638 σε
555 2577 752 2665 ἐγκαταλείπῃ,
774 2575 846 2641 ἄλλά
867 2574 899 2641 τδ
918 2580 1024 2658 αἰτημα
1045 2584 1096 2658 τῆς
1116 2585 1215 2658 ψυχῆς
1235 2599 1288 2641 σου
1310 2586 1379 2658 κλη-

227 2653 375 2737 οφορήσει.
421 2655 485 2721 Οῦκ
506 2659 564 2722 ἔστι
591 2657 628 2742 γά
675 2658 692 2723 ὁ
724 2658 798 2734 Θεὸς
824 2658 865 2734 ὦς
892 2661 923 2723 οἱ
948 2657 1009 2724 dvo
1027 2685 1101 2724 ωττοι
1128 2668 1377 2741 μνησικακοῦντες,

206 2677 272 2799 άλλῖ
299 2737 389 2812 αὐτὸς
409 2736 606 2819 άμυησίκακός
627 2685 685 2804 ίστι
706 2744 755 2806 καλ
776 2745 989 2847 σκλαμρνίζεται
1008 2687 1056 2808 ἰαὶ
1076 2741 1259 2825 τὴνκοίησιν
1279 2743 1378 2808 αὐτοῦ.

208 2815 256 2879 ab
277 2811 331 2882 οῦν
352 2820 516 2902 καθάρισον
536 2820 590 2903 τὴν
608 2827 732 2905 καρδίαν
753 2845 806 2889 σου
828 2825 886 2889 άττο
908 2825 1025 2890 πάντων
1044 2833 1103 2889 τῶν
1118 2831 1248 2905 ματαίων
1260 2826 1378 2910 τούτων,

207 2900 258 3001 καί
283 2909 341 2966 τῶν
367 2905 584 2988 προειρημένων
604 2925 651 2968 σοι
671 2905 823 2987 ῥημάτων,
843 2910 893 2972 καὶ
914 2912 998 2973 αἰτοῦ
1016 2907 1095 2993 παρὰ
1116 2915 1168 2973 τοῦ
1189 2914 1308 2993 κυρίου,
1330 2911 1379 2973 καὶ

207 2984 302 3071 ληψη,
324 2987 374 3049 καί
393 2985 451 3052 άττὸ
471 2986 589 3053 πάντων
608 2995 666 3052 τῶν
688 2989 852 3071 αἰτημάτων
872 3013 926 3056 σου
948 2991 1101 3075 άστίρητος
1138 2995 1204 3079 ἕση,
1241 2992 1293 3057 ἐὰν
1318 2992 1377 3056 άδι

206 3064 334 3168 σξάκτως
355 3068 488 3151 αἰτήσεις.
528 3069 601 3134 Ἐάν
632 3071 664 3134 δὲ
685 3072 820 3154 διστάσης
841 3075 872 3137 ἰν
890 3082 927 3160 τῇ
947 3079 1053 3162 καρδίμ
1075 3096 1145 3151 σου,
1166 3074 1253 3140 οῦδὲν
1282 3076 1318 3140 οῦ
1339 3076 1377 3158 μὴ

206 3153 289 3234 ληψη
310 3157 369 3214 τῶν
395 3154 560 3233 αἰτημάτων
587 3175 650 3222 σου,
696 3157 736 3217 Οἱ
759 3138 814 3240 γάρ
843 3158 1019 3234 διστάζοντες
1046 3163 1087 3233 εἰς
1107 3157 1159 3222 τὸν
1182 3158 1274 3244 Θεὸν,
1297 3153 1379 3224 οὗτοί

207 3230 280 3293 εἰσιν
299 3230 338 3333 ὥς
360 3235 488 3316 δίψυχοι,
510 3238 559 3299 καλ
580 3233 666 3299 οὐδὲν
692 3236 767 3314 ὅλως
793 3238 972 3343 λαμβάνουσι
1000 3249 1058 3305 τῶν
1085 3241 1250 3323 αἰτημάτων
1271 3244 1376 3307 αὐτῶν.

204 3311 295 3416 Οίδὲ
316 3321 456 3390 ολοτελεῖς
484 3315 565 3392 ὅντες
594 3320 626 3381 ἐν
642 3326 678 3382 τ’
699 3325 793 3386 πίστει
812 3350 907 3386 καντα
934 3328 1098 3400 αἰτοῦνται,
1128 3324 1305 3402 πεποιθότες
1331 3329 1376 3390 ἐπὶ

204 3416 259 3497 τον
268 3392 352 3502 Θεδμ,
361 3399 412 3462 καί
428 3398 634 3482 λαμβάνουσιν,
649 3428 695 3467 οτι
710 3403 888 3482 άδιστάκτως
900 3411 1057 3482 αἰτοῦνται,
1071 3409 1161 3488 μηδὲν
1176 3413 1377 3490 διψυχοῦντες.

206 3479 275 3552 Πας
302 3506 356 3564 γαρ
386 3484 511 3566 δίψυχος
541 3483 633 3568 ἀνὴρ,
662 3484 713 3550 ἰὰν
742 3487 781 3570 μὴ
810 3489 993 3573 μετανοήσει,
1023 3488 1171 3566 δυσκόλως
1204 3491 1377 3574 σωθήσεται.

207 3654 415 3671 Μ-

256 3761 283 3822 4)
301 3762 341 3839 λοο
360 3778 406 3814 orn.
424 3767 475 3817 Vat.
808 3781 862 3822 sieut
880 3776 905 3822 in
923 3776 968 3834 fide
983 3778 1059 3824 osonio
1076 3781 1156 3837 petant
1172 3776 1270 3834 fidentes
1284 3790 1315 3824 ex
1328 3781 1375 3824 toto

238 3827 282 3905 .⁵)
301 3839 397 3908 quiete
418 3848 464 3882 noa
482 3849 506 3897 p.
526 3839 590 3900 quod
608 3853 656 3887 ooo
674 3845 695 3887 tc
713 3838 771 3896 Vaut,
806 3841 866 3888 nidd
883 3843 990 3903 impetrat
1007 3858 1038 3890 ee
1052 3843 1210 3904 petitionibus
1229 3845 1288 3890 suis.

205 3893 260 3943 dein
280 3896 378 3957 sepiebat
397 3913 421 3961 p.
441 3902 584 3964 adimplebit.
861 3908 902 3969 id)
920 3909 946 3954 in
962 3909 1006 3967 fide
1027 3908 1075 3956 Vnt.

255 3960 282 4021 6)
302 3977 411 4012 memores
434 3969 558 4028 motorum,
585 3973 626 4018 sed
653 3974 771 4020 immemor
859 3973 900 4035 11)
919 3977 968 4021 sirie
987 3989 1011 4037 p.
1030 3976 1050 4023 si
1068 3990 1112 4024 noo
1128 3974 1178 4023 Vat.

203 4028 317 4078 mierum
334 4037 355 4078 et
373 4034 496 4082 miseretur
511 4036 619 4095 pomereto
639 4054 683 4087 ceo
703 4039 752 4086 Vat.
859 4040 900 4103 tt)
918 4042 980 4103 ηυοδ
997 4043 1043 4090 cito
1061 4056 1109 4089 non
1127 4042 1177 4090 ἰαί.

255 4095 282 4159 λ)
300 4103 321 4144 ct
340 4099 368 4145 ob
387 4112 410 4160 p.
429 4114 459 4146 ετ
477 4099 527 4149 tat.
547 4099 767 4161 ercumbam.
856 4107 885 4155 13
919 4109 1022 4170 occipias
1042 4107 1091 4156 Vnt

201 4155 243 4218 at,
262 4162 302 4210 22
340 4163 437 4214 Graecis
460 4166 536 4226 magis
559 4171 669 4218 contenit
688 4171 767 4219 versio
855 4174 885 4223 tt
916 4174 1064 4222 cessaveritis
1083 4174 1141 4233 Vat,
1162 4175 1248 4223 deinde
1266 4179 1374 4238 quereris

202 4218 299 4274 Codicis
315 4229 364 4277 rat.
800 4253 825 4300 p.
843 4242 960 4302 queraris.

252 4291 281 4355 8)
299 4296 340 4344 deo
357 4297 406 4346 Vnt.
853 4306 895 4368 15)
917 4309 973 4369 quin
986 4308 1045 4366 vat,
1061 4307 1102 4356 ubi
1120 4314 1154 4356 cst
1172 4314 1193 4355 et
1215 4309 1247 4356 sit
1260 4323 1285 4370 p.
1297 4311 1330 4358 ait
1343 4315 1374 4368 et,

252 4357 279 4420 9)
297 4359 404 4423 Langnet
421 4364 470 4414 Vat.
501 4364 544 4419 dui
563 4379 616 4428 erpo
638 4368 699 4417 teies
718 4380 765 4418 noo
799 4370 856 4421 dein
874 4378 896 4421 et
913 4387 938 4434 p.
955 4375 1034 4422 eticae
1360 4423 1362 4426 ,
