2886 4882
303 238 433 301 lflfldssl
452 240 618 301 BPlSl'Obh
640 245 683 301 tlt
705 243 919 303 bisuntinos,
940 240 983 302 Vl.
1002 240 1060 302 Vll.
1078 242 1147 303 illl.
1249 239 1309 304 159

130 406 179 463 lsti
208 408 293 464 etiam
322 409 435 466 venenis
456 410 514 466 suis
535 409 623 467 lesum
644 411 780 469 Christum
802 414 932 480 miscent,
963 411 1122 487 loquentes,
1153 430 1222 488 quae
1254 411 1308 470 lide

130 499 197 546 sunt
219 492 346 565 indigum
377 493 473 549 similis
496 493 544 562 iis,
566 495 613 568 qui
635 494 807 553 mortiferum
834 495 1010 570 pharmacum
1040 513 1100 552 cum
1127 499 1189 553 vino
1216 496 1307 553 mulso

129 574 205 644 dant,
229 575 307 648 quod
329 576 375 649 qui
397 576 513 650 ignorat,
536 576 660 646 libenter,
684 580 711 635 in
733 580 868 654 voluptate
891 579 971 635 noxia
991 587 1116 650 mortem,
1138 581 1246 654 accipit

130 758 231 826 aliena,
253 775 322 832 quae
345 768 389 817 est
411 762 542 818 haeresis.
565 762 601 818 lte
625 763 770 819 occasione
792 762 882 818 obiter
902 761 1042 837 implicant
1058 761 1148 818 lesum
1162 761 1306 832 Christum,

130 841 237 914 quibus
259 842 375 916 dignitas
398 843 478 901 hdem
501 844 635 912 conciliat,
659 847 736 918 quasi
759 845 838 902 letale
859 862 991 902 venenum
1014 845 1108 902 dantes
1132 861 1192 900 cum
1209 844 1307 915 mulso,

130 925 209 997 quod
230 926 342 1000 ignarus
364 926 451 984 libens
474 927 616 1002 laetusque
639 930 752 1001 accipit,
774 937 854 1002 atque
874 929 920 986 bio
938 945 1013 986 mors
1035 927 1136 986 subest

456 1109 507 1168 vtt.
551 1115 688 1170 Custodite
709 1131 757 1170 cos
779 1115 814 1170 ab
835 1113 989 1170 haereticis.

217 1242 360 1300 Atalibus
383 1245 464 1318 igitur
492 1262 540 1300 vos
563 1247 705 1302 custodite.
747 1246 804 1302 lloc
829 1255 917 1301 autem
942 1246 1005 1313 het,
1030 1246 1051 1300 si
1075 1261 1125 1301 nec
1148 1245 1233 1301 inllati
1256 1262 1306 1303 uec

131 1310 348 1383 andsi‘lueritis
371 1345 385 1384 a
405 1328 460 1384 lieo
482 1328 544 1384 lesu
562 1330 670 1386 Christo
693 1338 719 1386 et
740 1330 872 1403 episcopo
894 1338 921 1384 et
942 1329 1096 1402 praeceptis
1107 1328 1307 1403 Apostolorum.

131 1407 182 1474 Qui
206 1408 279 1464 intra
298 1407 381 1467 altare
403 1419 453 1479 est,
475 1412 592 1468 mundus
611 1421 653 1469 cst
677 1407 733 1486 [qui
755 1430 819 1468 vero
842 1420 916 1468 extra
936 1421 992 1479 cst,
1021 1429 1075 1466 uon
1098 1420 1140 1467 est
1161 1405 1307 1485 mundus];

87 1496 93 1507 “
132 1490 187 1547 boc
217 1499 273 1562 ost,
305 1494 352 1566 qui
382 1495 440 1552 sine
462 1495 593 1569 episcopo
616 1505 643 1552 et
664 1494 839 1570 presbyterio
870 1504 897 1551 et
926 1495 1047 1552 diaconis
1078 1495 1216 1569 quidpiam
1243 1497 1307 1570 agit,

130 1574 153 1629 is
175 1590 233 1631 non
255 1584 299 1632 est
318 1577 435 1634 muudus
456 1579 484 1634 in
506 1580 680 1637 conscientia

216 1751 301 1814 'Vll
344 1760 439 1818 Cavete
460 1763 543 1835 igitur
564 1763 640 1821 tales.
685 1763 763 1832 Quod
785 1762 892 1835 quidem
915 1762 1028 1830 iacietis,
1053 1764 1146 1819 sinon
1165 1762 1306 1833 intlemini,

131 1849 159 1897 et
188 1842 407 1916 inseparabiliter
439 1845 608 1903 adhaereatis
630 1847 685 1902 beo
707 1846 767 1903 lesu
790 1844 896 1902 Christo
926 1854 954 1902 et
975 1845 1112 1921 Episcopo
1140 1856 1167 1902 et
1195 1864 1304 1922 praece·

131 1925 185 1998 ptis
208 1926 408 1999 Apostolorum.
451 1929 500 1997 Qui
524 1930 593 1986 intra
616 1930 700 1986 altare
723 1937 779 1999 est,
803 1929 920 1986 mundus
943 1938 1001 1998 est,
1024 1930 1151 1998 honest,
1178 1931 1305 2004 quisine

130 2006 270 2082 Episcopo
292 2018 319 2067 et
340 2011 516 2086 Presbyterio
537 2021 565 2068 ει
585 2012 704 2071 Diaccno
728 2012 832 2088 aliquid
853 2014 933 2082 lacit,
956 2012 1000 2070 hic
1021 2029 1191 2088 nequaquam
1221 2029 1306 2088 purus

131 2098 174 2146 est
198 2093 376 2151 conscicntia.

131 2298 199 2356 vttt.
221 2298 326 2359 Contra
347 2305 453 2361 dioboli
472 2306 591 2362 insidias
612 2306 779 2362 muniamini
800 2305 1020 2369 mansuetudine,
1043 2304 1098 2376 pide
1122 2312 1146 2360 et
1163 2303 1306 2361 charitats.

216 2433 275 2491 Non
298 2436 370 2509 quod
393 2437 513 2493 noverim
535 2438 586 2494 tale
607 2438 673 2513 quid
692 2438 830 2504 intervos,
853 2434 1040 2502 haecscrib03
1063 2434 1112 2490 sed
1133 2435 1305 2507 praemunire

131 2516 193 2573 volo
215 2533 278 2586 uos,
306 2527 336 2574 ut
356 2517 428 2575 filios
456 2536 533 2576 nicos
556 2521 750 2589 charissimos,
773 2519 945 2593 prospiciens
968 2517 1079 2573 iusidias
1101 2514 1210 2571 diaboii.
1252 2515 1305 2571 Vos

132 2601 233 2674 itaque,
254 2601 488 2658 mansuetudinem
511 2614 689 2673 assumentes,
711 2611 869 2676 regenerato
893 2601 1088 2672 vosmetipsos
1110 2600 1136 2654 in
1152 2597 1213 2665 fide,
1236 2613 1305 2670 quae

132 2690 175 2739 est
195 2700 260 2740 caro
282 2684 401 2752 Domini,
424 2694 450 2741 ει
472 2687 499 2742 iu
521 2688 666 2756 charitate,
696 2704 764 2762 cquae
789 2694 832 2742 est
853 2685 963 2758 sanguis
986 2683 1048 2739 lesu
1071 2683 1177 2738 Christi.
1220 2681 1304 2738 Nemo

131 2775 251 2822 uestrum
271 2766 401 2824 adversus
423 2771 575 2842 proximum
599 2772 744 2845 quidquam
766 2769 870 2826 babeat.
903 2767 940 2822 Nc
964 2783 1055 2823 ausam
1079 2766 1146 2821 dctis
1169 2763 1304 2838 gentibus,

131 2867 166 2905 ne
188 2859 302 2924 propter
323 2867 424 2925 paucos
447 2853 608 2926 insipientes
631 2854 783 2922 multitudo,
807 2870 876 2927 quae
898 2859 941 2907 cst
962 2852 989 2906 iu
1011 2850 1075 2918 Deo,
1095 2848 1306 2922 blasphemetur.

130 2932 203 3000 ,Vae
225 2934 295 2990 enim
318 2936 359 3003 ci,
389 2952 541 3008 perquem
564 2938 589 2992 in
612 2939 727 2994 vanitate
750 2954 848 2994 nomen
877 2950 967 2991 meum
997 2933 1069 3008 apud
1099 2931 1205 3005 aliquos
1235 2930 1305 2987 blas·

130 3015 295 3088 phematur.‘

215 3192 301 3256 *Vlll
331 3201 389 3258 Non
413 3203 488 3275 quod
510 3204 633 3275 agnorim
655 3203 707 3260 tale
730 3205 794 3276 quid
817 3203 843 3258 in
861 3201 945 3269 vobis,
961 3201 1009 3257 sed
1027 3208 1057 3256 ut
1073 3214 1244 3272 praesentem
1256 3215 1304 3257 vos

130 3283 197 3339 mihi
227 3282 355 3352 dilectos,
385 3285 545 3359 praevidens
576 3286 687 3342 insidias
717 3286 825 3342 diaboli.
869 3285 921 3341 Vos
951 3285 1040 3357 itaque
1070 3284 1305 3340 mansuetudinem

131 3375 317 3435 assumentes,
347 3366 451 3424 reticita
480 3369 661 3440 vosmetipsos
683 3369 709 3424 in
743 3369 810 3438 lide,
834 3385 902 3441 quae
926 3375 968 3424 est
990 3383 1053 3422 caro
1076 3362 1197 3433 Domini,
1220 3374 1249 3422 ει
1277 3367 1305 3423 in

131 3449 291 3518 dilectione,
322 3468 390 3524 quae
421 3459 465 3507 cst
493 3453 604 3524 sanguis
626 3451 687 3507 lesu
710 3452 818 3511 Christi.
862 3452 946 3508 Nemo
976 3456 1095 3506 vestrum
1121 3457 1216 3504 contra
1243 3464 1305 3523 pro·

130 3534 230 3588 simum
261 3533 408 3607 quidquam
431 3534 536 3590 habeat.
579 3533 667 3589 Nolite
690 3537 848 3592 occasiones
871 3535 935 3592 dare
967 3531 1108 3606 gentibus,
1133 3539 1163 3587 ut
1192 3539 1305 3606 propter

130 3631 234 3689 paucos
248 3615 408 3689 insipientes
431 3616 574 3673 multitudo
598 3617 623 3672 in
647 3615 701 3673 [teo
725 3619 870 3676 coniuncta
891 3616 1103 3690 blasphemetur.
1147 3613 1210 3682 ,Vae
1233 3615 1305 3671 enim

130 3695 184 3764 illi,
213 3714 263 3771 per
294 3716 374 3772 quem
402 3708 515 3776 propter
544 3700 687 3757 vanitatem
716 3717 816 3758 nomeu
842 3717 930 3758 meum
957 3698 991 3756 ab
1018 3697 1154 3771 aliquibus
1180 3696 1305 3772 blaspbe-

129 3778 236 3838 matur.‘

131 4091 192 4127 man.
215 4093 264 4128 ser.
291 4076 456 4141 suprascripta
481 4083 589 4141 apparet.
631 4077 702 4127 Deest
737 4077 835 4141 scripsit
870 4078 996 4143 πλησίον.
1042 4077 1083 4127 Sic
1116 4084 1175 4127 teste
1209 4089 1305 4140 quoquo

130 4143 177 4193 καὶ
194 4144 218 4194 in
236 4144 275 4194 ed.
293 4143 417 4208 prinoipe3
440 4144 576 4194 addendum
604 4144 628 4193 id
646 4159 699 4194 esse
738 4144 921 4194 Tischendortlo
947 4146 971 4195 in
989 4146 1031 4195 lis.
1051 4143 1158 4195 Mediceo
1184 4150 1304 4193 exaratum

129 4213 169 4270 (ax
187 4211 314 4275 interpol.)
338 4213 385 4260 iam
412 4220 494 4260 monet
512 4210 564 4261 Cot.
581 4210 605 4260 in
626 4225 700 4274 marg.
735 4220 778 4262 est.
813 4211 861 4262 Cir.
880 4214 960 4263 llattb.
979 4213 1002 4271 5,
1015 4211 1055 4261 2³.
1091 4209 1198 4260 Subinde
1217 4226 1244 4260 τι
1261 4209 1305 4260 sd-

130 4277 178 4327 Ctr.
198 4279 228 4329 ad
246 4279 306 4343 pr.
329 4296 348 4328 c.
370 4280 422 4339 tt.;
440 4278 470 4328 ad
489 4280 583 4343 Smym.
603 4295 622 4327 c.
643 4280 666 4328 o.
736 4280 800 4330 ditur
819 4279 1075 4329 intrintilianum.
1094 4276 1179 4338 llupel.

182 4349 211 4411 b)
229 4346 330 4397 llestitui
359 4346 479 4411 πλησίου
508 4362 528 4396 c.
555 4345 586 4407 C,
615 4346 700 4396 vossio
786 4347 813 4410 6)
828 4346 1038 4416 βλασφημεῖται
1056 4342 1113 4392 CL.

128 4421 154 4464 et
171 4413 235 4479 rqu.
256 4413 323 4465 editt
340 4429 417 4481 usquo
433 4412 464 4464 sd
475 4413 642 4477 incohandum,
660 4415 701 4479 qui
786 4415 813 4480 t)
831 4414 885 4463 lsai.
903 4415 944 4475 52,
957 4415 981 4465 b.
