<?xml version="1.0" encoding="UTF-8"?>
<!DOCTYPE html PUBLIC "-//W3C//DTD XHTML 1.0 Transitional//EN"
    "http://www.w3.org/TR/xhtml1/DTD/xhtml1-transitional.dtd">
<html xmlns="http://www.w3.org/1999/xhtml" xml:lang="en" lang="en">
 <head>
  <title>
</title>
<meta http-equiv="Content-Type" content="text/html;charset=utf-8" />
  <meta name='ocr-system' content='tesseract 3.04.00' />
  <meta name='ocr-capabilities' content='ocr_page ocr_carea ocr_par ocr_line ocrx_word'/>
</head>
<body>
  <div class='ocr_page' id='page_1' title='image "./patrumapostolic00polygoog/patrumapostolic00polygoog_0552.png"; bbox 0 0 2886 4882; ppageno 0'>
   <div class='ocr_carea' id='block_1_1' title="bbox 328 246 1302 322">
    <p class='ocr_par' dir='ltr' id='par_1_1' title="bbox 328 246 1302 322">
     <span class='ocr_line' id='line_1_1' title="bbox 328 246 1302 322; baseline 0.001 -15"><span class='ocrx_word' id='word_1_1' title='bbox 328 249 621 308; x_wconf 70' lang='lat' dir='ltr'>neumasensium</span> <span class='ocrx_word' id='word_1_2' title='bbox 666 250 762 306; x_wconf 83' lang='lat' dir='ltr'>bllllill</span> <span class='ocrx_word' id='word_1_3' title='bbox 784 248 827 305; x_wconf 90' lang='lat' dir='ltr'>lll.</span> <span class='ocrx_word' id='word_1_4' title='bbox 869 249 1003 310; x_wconf 76' lang='lat' dir='ltr'>Sllllbl&#39;l&#39;.</span> <span class='ocrx_word' id='word_1_5' title='bbox 1025 251 1056 311; x_wconf 74' lang='lat' dir='ltr'>Y.</span> <span class='ocrx_word' id='word_1_6' title='bbox 1078 246 1123 322; x_wconf 83' lang='grc'><strong>(11)</strong></span> <span class='ocrx_word' id='word_1_7' title='bbox 1244 246 1302 309; x_wconf 81' lang='grc'>491</span> 
     </span>
    </p>
   </div>
   <div class='ocr_carea' id='block_1_2' title="bbox 134 415 1308 1481">
    <p class='ocr_par' dir='ltr' id='par_1_2' title="bbox 134 415 1308 1481">
     <span class='ocr_line' id='line_1_2' title="bbox 135 415 1308 485; baseline 0.001 -12"><span class='ocrx_word' id='word_1_8' title='bbox 135 417 212 485; x_wconf 77' lang='lat' dir='ltr'>Quod</span> <span class='ocrx_word' id='word_1_9' title='bbox 234 423 274 472; x_wconf 91' lang='lat' dir='ltr'>est</span> <span class='ocrx_word' id='word_1_10' title='bbox 297 424 384 472; x_wconf 88' lang='lat' dir='ltr'>autem</span> <span class='ocrx_word' id='word_1_11' title='bbox 407 416 535 472; x_wconf 89' lang='lat' dir='ltr'>ieiunium</span> <span class='ocrx_word' id='word_1_12' title='bbox 558 416 648 472; x_wconf 84' lang='lat' dir='ltr'>istudl</span> <span class='ocrx_word' id='word_1_13' title='bbox 681 415 712 471; x_wconf 85' lang='lat' dir='ltr'>Et</span> <span class='ocrx_word' id='word_1_14' title='bbox 734 416 788 472; x_wconf 91' lang='lat' dir='ltr'>dixi</span> <span class='ocrx_word' id='word_1_15' title='bbox 811 416 849 472; x_wconf 91' lang='lat' dir='ltr'>ei:</span> <span class='ocrx_word' id='word_1_16' title='bbox 882 417 952 472; x_wconf 89' lang='lat' dir='ltr'>sicut</span> <span class='ocrx_word' id='word_1_17' title='bbox 972 415 1102 483; x_wconf 76' lang='lat' dir='ltr'>solebam,</span> <span class='ocrx_word' id='word_1_18' title='bbox 1125 417 1242 485; x_wconf 90' lang='lat' dir='ltr'>domine,</span> <span class='ocrx_word' id='word_1_19' title='bbox 1265 418 1308 475; x_wconf 84' lang='lat' dir='ltr'>sie</span> 
     </span>
     <span class='ocr_line' id='line_1_3' title="bbox 135 499 1308 572; baseline 0.003 -17"><span class='ocrx_word' id='word_1_20' title='bbox 135 501 234 556; x_wconf 89' lang='lat' dir='ltr'>ieiuno.</span> <span class='ocrx_word' id='word_1_21' title='bbox 276 499 409 562; x_wconf 85' lang='lat' dir='ltr'>Nescitis,</span> <span class='ocrx_word' id='word_1_22' title='bbox 432 500 533 571; x_wconf 88' lang='lat' dir='ltr'>inquit,</span> <span class='ocrx_word' id='word_1_23' title='bbox 556 500 611 554; x_wconf 80' lang='lat' dir='ltr'>lieo</span> <span class='ocrx_word' id='word_1_24' title='bbox 634 499 763 555; x_wconf 89' lang='lat' dir='ltr'>ieiunare.</span> <span class='ocrx_word' id='word_1_25' title='bbox 806 500 864 555; x_wconf 94' lang='lat' dir='ltr'>lloc</span> <span class='ocrx_word' id='word_1_26' title='bbox 886 501 957 555; x_wconf 88' lang='lat' dir='ltr'>enim</span> <span class='ocrx_word' id='word_1_27' title='bbox 989 499 1130 566; x_wconf 90' lang='lat' dir='ltr'>ieiunium,</span> <span class='ocrx_word' id='word_1_28' title='bbox 1160 502 1233 572; x_wconf 88' lang='lat' dir='ltr'>quod</span> <span class='ocrx_word' id='word_1_29' title='bbox 1256 516 1308 559; x_wconf 79' lang='lat' dir='ltr'>soe</span> 
     </span>
     <span class='ocr_line' id='line_1_4' title="bbox 134 581 1305 654; baseline 0.002 -16"><span class='ocrx_word' id='word_1_30' title='bbox 134 583 233 648; x_wconf 87' lang='lat' dir='ltr'>facitis,</span> <span class='ocrx_word' id='word_1_31' title='bbox 257 582 324 636; x_wconf 86' lang='lat' dir='ltr'>nilril</span> <span class='ocrx_word' id='word_1_32' title='bbox 346 581 462 653; x_wconf 83' lang='lat' dir='ltr'>proiicit.</span> <span class='ocrx_word' id='word_1_33' title='bbox 495 583 592 649; x_wconf 78' lang='lat' dir='ltr'>Quare,</span> <span class='ocrx_word' id='word_1_34' title='bbox 616 583 732 654; x_wconf 88' lang='lat' dir='ltr'>inquam,</span> <span class='ocrx_word' id='word_1_35' title='bbox 756 583 874 649; x_wconf 90' lang='lat' dir='ltr'>domine,</span> <span class='ocrx_word' id='word_1_36' title='bbox 891 582 957 637; x_wconf 90' lang='lat' dir='ltr'>haec</span> <span class='ocrx_word' id='word_1_37' title='bbox 973 581 1062 638; x_wconf 82' lang='lat' dir='ltr'>dicis&#39;l</span> <span class='ocrx_word' id='word_1_38' title='bbox 1085 582 1116 636; x_wconf 86' lang='lat' dir='ltr'>m</span> <span class='ocrx_word' id='word_1_39' title='bbox 1138 581 1204 638; x_wconf 82' lang='lat' dir='ltr'>dixit</span> <span class='ocrx_word' id='word_1_40' title='bbox 1223 584 1305 640; x_wconf 72' lang='lat' dir='ltr'>mihis</span> 
     </span>
     <span class='ocr_line' id='line_1_5' title="bbox 135 663 1306 736; baseline 0.001 -15"><span class='ocrx_word' id='word_1_41' title='bbox 135 683 190 721; x_wconf 90' lang='lat' dir='ltr'>non</span> <span class='ocrx_word' id='word_1_42' title='bbox 213 672 256 720; x_wconf 89' lang='lat' dir='ltr'>est</span> <span class='ocrx_word' id='word_1_43' title='bbox 278 665 330 718; x_wconf 85' lang='lat' dir='ltr'>lxoe</span> <span class='ocrx_word' id='word_1_44' title='bbox 352 664 494 730; x_wconf 89' lang='lat' dir='ltr'>ieiunium,</span> <span class='ocrx_word' id='word_1_45' title='bbox 519 665 591 736; x_wconf 93' lang='lat' dir='ltr'>quod</span> <span class='ocrx_word' id='word_1_46' title='bbox 615 681 663 720; x_wconf 88' lang='lat' dir='ltr'>vos</span> <span class='ocrx_word' id='word_1_47' title='bbox 692 665 791 736; x_wconf 86' lang='lat' dir='ltr'>putatis</span> <span class='ocrx_word' id='word_1_48' title='bbox 812 664 942 720; x_wconf 86' lang='lat' dir='ltr'>ieiunare.</span> <span class='ocrx_word' id='word_1_49' title='bbox 985 663 1038 719; x_wconf 91' lang='lat' dir='ltr'>Sed</span> <span class='ocrx_word' id='word_1_50' title='bbox 1061 681 1112 734; x_wconf 70' lang='lat' dir='ltr'>eqo</span> <span class='ocrx_word' id='word_1_51' title='bbox 1143 672 1167 719; x_wconf 95' lang='lat' dir='ltr'>te</span> <span class='ocrx_word' id='word_1_52' title='bbox 1190 664 1306 735; x_wconf 88' lang='lat' dir='ltr'>docebo,</span> 
     </span>
     <span class='ocr_line' id='line_1_6' title="bbox 135 746 1302 821; baseline 0.001 -18"><span class='ocrx_word' id='word_1_53' title='bbox 135 749 201 821; x_wconf 91' lang='lat' dir='ltr'>quid</span> <span class='ocrx_word' id='word_1_54' title='bbox 223 747 258 801; x_wconf 92' lang='lat' dir='ltr'>sit</span> <span class='ocrx_word' id='word_1_55' title='bbox 279 746 408 802; x_wconf 91' lang='lat' dir='ltr'>ieiunium</span> <span class='ocrx_word' id='word_1_56' title='bbox 430 747 537 818; x_wconf 90' lang='lat' dir='ltr'>plenum</span> <span class='ocrx_word' id='word_1_57' title='bbox 559 755 754 819; x_wconf 89' lang='lat' dir='ltr'>acceptumque</span> <span class='ocrx_word' id='word_1_58' title='bbox 778 747 899 802; x_wconf 85' lang='lat' dir='ltr'>Domino.</span> <span class='ocrx_word' id='word_1_59' title='bbox 942 747 974 801; x_wconf 88' lang='lat' dir='ltr'>Et</span> <span class='ocrx_word' id='word_1_60' title='bbox 995 746 1048 802; x_wconf 89' lang='lat' dir='ltr'>dixi</span> <span class='ocrx_word' id='word_1_61' title='bbox 1065 747 1105 801; x_wconf 90' lang='lat' dir='ltr'>ei:</span> <span class='ocrx_word' id='word_1_62' title='bbox 1129 747 1234 802; x_wconf 76' lang='lat' dir='ltr'><strong>felicem</strong></span> <span class='ocrx_word' id='word_1_63' title='bbox 1258 764 1302 804; x_wconf 87' lang='lat' dir='ltr'>me</span> 
     </span>
     <span class='ocr_line' id='line_1_7' title="bbox 137 829 1306 902; baseline 0 -17"><span class='ocrx_word' id='word_1_64' title='bbox 137 831 220 886; x_wconf 90' lang='lat' dir='ltr'>iacies</span> <span class='ocrx_word' id='word_1_65' title='bbox 243 830 364 895; x_wconf 90' lang='lat' dir='ltr'>domine,</span> <span class='ocrx_word' id='word_1_66' title='bbox 394 831 416 883; x_wconf 93' lang='lat' dir='ltr'>si</span> <span class='ocrx_word' id='word_1_67' title='bbox 439 831 546 896; x_wconf 79' lang='lat' dir='ltr'><strong>sciero,</strong></span> <span class='ocrx_word' id='word_1_68' title='bbox 579 830 652 902; x_wconf 90' lang='lat' dir='ltr'>qnod</span> <span class='ocrx_word' id='word_1_69' title='bbox 682 831 809 885; x_wconf 91' lang='lat' dir='ltr'>ieiunium</span> <span class='ocrx_word' id='word_1_70' title='bbox 839 837 977 902; x_wconf 89' lang='lat' dir='ltr'>acceptum</span> <span class='ocrx_word' id='word_1_71' title='bbox 1000 830 1035 884; x_wconf 90' lang='lat' dir='ltr'>sit</span> <span class='ocrx_word' id='word_1_72' title='bbox 1064 829 1186 884; x_wconf 81' lang='lat' dir='ltr'>Domino.</span> <span class='ocrx_word' id='word_1_73' title='bbox 1230 829 1306 897; x_wconf 80' lang='lat' dir='ltr'>ludi,</span> 
     </span>
     <span class='ocr_line' id='line_1_8' title="bbox 137 903 1306 984; baseline 0.001 -17"><span class='ocrx_word' id='word_1_74' title='bbox 137 914 231 984; x_wconf 84' lang='lat' dir='ltr'>inquit,</span> <span class='ocrx_word' id='word_1_75' title='bbox 255 920 291 967; x_wconf 92' lang='lat' dir='ltr'>tu.</span> <span class='ocrx_word' id='word_1_76' title='bbox 335 911 406 966; x_wconf 87' lang='lat' dir='ltr'>[leus</span> <span class='ocrx_word' id='word_1_77' title='bbox 428 929 482 966; x_wconf 90' lang='lat' dir='ltr'>nnn</span> <span class='ocrx_word' id='word_1_78' title='bbox 511 912 563 968; x_wconf 89' lang='lat' dir='ltr'>tnle</span> <span class='ocrx_word' id='word_1_79' title='bbox 592 912 721 966; x_wconf 87' lang='lat' dir='ltr'>ieiunium</span> <span class='ocrx_word' id='word_1_80' title='bbox 751 911 888 967; x_wconf 81' lang='lat' dir='ltr'>desiderat</span> <span class='ocrx_word' id='word_1_81' title='bbox 909 929 1113 984; x_wconf 87' lang='lat' dir='ltr'>supervacuum.</span> <span class='ocrx_word' id='word_1_82' title='bbox 1155 903 1212 968; x_wconf 79' lang='lat' dir='ltr'>Sie⁸</span> <span class='ocrx_word' id='word_1_83' title='bbox 1235 913 1306 968; x_wconf 90' lang='lat' dir='ltr'>enim</span> 
     </span>
     <span class='ocr_line' id='line_1_9' title="bbox 137 994 1308 1067; baseline 0 -17"><span class='ocrx_word' id='word_1_84' title='bbox 137 995 280 1050; x_wconf 91' lang='lat' dir='ltr'>ieiunando</span> <span class='ocrx_word' id='word_1_85' title='bbox 304 994 370 1048; x_wconf 89' lang='lat' dir='ltr'>nibil</span> <span class='ocrx_word' id='word_1_86' title='bbox 402 1004 525 1066; x_wconf 74' lang='lat' dir='ltr'><strong>praestas</strong></span> <span class='ocrx_word' id='word_1_87' title='bbox 548 996 699 1067; x_wconf 88' lang='lat' dir='ltr'>aequitatis.</span> <span class='ocrx_word' id='word_1_88' title='bbox 742 995 872 1050; x_wconf 85' lang='lat' dir='ltr'>Ieiunium</span> <span class='ocrx_word' id='word_1_89' title='bbox 902 995 953 1049; x_wconf 91' lang='lat' dir='ltr'>tale</span> <span class='ocrx_word' id='word_1_90' title='bbox 976 1002 1032 1061; x_wconf 91' lang='lat' dir='ltr'>est,</span> <span class='ocrx_word' id='word_1_91' title='bbox 1050 1003 1081 1049; x_wconf 89' lang='lat' dir='ltr'>ut</span> <span class='ocrx_word' id='word_1_92' title='bbox 1111 994 1178 1050; x_wconf 90' lang='lat' dir='ltr'>nibil</span> <span class='ocrx_word' id='word_1_93' title='bbox 1207 995 1233 1049; x_wconf 91' lang='lat' dir='ltr'>in</span> <span class='ocrx_word' id='word_1_94' title='bbox 1254 995 1308 1050; x_wconf 77' lang='lat' dir='ltr'>rita</span> 
     </span>
     <span class='ocr_line' id='line_1_10' title="bbox 137 1077 1307 1150; baseline -0.001 -17"><span class='ocrx_word' id='word_1_95' title='bbox 137 1086 181 1133; x_wconf 91' lang='lat' dir='ltr'>tua</span> <span class='ocrx_word' id='word_1_96' title='bbox 204 1078 330 1150; x_wconf 91' lang='lat' dir='ltr'>nequiter</span> <span class='ocrx_word' id='word_1_97' title='bbox 351 1077 450 1143; x_wconf 77' lang='lat' dir='ltr'>lacias3</span> <span class='ocrx_word' id='word_1_98' title='bbox 473 1077 522 1132; x_wconf 89' lang='lat' dir='ltr'>sed</span> <span class='ocrx_word' id='word_1_99' title='bbox 544 1086 634 1133; x_wconf 89' lang='lat' dir='ltr'>mente</span> <span class='ocrx_word' id='word_1_100' title='bbox 657 1094 725 1149; x_wconf 88' lang='lat' dir='ltr'>pura</span> <span class='ocrx_word' id='word_1_101' title='bbox 747 1077 819 1133; x_wconf 86' lang='lat' dir='ltr'>servi</span> <span class='ocrx_word' id='word_1_102' title='bbox 842 1078 965 1133; x_wconf 85' lang='lat' dir='ltr'>bornino.</span> <span class='ocrx_word' id='word_1_103' title='bbox 996 1077 1159 1132; x_wconf 85' lang='lat' dir='ltr'>Custodiens</span> <span class='ocrx_word' id='word_1_104' title='bbox 1181 1077 1307 1133; x_wconf 81' lang='lat' dir='ltr'>mandate</span> 
     </span>
     <span class='ocr_line' id='line_1_11' title="bbox 138 1159 1308 1233; baseline 0.001 -18"><span class='ocrx_word' id='word_1_105' title='bbox 138 1162 196 1216; x_wconf 88' lang='lat' dir='ltr'>eins</span> <span class='ocrx_word' id='word_1_106' title='bbox 218 1160 426 1233; x_wconf 78' lang='lat' dir='ltr'>praeceptisque</span> <span class='ocrx_word' id='word_1_107' title='bbox 449 1160 508 1216; x_wconf 89' lang='lat' dir='ltr'>eins</span> <span class='ocrx_word' id='word_1_108' title='bbox 530 1161 685 1232; x_wconf 82' lang='lat' dir='ltr'>ingrediens</span> <span class='ocrx_word' id='word_1_109' title='bbox 708 1160 809 1216; x_wconf 91' lang='lat' dir='ltr'>nullum</span> <span class='ocrx_word' id='word_1_110' title='bbox 830 1161 973 1216; x_wconf 79' lang='lat' dir='ltr'>admiseris</span> <span class='ocrx_word' id='word_1_111' title='bbox 1006 1159 1171 1215; x_wconf 88' lang='lat' dir='ltr'>desiderium</span> <span class='ocrx_word' id='word_1_112' title='bbox 1204 1175 1308 1216; x_wconf 89' lang='lat' dir='ltr'>nocens</span> 
     </span>
     <span class='ocr_line' id='line_1_12' title="bbox 139 1242 1307 1315; baseline -0.002 -17"><span class='ocrx_word' id='word_1_113' title='bbox 139 1244 242 1298; x_wconf 88' lang='lat' dir='ltr'>animae</span> <span class='ocrx_word' id='word_1_114' title='bbox 270 1250 342 1299; x_wconf 86' lang='lat' dir='ltr'>tuae.</span> <span class='ocrx_word' id='word_1_115' title='bbox 383 1243 469 1298; x_wconf 76' lang='lat' dir='ltr'>Crede</span> <span class='ocrx_word' id='word_1_116' title='bbox 493 1242 678 1309; x_wconf 82' lang='lat' dir='ltr'>autem&#39;lle03</span> <span class='ocrx_word' id='word_1_117' title='bbox 709 1244 836 1315; x_wconf 89' lang='lat' dir='ltr'>quoniam</span> <span class='ocrx_word' id='word_1_118' title='bbox 858 1244 881 1298; x_wconf 92' lang='lat' dir='ltr'>si</span> <span class='ocrx_word' id='word_1_119' title='bbox 904 1244 971 1298; x_wconf 87' lang='lat' dir='ltr'>haec</span> <span class='ocrx_word' id='word_1_120' title='bbox 993 1243 1107 1309; x_wconf 85' lang='lat' dir='ltr'>feceris,</span> <span class='ocrx_word' id='word_1_121' title='bbox 1137 1252 1164 1298; x_wconf 92' lang='lat' dir='ltr'>et</span> <span class='ocrx_word' id='word_1_122' title='bbox 1184 1243 1307 1298; x_wconf 78' lang='lat' dir='ltr'>timueris</span> 
     </span>
     <span class='ocr_line' id='line_1_13' title="bbox 139 1325 1308 1398; baseline 0.001 -18"><span class='ocrx_word' id='word_1_123' title='bbox 139 1341 210 1392; x_wconf 90' lang='lat' dir='ltr'>eum,</span> <span class='ocrx_word' id='word_1_124' title='bbox 233 1333 261 1380; x_wconf 93' lang='lat' dir='ltr'>et</span> <span class='ocrx_word' id='word_1_125' title='bbox 281 1325 446 1381; x_wconf 79' lang='lat' dir='ltr'>abstinueris</span> <span class='ocrx_word' id='word_1_126' title='bbox 468 1334 494 1381; x_wconf 91' lang='lat' dir='ltr'>te</span> <span class='ocrx_word' id='word_1_127' title='bbox 516 1325 550 1380; x_wconf 89' lang='lat' dir='ltr'>ab</span> <span class='ocrx_word' id='word_1_128' title='bbox 573 1327 645 1381; x_wconf 90' lang='lat' dir='ltr'>omni</span> <span class='ocrx_word' id='word_1_129' title='bbox 676 1328 785 1398; x_wconf 80' lang='lat' dir='ltr'>negotio</span> <span class='ocrx_word' id='word_1_130' title='bbox 808 1327 913 1392; x_wconf 82' lang='lat' dir='ltr'>nocivo,</span> <span class='ocrx_word' id='word_1_131' title='bbox 938 1327 1007 1381; x_wconf 83' lang='lat' dir='ltr'>vives</span> <span class='ocrx_word' id='word_1_132' title='bbox 1039 1325 1102 1381; x_wconf 79' lang='lat' dir='ltr'>lieo.</span> <span class='ocrx_word' id='word_1_133' title='bbox 1145 1326 1217 1394; x_wconf 83' lang='lat' dir='ltr'>Quae</span> <span class='ocrx_word' id='word_1_134' title='bbox 1246 1340 1308 1381; x_wconf 81' lang='lat' dir='ltr'>etam</span> 
     </span>
     <span class='ocr_line' id='line_1_14' title="bbox 139 1408 928 1481; baseline -0.001 -17"><span class='ocrx_word' id='word_1_135' title='bbox 139 1408 179 1464; x_wconf 89' lang='lat' dir='ltr'>sic</span> <span class='ocrx_word' id='word_1_136' title='bbox 201 1408 310 1475; x_wconf 89' lang='lat' dir='ltr'>leceris,</span> <span class='ocrx_word' id='word_1_137' title='bbox 333 1408 532 1464; x_wconf 88' lang='lat' dir='ltr'>consummabis</span> <span class='ocrx_word' id='word_1_138' title='bbox 553 1408 680 1463; x_wconf 90' lang='lat' dir='ltr'>ieiunium</span> <span class='ocrx_word' id='word_1_139' title='bbox 702 1417 842 1481; x_wconf 87' lang='lat' dir='ltr'>acceptum</span> <span class='ocrx_word' id='word_1_140' title='bbox 864 1408 928 1464; x_wconf 79' lang='lat' dir='ltr'>lico.</span> 
     </span>
    </p>
   </div>
   <div class='ocr_carea' id='block_1_3' title="bbox 221 1553 1309 1631">
    <p class='ocr_par' dir='ltr' id='par_1_3' title="bbox 221 1553 1309 1631">
     <span class='ocr_line' id='line_1_15' title="bbox 221 1553 1309 1631; baseline 0 -20"><span class='ocrx_word' id='word_1_141' title='bbox 221 1553 298 1625; x_wconf 71' lang='lat' dir='ltr'>(sill.</span> <span class='ocrx_word' id='word_1_142' title='bbox 339 1559 407 1614; x_wconf 84' lang='lat' dir='ltr'>Audi</span> <span class='ocrx_word' id='word_1_143' title='bbox 431 1559 512 1630; x_wconf 81' lang='lat' dir='ltr'>igitur</span> <span class='ocrx_word' id='word_1_144' title='bbox 527 1556 738 1624; x_wconf 91' lang='lat' dir='ltr'>similitudinem,</span> <span class='ocrx_word' id='word_1_145' title='bbox 756 1575 834 1629; x_wconf 74' lang='lat' dir='ltr'>aquam</span> <span class='ocrx_word' id='word_1_146' title='bbox 848 1557 970 1612; x_wconf 90' lang='lat' dir='ltr'>dicturus</span> <span class='ocrx_word' id='word_1_147' title='bbox 986 1574 1045 1612; x_wconf 91' lang='lat' dir='ltr'>sum</span> <span class='ocrx_word' id='word_1_148' title='bbox 1061 1558 1108 1613; x_wconf 90' lang='lat' dir='ltr'>tibi</span> <span class='ocrx_word' id='word_1_149' title='bbox 1128 1559 1309 1631; x_wconf 87' lang='lat' dir='ltr'>pertinentem</span> 
     </span>
    </p>
   </div>
   <div class='ocr_carea' id='block_1_4' title="bbox 139 1639 1315 3362">
    <p class='ocr_par' dir='ltr' id='par_1_4' title="bbox 139 1639 1315 3362">
     <span class='ocr_line' id='line_1_16' title="bbox 140 1639 1307 1712; baseline -0.001 -17"><span class='ocrx_word' id='word_1_150' title='bbox 140 1640 173 1695; x_wconf 93' lang='lat' dir='ltr'>ad</span> <span class='ocrx_word' id='word_1_151' title='bbox 206 1641 343 1696; x_wconf 91' lang='lat' dir='ltr'>ieiunium.</span> <span class='ocrx_word' id='word_1_152' title='bbox 384 1640 497 1707; x_wconf 79' lang='lat' dir='ltr'>Quidam</span> <span class='ocrx_word' id='word_1_153' title='bbox 526 1657 587 1695; x_wconf 91' lang='lat' dir='ltr'>cum</span> <span class='ocrx_word' id='word_1_154' title='bbox 616 1639 730 1695; x_wconf 89' lang='lat' dir='ltr'>haberet</span> <span class='ocrx_word' id='word_1_155' title='bbox 761 1640 872 1695; x_wconf 77' lang='lat' dir='ltr'>fundum</span> <span class='ocrx_word' id='word_1_156' title='bbox 901 1657 1049 1712; x_wconf 86' lang='lat' dir='ltr'>servosque</span> <span class='ocrx_word' id='word_1_157' title='bbox 1078 1640 1192 1706; x_wconf 91' lang='lat' dir='ltr'>multos,</span> <span class='ocrx_word' id='word_1_158' title='bbox 1221 1648 1249 1694; x_wconf 90' lang='lat' dir='ltr'>et</span> <span class='ocrx_word' id='word_1_159' title='bbox 1280 1639 1307 1694; x_wconf 92' lang='lat' dir='ltr'>in</span> 
     </span>
     <span class='ocr_line' id='line_1_17' title="bbox 139 1721 1310 1797; baseline 0.001 -20"><span class='ocrx_word' id='word_1_160' title='bbox 139 1731 244 1797; x_wconf 90' lang='lat' dir='ltr'>partem</span> <span class='ocrx_word' id='word_1_161' title='bbox 267 1724 325 1777; x_wconf 91' lang='lat' dir='ltr'>eius</span> <span class='ocrx_word' id='word_1_162' title='bbox 347 1725 450 1778; x_wconf 91' lang='lat' dir='ltr'>vineam</span> <span class='ocrx_word' id='word_1_163' title='bbox 473 1724 619 1796; x_wconf 86' lang='lat' dir='ltr'>posuisset,</span> <span class='ocrx_word' id='word_1_164' title='bbox 644 1722 725 1794; x_wconf 80' lang='lat' dir='ltr'>elegit</span> <span class='ocrx_word' id='word_1_165' title='bbox 746 1740 867 1789; x_wconf 87' lang='lat' dir='ltr'>servum,</span> <span class='ocrx_word' id='word_1_166' title='bbox 889 1740 969 1794; x_wconf 90' lang='lat' dir='ltr'>quem</span> <span class='ocrx_word' id='word_1_167' title='bbox 991 1722 1043 1777; x_wconf 93' lang='lat' dir='ltr'>sibi</span> <span class='ocrx_word' id='word_1_168' title='bbox 1067 1721 1254 1778; x_wconf 80' lang='lat' dir='ltr'>fidelissimum</span> <span class='ocrx_word' id='word_1_169' title='bbox 1276 1736 1310 1778; x_wconf 78' lang='lat' dir='ltr'>ae</span> 
     </span>
     <span class='ocr_line' id='line_1_18' title="bbox 140 1803 1309 1879; baseline 0.001 -20"><span class='ocrx_word' id='word_1_170' title='bbox 140 1804 359 1879; x_wconf 87' lang='lat' dir='ltr'>probatissimum</span> <span class='ocrx_word' id='word_1_171' title='bbox 390 1805 514 1861; x_wconf 87' lang='lat' dir='ltr'>babebat.</span> <span class='ocrx_word' id='word_1_172' title='bbox 556 1806 604 1860; x_wconf 78' lang='lat' dir='ltr'>(lui</span> <span class='ocrx_word' id='word_1_173' title='bbox 628 1822 744 1878; x_wconf 79' lang='lat' dir='ltr'>peregre</span> <span class='ocrx_word' id='word_1_174' title='bbox 774 1805 896 1861; x_wconf 79' lang='lat' dir='ltr'>afuturus</span> <span class='ocrx_word' id='word_1_175' title='bbox 925 1805 1075 1876; x_wconf 80' lang='lat' dir='ltr'>adsignavit</span> <span class='ocrx_word' id='word_1_176' title='bbox 1101 1805 1206 1860; x_wconf 85' lang='lat' dir='ltr'>vineam</span> <span class='ocrx_word' id='word_1_177' title='bbox 1225 1803 1309 1872; x_wconf 81' lang='lat' dir='ltr'>illam,</span> 
     </span>
     <span class='ocr_line' id='line_1_19' title="bbox 140 1887 1311 1961; baseline 0.001 -19"><span class='ocrx_word' id='word_1_178' title='bbox 140 1888 310 1960; x_wconf 81' lang='lat' dir='ltr'>praecipiens</span> <span class='ocrx_word' id='word_1_179' title='bbox 341 1896 371 1943; x_wconf 90' lang='lat' dir='ltr'>ut</span> <span class='ocrx_word' id='word_1_180' title='bbox 391 1888 488 1944; x_wconf 88' lang='lat' dir='ltr'>vitibus</span> <span class='ocrx_word' id='word_1_181' title='bbox 513 1890 637 1961; x_wconf 84' lang='lat' dir='ltr'>iungeret</span> <span class='ocrx_word' id='word_1_182' title='bbox 659 1887 743 1960; x_wconf 89' lang='lat' dir='ltr'>palus,</span> <span class='ocrx_word' id='word_1_183' title='bbox 765 1889 944 1961; x_wconf 85' lang='lat' dir='ltr'>promisitque</span> <span class='ocrx_word' id='word_1_184' title='bbox 967 1888 1001 1954; x_wconf 93' lang='lat' dir='ltr'>ei,</span> <span class='ocrx_word' id='word_1_185' title='bbox 1024 1889 1046 1943; x_wconf 92' lang='lat' dir='ltr'>si</span> <span class='ocrx_word' id='word_1_186' title='bbox 1069 1887 1224 1943; x_wconf 90' lang='lat' dir='ltr'>mandatum</span> <span class='ocrx_word' id='word_1_187' title='bbox 1249 1887 1311 1943; x_wconf 82' lang='lat' dir='ltr'>eius</span> 
     </span>
     <span class='ocr_line' id='line_1_20' title="bbox 141 1969 1312 2044; baseline 0.001 -20"><span class='ocrx_word' id='word_1_188' title='bbox 141 1969 285 2041; x_wconf 83' lang='lat' dir='ltr'>diligenter</span> <span class='ocrx_word' id='word_1_189' title='bbox 306 1970 425 2039; x_wconf 87' lang='lat' dir='ltr'>lecisset,</span> <span class='ocrx_word' id='word_1_190' title='bbox 445 1971 604 2028; x_wconf 90' lang='lat' dir='ltr'>libertatem.</span> <span class='ocrx_word' id='word_1_191' title='bbox 646 1972 701 2027; x_wconf 91' lang='lat' dir='ltr'>Nec</span> <span class='ocrx_word' id='word_1_192' title='bbox 730 1972 841 2043; x_wconf 88' lang='lat' dir='ltr'>quidem</span> <span class='ocrx_word' id='word_1_193' title='bbox 862 1970 934 2027; x_wconf 88' lang='lat' dir='ltr'>aliud</span> <span class='ocrx_word' id='word_1_194' title='bbox 961 1971 1100 2044; x_wconf 87' lang='lat' dir='ltr'>praecepit</span> <span class='ocrx_word' id='word_1_195' title='bbox 1122 1970 1158 2025; x_wconf 92' lang='lat' dir='ltr'>illi</span> <span class='ocrx_word' id='word_1_196' title='bbox 1182 1970 1209 2025; x_wconf 91' lang='lat' dir='ltr'>in</span> <span class='ocrx_word' id='word_1_197' title='bbox 1233 1970 1312 2026; x_wconf 75' lang='lat' dir='ltr'>vinee</span> 
     </span>
     <span class='ocr_line' id='line_1_21' title="bbox 140 2051 1312 2128; baseline 0.002 -21"><span class='ocrx_word' id='word_1_198' title='bbox 140 2051 240 2108; x_wconf 86' lang='lat' dir='ltr'>lacere.</span> <span class='ocrx_word' id='word_1_199' title='bbox 283 2053 402 2127; x_wconf 81' lang='lat' dir='ltr'>Cumque</span> <span class='ocrx_word' id='word_1_200' title='bbox 423 2055 562 2128; x_wconf 83' lang='lat' dir='ltr'>proiectus</span> <span class='ocrx_word' id='word_1_201' title='bbox 584 2063 656 2109; x_wconf 90' lang='lat' dir='ltr'>esset</span> <span class='ocrx_word' id='word_1_202' title='bbox 670 2054 795 2109; x_wconf 91' lang='lat' dir='ltr'>dominus</span> <span class='ocrx_word' id='word_1_203' title='bbox 818 2069 942 2127; x_wconf 83' lang='lat' dir='ltr'>peregre,</span> <span class='ocrx_word' id='word_1_204' title='bbox 966 2053 1095 2126; x_wconf 81' lang='lat' dir='ltr'>explicuit</span> <span class='ocrx_word' id='word_1_205' title='bbox 1115 2071 1207 2108; x_wconf 89' lang='lat' dir='ltr'>servus</span> <span class='ocrx_word' id='word_1_206' title='bbox 1230 2069 1312 2125; x_wconf 81' lang='lat' dir='ltr'>quse·</span> 
     </span>
     <span class='ocr_line' id='line_1_22' title="bbox 142 2136 1313 2209; baseline 0.001 -19"><span class='ocrx_word' id='word_1_207' title='bbox 142 2152 249 2207; x_wconf 88' lang='lat' dir='ltr'>cunque</span> <span class='ocrx_word' id='word_1_208' title='bbox 273 2137 390 2193; x_wconf 88' lang='lat' dir='ltr'>iusserat</span> <span class='ocrx_word' id='word_1_209' title='bbox 411 2137 544 2192; x_wconf 89' lang='lat' dir='ltr'>dominus.</span> <span class='ocrx_word' id='word_1_210' title='bbox 587 2136 619 2192; x_wconf 87' lang='lat' dir='ltr'>Et</span> <span class='ocrx_word' id='word_1_211' title='bbox 641 2153 702 2191; x_wconf 90' lang='lat' dir='ltr'>cum</span> <span class='ocrx_word' id='word_1_212' title='bbox 727 2137 820 2191; x_wconf 87' lang='lat' dir='ltr'>vineae</span> <span class='ocrx_word' id='word_1_213' title='bbox 848 2136 925 2209; x_wconf 89' lang='lat' dir='ltr'>palos</span> <span class='ocrx_word' id='word_1_214' title='bbox 947 2136 1077 2190; x_wconf 89' lang='lat' dir='ltr'>iunxisset</span> <span class='ocrx_word' id='word_1_215' title='bbox 1098 2144 1125 2190; x_wconf 91' lang='lat' dir='ltr'>ct</span> <span class='ocrx_word' id='word_1_216' title='bbox 1147 2136 1313 2191; x_wconf 82' lang='lat' dir='ltr'>animadver-</span> 
     </span>
     <span class='ocr_line' id='line_1_23' title="bbox 141 2211 1312 2290; baseline 0.001 -17"><span class='ocrx_word' id='word_1_217' title='bbox 141 2211 219 2274; x_wconf 88' lang='lat' dir='ltr'>teret¹</span> <span class='ocrx_word' id='word_1_218' title='bbox 237 2235 296 2273; x_wconf 88' lang='lat' dir='ltr'>eam</span> <span class='ocrx_word' id='word_1_219' title='bbox 320 2219 412 2274; x_wconf 88' lang='lat' dir='ltr'>herbis</span> <span class='ocrx_word' id='word_1_220' title='bbox 435 2219 573 2290; x_wconf 85' lang='lat' dir='ltr'>repletam,</span> <span class='ocrx_word' id='word_1_221' title='bbox 594 2219 685 2288; x_wconf 88' lang='lat' dir='ltr'>coepit</span> <span class='ocrx_word' id='word_1_222' title='bbox 705 2234 797 2273; x_wconf 90' lang='lat' dir='ltr'>secum</span> <span class='ocrx_word' id='word_1_223' title='bbox 820 2219 940 2288; x_wconf 80' lang='lat' dir='ltr'>cogitare</span> <span class='ocrx_word' id='word_1_224' title='bbox 963 2217 1071 2271; x_wconf 91' lang='lat' dir='ltr'>dicens:</span> <span class='ocrx_word' id='word_1_225' title='bbox 1104 2216 1170 2272; x_wconf 88' lang='lat' dir='ltr'>baec</span> <span class='ocrx_word' id='word_1_226' title='bbox 1202 2218 1312 2288; x_wconf 87' lang='lat' dir='ltr'>quidem</span> 
     </span>
     <span class='ocr_line' id='line_1_24' title="bbox 142 2297 1312 2374; baseline -0.003 -17"><span class='ocrx_word' id='word_1_227' title='bbox 142 2301 243 2374; x_wconf 81' lang='lat' dir='ltr'>peregi,</span> <span class='ocrx_word' id='word_1_228' title='bbox 263 2317 333 2371; x_wconf 89' lang='lat' dir='ltr'>quae</span> <span class='ocrx_word' id='word_1_229' title='bbox 356 2301 481 2354; x_wconf 90' lang='lat' dir='ltr'>dominus</span> <span class='ocrx_word' id='word_1_230' title='bbox 504 2316 580 2354; x_wconf 82' lang='lat' dir='ltr'>utens</span> <span class='ocrx_word' id='word_1_231' title='bbox 603 2299 667 2353; x_wconf 91' lang='lat' dir='ltr'>mihi</span> <span class='ocrx_word' id='word_1_232' title='bbox 690 2306 877 2370; x_wconf 80' lang='lat' dir='ltr'>praeceperat</span> <span class='ocrx_word' id='word_1_233' title='bbox 919 2297 1030 2351; x_wconf 77' lang='lat' dir='ltr'>l&#39;odiarn</span> <span class='ocrx_word' id='word_1_234' title='bbox 1059 2303 1086 2351; x_wconf 88' lang='lat' dir='ltr'>et</span> <span class='ocrx_word' id='word_1_235' title='bbox 1107 2314 1179 2354; x_wconf 90' lang='lat' dir='ltr'>nnne</span> <span class='ocrx_word' id='word_1_236' title='bbox 1207 2300 1312 2354; x_wconf 83' lang='lat' dir='ltr'>vineam</span> 
     </span>
     <span class='ocr_line' id='line_1_25' title="bbox 143 2378 1313 2454; baseline -0.001 -16"><span class='ocrx_word' id='word_1_237' title='bbox 143 2384 223 2454; x_wconf 86' lang='lat' dir='ltr'>hanc,</span> <span class='ocrx_word' id='word_1_238' title='bbox 245 2389 275 2435; x_wconf 89' lang='lat' dir='ltr'>ut</span> <span class='ocrx_word' id='word_1_239' title='bbox 295 2383 329 2436; x_wconf 87' lang='lat' dir='ltr'>sit</span> <span class='ocrx_word' id='word_1_240' title='bbox 351 2381 512 2448; x_wconf 76' lang='lat' dir='ltr'>formosior,</span> <span class='ocrx_word' id='word_1_241' title='bbox 541 2380 724 2451; x_wconf 80' lang='lat' dir='ltr'>extractisque</span> <span class='ocrx_word' id='word_1_242' title='bbox 747 2379 840 2433; x_wconf 84' lang='lat' dir='ltr'>herbis</span> <span class='ocrx_word' id='word_1_243' title='bbox 869 2378 999 2433; x_wconf 88' lang='lat' dir='ltr'>maiorem</span> <span class='ocrx_word' id='word_1_244' title='bbox 1021 2378 1139 2442; x_wconf 82' lang='lat' dir='ltr'>fructum</span> <span class='ocrx_word' id='word_1_245' title='bbox 1162 2379 1236 2434; x_wconf 89' lang='lat' dir='ltr'>dabit</span> <span class='ocrx_word' id='word_1_246' title='bbox 1256 2396 1313 2437; x_wconf 73' lang='lat' dir='ltr'>uon</span> 
     </span>
     <span class='ocr_line' id='line_1_26' title="bbox 143 2458 1313 2535; baseline -0.004 -14"><span class='ocrx_word' id='word_1_247' title='bbox 143 2465 273 2522; x_wconf 87' lang='lat' dir='ltr'>sulloeata</span> <span class='ocrx_word' id='word_1_248' title='bbox 296 2463 328 2517; x_wconf 88' lang='lat' dir='ltr'>ab</span> <span class='ocrx_word' id='word_1_249' title='bbox 352 2462 415 2519; x_wconf 89' lang='lat' dir='ltr'>illis.</span> <span class='ocrx_word' id='word_1_250' title='bbox 458 2463 553 2535; x_wconf 73' lang='lat' dir='ltr'>Coepit</span> <span class='ocrx_word' id='word_1_251' title='bbox 582 2461 680 2516; x_wconf 90' lang='lat' dir='ltr'>deinde</span> <span class='ocrx_word' id='word_1_252' title='bbox 703 2470 730 2517; x_wconf 90' lang='lat' dir='ltr'>et</span> <span class='ocrx_word' id='word_1_253' title='bbox 751 2461 847 2516; x_wconf 89' lang='lat' dir='ltr'>elludit</span> <span class='ocrx_word' id='word_1_254' title='bbox 869 2475 963 2514; x_wconf 91' lang='lat' dir='ltr'>omnes</span> <span class='ocrx_word' id='word_1_255' title='bbox 986 2458 1101 2527; x_wconf 88' lang='lat' dir='ltr'>herbas,</span> <span class='ocrx_word' id='word_1_256' title='bbox 1130 2477 1198 2531; x_wconf 90' lang='lat' dir='ltr'>qnae</span> <span class='ocrx_word' id='word_1_257' title='bbox 1231 2461 1258 2515; x_wconf 89' lang='lat' dir='ltr'>in</span> <span class='ocrx_word' id='word_1_258' title='bbox 1279 2477 1313 2516; x_wconf 78' lang='lat' dir='ltr'>ea</span> 
     </span>
     <span class='ocr_line' id='line_1_27' title="bbox 142 2542 1311 2617; baseline -0.003 -15"><span class='ocrx_word' id='word_1_259' title='bbox 142 2554 226 2603; x_wconf 87' lang='lat' dir='ltr'>erant.</span> <span class='ocrx_word' id='word_1_260' title='bbox 270 2545 373 2611; x_wconf 82' lang='lat' dir='ltr'>Quibus</span> <span class='ocrx_word' id='word_1_261' title='bbox 396 2546 522 2600; x_wconf 81' lang='lat' dir='ltr'>extractis</span> <span class='ocrx_word' id='word_1_262' title='bbox 545 2546 636 2617; x_wconf 90' lang='lat' dir='ltr'>coepit</span> <span class='ocrx_word' id='word_1_263' title='bbox 657 2545 693 2598; x_wconf 87' lang='lat' dir='ltr'>ita</span> <span class='ocrx_word' id='word_1_264' title='bbox 712 2544 788 2599; x_wconf 86' lang='lat' dir='ltr'>vinea</span> <span class='ocrx_word' id='word_1_265' title='bbox 811 2542 853 2597; x_wconf 88' lang='lat' dir='ltr'>illa</span> <span class='ocrx_word' id='word_1_266' title='bbox 876 2557 937 2596; x_wconf 90' lang='lat' dir='ltr'>esse</span> <span class='ocrx_word' id='word_1_267' title='bbox 956 2542 1158 2614; x_wconf 84' lang='lat' dir='ltr'>speciosissima</span> <span class='ocrx_word' id='word_1_268' title='bbox 1180 2559 1212 2597; x_wconf 91' lang='lat' dir='ltr'>ac</span> <span class='ocrx_word' id='word_1_269' title='bbox 1233 2542 1311 2610; x_wconf 79' lang='lat' dir='ltr'>laets,</span> 
     </span>
     <span class='ocr_line' id='line_1_28' title="bbox 143 2624 1314 2698; baseline -0.003 -14"><span class='ocrx_word' id='word_1_270' title='bbox 143 2645 193 2684; x_wconf 93' lang='lat' dir='ltr'>nec</span> <span class='ocrx_word' id='word_1_271' title='bbox 216 2627 348 2683; x_wconf 86' lang='lat' dir='ltr'>sullocato</span> <span class='ocrx_word' id='word_1_272' title='bbox 368 2627 401 2682; x_wconf 88' lang='lat' dir='ltr'>ab</span> <span class='ocrx_word' id='word_1_273' title='bbox 424 2626 526 2683; x_wconf 87' lang='lat' dir='ltr'>herbis.</span> <span class='ocrx_word' id='word_1_274' title='bbox 568 2626 666 2681; x_wconf 87' lang='lat' dir='ltr'>Verum</span> <span class='ocrx_word' id='word_1_275' title='bbox 689 2642 749 2681; x_wconf 89' lang='lat' dir='ltr'>curn</span> <span class='ocrx_word' id='word_1_276' title='bbox 772 2634 835 2698; x_wconf 86' lang='lat' dir='ltr'>post</span> <span class='ocrx_word' id='word_1_277' title='bbox 851 2624 1016 2696; x_wconf 87' lang='lat' dir='ltr'>aliquantum</span> <span class='ocrx_word' id='word_1_278' title='bbox 1033 2625 1163 2696; x_wconf 91' lang='lat' dir='ltr'>temporis</span> <span class='ocrx_word' id='word_1_279' title='bbox 1186 2625 1314 2681; x_wconf 73' lang='lat' dir='ltr'>dominus</span> 
     </span>
     <span class='ocr_line' id='line_1_29' title="bbox 142 2701 1313 2774; baseline -0.003 -7"><span class='ocrx_word' id='word_1_280' title='bbox 142 2710 262 2767; x_wconf 88' lang='lat' dir='ltr'>eiusdem</span> <span class='ocrx_word' id='word_1_281' title='bbox 285 2710 394 2765; x_wconf 89' lang='lat' dir='ltr'>rediens</span> <span class='ocrx_word' id='word_1_282' title='bbox 418 2710 443 2764; x_wconf 91' lang='lat' dir='ltr'>in</span> <span class='ocrx_word' id='word_1_283' title='bbox 467 2709 570 2765; x_wconf 86' lang='lat' dir='ltr'>vineam</span> <span class='ocrx_word' id='word_1_284' title='bbox 593 2701 734 2764; x_wconf 74' lang='lat' dir='ltr'>intrassct²</span> <span class='ocrx_word' id='word_1_285' title='bbox 757 2710 781 2763; x_wconf 92' lang='lat' dir='ltr'>in</span> <span class='ocrx_word' id='word_1_286' title='bbox 805 2725 879 2774; x_wconf 90' lang='lat' dir='ltr'>eam,</span> <span class='ocrx_word' id='word_1_287' title='bbox 910 2716 936 2762; x_wconf 93' lang='lat' dir='ltr'>et</span> <span class='ocrx_word' id='word_1_288' title='bbox 959 2707 1070 2762; x_wconf 85' lang='lat' dir='ltr'>vidisset</span> <span class='ocrx_word' id='word_1_289' title='bbox 1099 2708 1228 2763; x_wconf 88' lang='lat' dir='ltr'>decenter</span> <span class='ocrx_word' id='word_1_290' title='bbox 1253 2723 1313 2764; x_wconf 76' lang='lat' dir='ltr'>ean</span> 
     </span>
     <span class='ocr_line' id='line_1_30' title="bbox 142 2791 1313 2866; baseline -0.004 -16"><span class='ocrx_word' id='word_1_291' title='bbox 142 2793 291 2866; x_wconf 89' lang='lat' dir='ltr'>depalatam</span> <span class='ocrx_word' id='word_1_292' title='bbox 314 2810 344 2848; x_wconf 88' lang='lat' dir='ltr'>ac</span> <span class='ocrx_word' id='word_1_293' title='bbox 367 2793 514 2857; x_wconf 74' lang='lat' dir='ltr'>defossam,</span> <span class='ocrx_word' id='word_1_294' title='bbox 537 2793 719 2864; x_wconf 76' lang='lat' dir='ltr'>extractisque</span> <span class='ocrx_word' id='word_1_295' title='bbox 743 2791 835 2847; x_wconf 88' lang='lat' dir='ltr'>herbis</span> <span class='ocrx_word' id='word_1_296' title='bbox 858 2791 940 2845; x_wconf 87' lang='lat' dir='ltr'>laetas</span> <span class='ocrx_word' id='word_1_297' title='bbox 956 2806 1019 2845; x_wconf 90' lang='lat' dir='ltr'>esse</span> <span class='ocrx_word' id='word_1_298' title='bbox 1040 2792 1116 2857; x_wconf 79' lang='lat' dir='ltr'>vites,</span> <span class='ocrx_word' id='word_1_299' title='bbox 1139 2791 1230 2863; x_wconf 89' lang='lat' dir='ltr'>coepit</span> <span class='ocrx_word' id='word_1_300' title='bbox 1251 2807 1313 2864; x_wconf 92' lang='lat' dir='ltr'>pro·</span> 
     </span>
     <span class='ocr_line' id='line_1_31' title="bbox 141 2871 1314 2950; baseline -0.002 -18"><span class='ocrx_word' id='word_1_301' title='bbox 141 2885 203 2950; x_wconf 90' lang='lat' dir='ltr'>pter</span> <span class='ocrx_word' id='word_1_302' title='bbox 216 2876 285 2930; x_wconf 89' lang='lat' dir='ltr'>servi</span> <span class='ocrx_word' id='word_1_303' title='bbox 300 2875 398 2930; x_wconf 86' lang='lat' dir='ltr'>lactum</span> <span class='ocrx_word' id='word_1_304' title='bbox 416 2875 544 2947; x_wconf 79' lang='lat' dir='ltr'>gaxrdere.</span> <span class='ocrx_word' id='word_1_305' title='bbox 573 2875 700 2930; x_wconf 85' lang='lat' dir='ltr'>hdhihito</span> <span class='ocrx_word' id='word_1_306' title='bbox 716 2875 806 2946; x_wconf 89' lang='lat' dir='ltr'>itaque</span> <span class='ocrx_word' id='word_1_307' title='bbox 821 2872 885 2940; x_wconf 84' lang='lat' dir='ltr'>idio,</span> <span class='ocrx_word' id='word_1_308' title='bbox 908 2889 988 2945; x_wconf 88' lang='lat' dir='ltr'>quem</span> <span class='ocrx_word' id='word_1_309' title='bbox 1012 2889 1102 2928; x_wconf 91' lang='lat' dir='ltr'>carum</span> <span class='ocrx_word' id='word_1_310' title='bbox 1126 2871 1314 2946; x_wconf 86' lang='lat' dir='ltr'>heredemque</span> 
     </span>
     <span class='ocr_line' id='line_1_32' title="bbox 142 2955 1314 3031; baseline 0 -18"><span class='ocrx_word' id='word_1_311' title='bbox 142 2959 274 3027; x_wconf 86' lang='lat' dir='ltr'>habebat,</span> <span class='ocrx_word' id='word_1_312' title='bbox 297 2967 324 3014; x_wconf 88' lang='lat' dir='ltr'>et</span> <span class='ocrx_word' id='word_1_313' title='bbox 345 2960 463 3026; x_wconf 79' lang='lat' dir='ltr'>anticos,</span> <span class='ocrx_word' id='word_1_314' title='bbox 486 2975 556 3031; x_wconf 92' lang='lat' dir='ltr'>quos</span> <span class='ocrx_word' id='word_1_315' title='bbox 580 2959 605 3012; x_wconf 92' lang='lat' dir='ltr'>in</span> <span class='ocrx_word' id='word_1_316' title='bbox 628 2957 745 3013; x_wconf 89' lang='lat' dir='ltr'>concilio</span> <span class='ocrx_word' id='word_1_317' title='bbox 767 2956 930 3022; x_wconf 81' lang='lat' dir='ltr'>advocabat,</span> <span class='ocrx_word' id='word_1_318' title='bbox 952 2955 1053 3011; x_wconf 90' lang='lat' dir='ltr'>indicat</span> <span class='ocrx_word' id='word_1_319' title='bbox 1073 2973 1120 3023; x_wconf 90' lang='lat' dir='ltr'>ea,</span> <span class='ocrx_word' id='word_1_320' title='bbox 1142 2973 1211 3027; x_wconf 88' lang='lat' dir='ltr'>quae</span> <span class='ocrx_word' id='word_1_321' title='bbox 1233 2972 1314 3013; x_wconf 79' lang='lat' dir='ltr'>servo</span> 
     </span>
     <span class='ocr_line' id='line_1_33' title="bbox 142 3037 1315 3113; baseline -0.001 -17"><span class='ocrx_word' id='word_1_322' title='bbox 142 3058 192 3096; x_wconf 89' lang='lat' dir='ltr'>suo</span> <span class='ocrx_word' id='word_1_323' title='bbox 213 3042 335 3097; x_wconf 83' lang='lat' dir='ltr'>iacienda</span> <span class='ocrx_word' id='word_1_324' title='bbox 358 3048 543 3113; x_wconf 86' lang='lat' dir='ltr'>praeceperat,</span> <span class='ocrx_word' id='word_1_325' title='bbox 567 3049 594 3096; x_wconf 94' lang='lat' dir='ltr'>et</span> <span class='ocrx_word' id='word_1_326' title='bbox 616 3057 685 3113; x_wconf 91' lang='lat' dir='ltr'>quae</span> <span class='ocrx_word' id='word_1_327' title='bbox 708 3049 854 3113; x_wconf 88' lang='lat' dir='ltr'>propterea</span> <span class='ocrx_word' id='word_1_328' title='bbox 877 3039 994 3094; x_wconf 89' lang='lat' dir='ltr'>lecisset.</span> <span class='ocrx_word' id='word_1_329' title='bbox 1039 3037 1077 3093; x_wconf 95' lang='lat' dir='ltr'>llli</span> <span class='ocrx_word' id='word_1_330' title='bbox 1105 3039 1232 3112; x_wconf 89' lang='lat' dir='ltr'>protinus</span> <span class='ocrx_word' id='word_1_331' title='bbox 1254 3055 1315 3112; x_wconf 76' lang='lat' dir='ltr'>gra·</span> 
     </span>
     <span class='ocr_line' id='line_1_34' title="bbox 144 3120 1315 3196; baseline -0.001 -17"><span class='ocrx_word' id='word_1_332' title='bbox 144 3123 221 3179; x_wconf 88' lang='lat' dir='ltr'>tulati</span> <span class='ocrx_word' id='word_1_333' title='bbox 243 3131 306 3178; x_wconf 86' lang='lat' dir='ltr'>surrt</span> <span class='ocrx_word' id='word_1_334' title='bbox 327 3123 389 3178; x_wconf 91' lang='lat' dir='ltr'>hnic</span> <span class='ocrx_word' id='word_1_335' title='bbox 411 3141 505 3191; x_wconf 82' lang='lat' dir='ltr'>servo,</span> <span class='ocrx_word' id='word_1_336' title='bbox 528 3124 601 3195; x_wconf 91' lang='lat' dir='ltr'>qnod</span> <span class='ocrx_word' id='word_1_337' title='bbox 624 3131 676 3178; x_wconf 87' lang='lat' dir='ltr'>tarn</span> <span class='ocrx_word' id='word_1_338' title='bbox 705 3123 815 3196; x_wconf 91' lang='lat' dir='ltr'>plenum</span> <span class='ocrx_word' id='word_1_339' title='bbox 843 3121 1027 3177; x_wconf 90' lang='lat' dir='ltr'>testimonium</span> <span class='ocrx_word' id='word_1_340' title='bbox 1051 3121 1152 3176; x_wconf 91' lang='lat' dir='ltr'>domini</span> <span class='ocrx_word' id='word_1_341' title='bbox 1174 3121 1216 3177; x_wconf 90' lang='lat' dir='ltr'>sui</span> <span class='ocrx_word' id='word_1_342' title='bbox 1237 3120 1315 3178; x_wconf 87' lang='lat' dir='ltr'>adse·</span> 
     </span>
     <span class='ocr_line' id='line_1_35' title="bbox 145 3203 1314 3278; baseline 0.001 -18"><span class='ocrx_word' id='word_1_343' title='bbox 145 3214 246 3278; x_wconf 86' lang='lat' dir='ltr'>quotus</span> <span class='ocrx_word' id='word_1_344' title='bbox 269 3213 351 3260; x_wconf 90' lang='lat' dir='ltr'>esset.</span> <span class='ocrx_word' id='word_1_345' title='bbox 393 3207 435 3262; x_wconf 87' lang='lat' dir='ltr'>hit</span> <span class='ocrx_word' id='word_1_346' title='bbox 448 3206 544 3261; x_wconf 90' lang='lat' dir='ltr'>deinde</span> <span class='ocrx_word' id='word_1_347' title='bbox 558 3206 624 3261; x_wconf 91' lang='lat' dir='ltr'>illis:</span> <span class='ocrx_word' id='word_1_348' title='bbox 646 3223 705 3278; x_wconf 82' lang='lat' dir='ltr'>ego,</span> <span class='ocrx_word' id='word_1_349' title='bbox 722 3206 817 3276; x_wconf 90' lang='lat' dir='ltr'>inquit,</span> <span class='ocrx_word' id='word_1_350' title='bbox 842 3204 904 3259; x_wconf 88' lang='lat' dir='ltr'>lnxic</span> <span class='ocrx_word' id='word_1_351' title='bbox 927 3221 1005 3260; x_wconf 90' lang='lat' dir='ltr'>servo</span> <span class='ocrx_word' id='word_1_352' title='bbox 1021 3203 1172 3260; x_wconf 89' lang='lat' dir='ltr'>libertatem</span> <span class='ocrx_word' id='word_1_353' title='bbox 1191 3204 1314 3278; x_wconf 82' lang='lat' dir='ltr'>promisi,</span> 
     </span>
     <span class='ocr_line' id='line_1_36' title="bbox 143 3287 1313 3362; baseline 0.002 -20"><span class='ocrx_word' id='word_1_354' title='bbox 143 3290 166 3343; x_wconf 92' lang='lat' dir='ltr'>si</span> <span class='ocrx_word' id='word_1_355' title='bbox 189 3288 354 3344; x_wconf 89' lang='lat' dir='ltr'>custodisset</span> <span class='ocrx_word' id='word_1_356' title='bbox 376 3289 529 3345; x_wconf 87' lang='lat' dir='ltr'>mandatum</span> <span class='ocrx_word' id='word_1_357' title='bbox 550 3304 651 3346; x_wconf 91' lang='lat' dir='ltr'>meum.</span> <span class='ocrx_word' id='word_1_358' title='bbox 696 3288 741 3342; x_wconf 93' lang='lat' dir='ltr'>llle</span> <span class='ocrx_word' id='word_1_359' title='bbox 763 3296 877 3360; x_wconf 90' lang='lat' dir='ltr'>propter</span> <span class='ocrx_word' id='word_1_360' title='bbox 907 3288 960 3343; x_wconf 90' lang='lat' dir='ltr'>hoc</span> <span class='ocrx_word' id='word_1_361' title='bbox 991 3287 1079 3342; x_wconf 87' lang='lat' dir='ltr'>maius</span> <span class='ocrx_word' id='word_1_362' title='bbox 1108 3304 1177 3362; x_wconf 88' lang='lat' dir='ltr'>opus</span> <span class='ocrx_word' id='word_1_363' title='bbox 1201 3287 1313 3344; x_wconf 76' lang='lat' dir='ltr'>fecitis</span> 
     </span>
    </p>
   </div>
   <div class='ocr_carea' id='block_1_5' title="bbox 145 3457 1318 4394">
    <p class='ocr_par' dir='ltr' id='par_1_5' title="bbox 145 3457 1318 4394">
     <span class='ocr_line' id='line_1_37' title="bbox 196 3457 1315 3526; baseline -0.004 -15"><span class='ocrx_word' id='word_1_364' title='bbox 196 3461 223 3524; x_wconf 84' lang='lat'>5)</span> <span class='ocrx_word' id='word_1_365' title='bbox 241 3462 365 3526; x_wconf 82' lang='lat' dir='ltr'>Postquam</span> <span class='ocrx_word' id='word_1_366' title='bbox 390 3477 469 3510; x_wconf 75' lang='lat' dir='ltr'>sere-us</span> <span class='ocrx_word' id='word_1_367' title='bbox 494 3463 535 3509; x_wconf 86' lang='lat' dir='ltr'>illc</span> <span class='ocrx_word' id='word_1_368' title='bbox 563 3461 712 3523; x_wconf 79' lang='lat' dir='ltr'>apprehendit</span> <span class='ocrx_word' id='word_1_369' title='bbox 804 3458 845 3519; x_wconf 81' lang='lat' dir='ltr'>lt)</span> <span class='ocrx_word' id='word_1_370' title='bbox 862 3463 1001 3522; x_wconf 83' lang='lat' dir='ltr'>proeocohot</span> <span class='ocrx_word' id='word_1_371' title='bbox 1019 3460 1068 3507; x_wconf 80' lang='lat' dir='ltr'>liat.</span> <span class='ocrx_word' id='word_1_372' title='bbox 1087 3460 1210 3522; x_wconf 85' lang='lat' dir='ltr'>supraod.</span> <span class='ocrx_word' id='word_1_373' title='bbox 1234 3457 1315 3507; x_wconf 84' lang='lat' dir='ltr'>Ultimi</span> 
     </span>
     <span class='ocr_line' id='line_1_38' title="bbox 145 3523 1315 3592; baseline -0.006 -13"><span class='ocrx_word' id='word_1_374' title='bbox 145 3538 165 3579; x_wconf 89' lang='lat' dir='ltr'>et</span> <span class='ocrx_word' id='word_1_375' title='bbox 183 3532 239 3592; x_wconf 74' lang='lat' dir='ltr'>[ecit</span> <span class='ocrx_word' id='word_1_376' title='bbox 258 3530 307 3578; x_wconf 78' lang='lat' dir='ltr'>vat.</span> <span class='ocrx_word' id='word_1_377' title='bbox 748 3526 846 3575; x_wconf 85' lang='lat' dir='ltr'>membri</span> <span class='ocrx_word' id='word_1_378' title='bbox 860 3528 970 3588; x_wconf 79' lang='lat' dir='ltr'>copulam</span> <span class='ocrx_word' id='word_1_379' title='bbox 981 3532 1010 3582; x_wconf 85' lang='lat' dir='ltr'>et,</span> <span class='ocrx_word' id='word_1_380' title='bbox 1025 3526 1130 3587; x_wconf 81' lang='lat' dir='ltr'>sineque</span> <span class='ocrx_word' id='word_1_381' title='bbox 1149 3539 1234 3572; x_wconf 90' lang='lat' dir='ltr'>sensns</span> <span class='ocrx_word' id='word_1_382' title='bbox 1248 3523 1315 3572; x_wconf 86' lang='lat' dir='ltr'>cleu·</span> 
     </span>
     <span class='ocr_line' id='line_1_39' title="bbox 195 3591 1315 3658; baseline -0.004 -13"><span class='ocrx_word' id='word_1_383' title='bbox 195 3598 222 3657; x_wconf 84' lang='lat' dir='ltr'>il)</span> <span class='ocrx_word' id='word_1_384' title='bbox 243 3599 363 3658; x_wconf 81' lang='lat' dir='ltr'>disputare</span> <span class='ocrx_word' id='word_1_385' title='bbox 381 3611 404 3657; x_wconf 89' lang='lat' dir='ltr'>p.</span> <span class='ocrx_word' id='word_1_386' title='bbox 423 3597 457 3643; x_wconf 88' lang='lat' dir='ltr'>ite</span> <span class='ocrx_word' id='word_1_387' title='bbox 474 3600 577 3655; x_wconf 77' lang='lat' dir='ltr'>copitnre</span> <span class='ocrx_word' id='word_1_388' title='bbox 599 3596 649 3643; x_wconf 84' lang='lat' dir='ltr'>l&#39;at.</span> <span class='ocrx_word' id='word_1_389' title='bbox 749 3593 826 3654; x_wconf 82' lang='lat' dir='ltr'>dieat,</span> <span class='ocrx_word' id='word_1_390' title='bbox 854 3594 948 3642; x_wconf 84' lang='lat' dir='ltr'>adiunxi</span> <span class='ocrx_word' id='word_1_391' title='bbox 975 3606 1002 3639; x_wconf 88' lang='lat' dir='ltr'>ex</span> <span class='ocrx_word' id='word_1_392' title='bbox 1029 3591 1111 3638; x_wconf 83' lang='lat' dir='ltr'>bamb.</span> <span class='ocrx_word' id='word_1_393' title='bbox 1139 3591 1188 3639; x_wconf 79' lang='lat' dir='ltr'>l&#39;nl.</span> <span class='ocrx_word' id='word_1_394' title='bbox 1215 3591 1265 3641; x_wconf 83' lang='lat' dir='ltr'>Vel.</span> <span class='ocrx_word' id='word_1_395' title='bbox 1291 3598 1315 3641; x_wconf 75' lang='lat' dir='ltr'>el</span> 
     </span>
     <span class='ocr_line' id='line_1_40' title="bbox 199 3661 860 3726; baseline -0.002 -16"><span class='ocrx_word' id='word_1_396' title='bbox 199 3664 226 3726; x_wconf 79' lang='lat' dir='ltr'>i)</span> <span class='ocrx_word' id='word_1_397' title='bbox 245 3663 315 3711; x_wconf 86' lang='lat' dir='ltr'>l&#39;occ.</span> <span class='ocrx_word' id='word_1_398' title='bbox 335 3680 385 3712; x_wconf 81' lang='lat' dir='ltr'>curn</span> <span class='ocrx_word' id='word_1_399' title='bbox 402 3665 473 3724; x_wconf 79' lang='lat' dir='ltr'>fucrit</span> <span class='ocrx_word' id='word_1_400' title='bbox 486 3677 534 3710; x_wconf 85' lang='lat' dir='ltr'>orn.</span> <span class='ocrx_word' id='word_1_401' title='bbox 548 3663 597 3711; x_wconf 86' lang='lat' dir='ltr'>Vnt.</span> <span class='ocrx_word' id='word_1_402' title='bbox 750 3661 806 3710; x_wconf 78' lang='lat' dir='ltr'>l&#39;ub.</span> <span class='ocrx_word' id='word_1_403' title='bbox 825 3663 860 3709; x_wconf 86' lang='lat' dir='ltr'>st.</span> 
     </span>
     <span class='ocr_line' id='line_1_41' title="bbox 198 3729 450 3790; baseline -0.012 -12"><span class='ocrx_word' id='word_1_404' title='bbox 198 3730 225 3790; x_wconf 83' lang='grc'>8)</span> <span class='ocrx_word' id='word_1_405' title='bbox 246 3737 268 3778; x_wconf 85' lang='lat' dir='ltr'>et</span> <span class='ocrx_word' id='word_1_406' title='bbox 290 3729 340 3778; x_wconf 89' lang='lat' dir='ltr'>des.</span> <span class='ocrx_word' id='word_1_407' title='bbox 359 3729 382 3777; x_wconf 92' lang='lat' dir='ltr'>in</span> <span class='ocrx_word' id='word_1_408' title='bbox 400 3729 450 3776; x_wconf 83' lang='lat' dir='ltr'>Vnt.</span> 
     </span>
     <span class='ocr_line' id='line_1_42' title="bbox 196 3796 501 3858; baseline -0.007 -12"><span class='ocrx_word' id='word_1_409' title='bbox 196 3798 222 3858; x_wconf 87' lang='grc'>9)</span> <span class='ocrx_word' id='word_1_410' title='bbox 240 3803 357 3846; x_wconf 73' lang='lat' dir='ltr'>estractus</span> <span class='ocrx_word' id='word_1_411' title='bbox 377 3796 432 3843; x_wconf 83' lang='lat' dir='ltr'>edd.</span> <span class='ocrx_word' id='word_1_412' title='bbox 451 3796 501 3844; x_wconf 81' lang='lat' dir='ltr'>lint.</span> 
     </span>
     <span class='ocr_line' id='line_1_43' title="bbox 200 3855 1314 3926; baseline -0.009 -13"><span class='ocrx_word' id='word_1_413' title='bbox 200 3863 242 3924; x_wconf 82' lang='grc'><strong>111)</strong></span> <span class='ocrx_word' id='word_1_414' title='bbox 260 3862 427 3911; x_wconf 87' lang='lat' dir='ltr'>anat.litera</span> <span class='ocrx_word' id='word_1_415' title='bbox 446 3878 467 3910; x_wconf 85' lang='lat' dir='ltr'>nt</span> <span class='ocrx_word' id='word_1_416' title='bbox 486 3877 539 3912; x_wconf 84' lang='lat' dir='ltr'>enm</span> <span class='ocrx_word' id='word_1_417' title='bbox 558 3863 714 3926; x_wconf 85' lang='lat' dir='ltr'>lincolnsnp-</span> <span class='ocrx_word' id='word_1_418' title='bbox 801 3859 843 3919; x_wconf 85' lang='grc'>16)</span> <span class='ocrx_word' id='word_1_419' title='bbox 863 3873 937 3906; x_wconf 83' lang='lat' dir='ltr'>rnernu</span> <span class='ocrx_word' id='word_1_420' title='bbox 973 3871 1018 3906; x_wconf 87' lang='lat' dir='ltr'>nm.</span> <span class='ocrx_word' id='word_1_421' title='bbox 1037 3858 1118 3907; x_wconf 74' lang='lat' dir='ltr'>Lamli.</span> <span class='ocrx_word' id='word_1_422' title='bbox 1143 3859 1209 3911; x_wconf 77' lang='lat' dir='ltr'>Vnt,</span> <span class='ocrx_word' id='word_1_423' title='bbox 1239 3855 1314 3904; x_wconf 85' lang='lat' dir='ltr'>eliis</span> 
     </span>
     <span class='ocr_line' id='line_1_44' title="bbox 145 3923 1315 3995; baseline -0.008 -15"><span class='ocrx_word' id='word_1_424' title='bbox 145 3932 224 3995; x_wconf 87' lang='lat' dir='ltr'>posita</span> <span class='ocrx_word' id='word_1_425' title='bbox 242 3946 265 3994; x_wconf 88' lang='lat' dir='ltr'>p.</span> <span class='ocrx_word' id='word_1_426' title='bbox 282 3932 358 3979; x_wconf 73' lang='lat' dir='ltr'>vineo.</span> <span class='ocrx_word' id='word_1_427' title='bbox 748 3940 809 3988; x_wconf 83' lang='lat' dir='ltr'>quoe</span> <span class='ocrx_word' id='word_1_428' title='bbox 832 3940 883 3988; x_wconf 86' lang='lat' dir='ltr'>seq.</span> <span class='ocrx_word' id='word_1_429' title='bbox 913 3924 1023 3973; x_wconf 84' lang='lat' dir='ltr'>redditur</span> <span class='ocrx_word' id='word_1_430' title='bbox 1050 3940 1135 3987; x_wconf 80' lang='lat' dir='ltr'>reapse</span> <span class='ocrx_word' id='word_1_431' title='bbox 1161 3923 1315 3986; x_wconf 84' lang='lat' dir='ltr'>superdeum.</span> 
     </span>
     <span class='ocr_line' id='line_1_45' title="bbox 199 3990 1318 4059; baseline -0.009 -11"><span class='ocrx_word' id='word_1_432' title='bbox 199 3999 240 4059; x_wconf 90' lang='grc'>11)</span> <span class='ocrx_word' id='word_1_433' title='bbox 257 4013 310 4046; x_wconf 82' lang='lat' dir='ltr'>cern</span> <span class='ocrx_word' id='word_1_434' title='bbox 330 4012 375 4045; x_wconf 85' lang='lat' dir='ltr'>orn</span> <span class='ocrx_word' id='word_1_435' title='bbox 395 3997 444 4044; x_wconf 79' lang='lat' dir='ltr'>tat.</span> <span class='ocrx_word' id='word_1_436' title='bbox 748 3993 811 4040; x_wconf 91' lang='lat' dir='ltr'>ldem</span> <span class='ocrx_word' id='word_1_437' title='bbox 832 4005 884 4039; x_wconf 88' lang='lat' dir='ltr'>mox</span> <span class='ocrx_word' id='word_1_438' title='bbox 902 3999 923 4038; x_wconf 87' lang='lat' dir='ltr'>et</span> <span class='ocrx_word' id='word_1_439' title='bbox 943 3999 1046 4053; x_wconf 84' lang='lat' dir='ltr'>pretereo</span> <span class='ocrx_word' id='word_1_440' title='bbox 1056 3993 1142 4039; x_wconf 82' lang='lat' dir='ltr'>adiecit</span> <span class='ocrx_word' id='word_1_441' title='bbox 1162 4005 1220 4053; x_wconf 86' lang='lat' dir='ltr'>opus</span> <span class='ocrx_word' id='word_1_442' title='bbox 1232 3990 1318 4038; x_wconf 66' lang='grc' dir='ltr'>ὺωωι</span> 
     </span>
     <span class='ocr_line' id='line_1_46' title="bbox 199 4057 1315 4127; baseline -0.007 -13"><span class='ocrx_word' id='word_1_443' title='bbox 199 4066 240 4127; x_wconf 87' lang='grc'>12)</span> <span class='ocrx_word' id='word_1_444' title='bbox 257 4068 351 4126; x_wconf 74' lang='lat' dir='ltr'>[ossam</span> <span class='ocrx_word' id='word_1_445' title='bbox 370 4063 420 4110; x_wconf 80' lang='lat' dir='ltr'>Vnt.</span> <span class='ocrx_word' id='word_1_446' title='bbox 748 4061 773 4106; x_wconf 86' lang='lat' dir='ltr'>iu</span> <span class='ocrx_word' id='word_1_447' title='bbox 791 4061 880 4105; x_wconf 75' lang='lat' dir='ltr'>cineum</span> <span class='ocrx_word' id='word_1_448' title='bbox 897 4060 961 4120; x_wconf 82' lang='lat' dir='ltr'>quod</span> <span class='ocrx_word' id='word_1_449' title='bbox 977 4060 1034 4107; x_wconf 82' lang='lat' dir='ltr'>mihi</span> <span class='ocrx_word' id='word_1_450' title='bbox 1058 4059 1204 4106; x_wconf 81' lang='lat' dir='ltr'>calidissime</span> <span class='ocrx_word' id='word_1_451' title='bbox 1218 4057 1315 4118; x_wconf 79' lang='lat' dir='ltr'>placuit.</span> 
     </span>
     <span class='ocr_line' id='line_1_47' title="bbox 198 4127 713 4193; baseline -0.016 -12"><span class='ocrx_word' id='word_1_452' title='bbox 198 4132 239 4185; x_wconf 85' lang='grc'>13)</span> <span class='ocrx_word' id='word_1_453' title='bbox 258 4130 374 4180; x_wconf 78' lang='lat' dir='ltr'>llesoeavi</span> <span class='ocrx_word' id='word_1_454' title='bbox 393 4129 505 4179; x_wconf 85' lang='lat' dir='ltr'>Cotolerii</span> <span class='ocrx_word' id='word_1_455' title='bbox 524 4133 582 4193; x_wconf 81' lang='lat' dir='ltr'>cepit</span> <span class='ocrx_word' id='word_1_456' title='bbox 600 4145 623 4190; x_wconf 92' lang='lat' dir='ltr'>p.</span> <span class='ocrx_word' id='word_1_457' title='bbox 642 4127 713 4176; x_wconf 78' lang='lat' dir='ltr'>Fabri</span> 
     </span>
     <span class='ocr_line' id='line_1_48' title="bbox 148 4188 1192 4259; baseline -0.011 -12"><span class='ocrx_word' id='word_1_458' title='bbox 148 4201 181 4248; x_wconf 86' lang='lat' dir='ltr'>St.</span> <span class='ocrx_word' id='word_1_459' title='bbox 195 4199 315 4247; x_wconf 83' lang='lat' dir='ltr'>etHelelii</span> <span class='ocrx_word' id='word_1_460' title='bbox 332 4199 414 4259; x_wconf 86' lang='lat' dir='ltr'>coepit,</span> <span class='ocrx_word' id='word_1_461' title='bbox 436 4211 488 4245; x_wconf 83' lang='lat' dir='ltr'>erim</span> <span class='ocrx_word' id='word_1_462' title='bbox 507 4196 712 4256; x_wconf 64' lang='lat' dir='ltr'>condierocoepih</span> <span class='ocrx_word' id='word_1_463' title='bbox 797 4191 825 4255; x_wconf 86' lang='grc'>3)</span> <span class='ocrx_word' id='word_1_464' title='bbox 846 4192 866 4238; x_wconf 82' lang='lat' dir='ltr'>si</span> <span class='ocrx_word' id='word_1_465' title='bbox 886 4188 945 4250; x_wconf 76' lang='lat' dir='ltr'>nat,</span> <span class='ocrx_word' id='word_1_466' title='bbox 962 4192 1002 4240; x_wconf 84' lang='lat' dir='ltr'>uhi</span> <span class='ocrx_word' id='word_1_467' title='bbox 1022 4191 1075 4239; x_wconf 88' lang='lat' dir='ltr'>dein</span> <span class='ocrx_word' id='word_1_468' title='bbox 1094 4193 1192 4251; x_wconf 83' lang='lat' dir='ltr'>prestet.</span> 
     </span>
     <span class='ocr_line' id='line_1_49' title="bbox 148 4260 1003 4328; baseline -0.011 -16"><span class='ocrx_word' id='word_1_469' title='bbox 148 4265 212 4328; x_wconf 88' lang='lat' dir='ltr'>qnod</span> <span class='ocrx_word' id='word_1_470' title='bbox 231 4266 319 4322; x_wconf 89' lang='lat' dir='ltr'>sciam,</span> <span class='ocrx_word' id='word_1_471' title='bbox 344 4265 503 4313; x_wconf 82' lang='lat' dir='ltr'>Romanorum</span> <span class='ocrx_word' id='word_1_472' title='bbox 522 4261 607 4309; x_wconf 79' lang='lat' dir='ltr'>dixerit</span> <span class='ocrx_word' id='word_1_473' title='bbox 629 4274 713 4319; x_wconf 88' lang='lat' dir='ltr'>ncru0;</span> <span class='ocrx_word' id='word_1_474' title='bbox 1000 4260 1003 4265; x_wconf 82' lang='grc'>’</span> 
     </span>
     <span class='ocr_line' id='line_1_50' title="bbox 146 4322 1238 4394; baseline -0.006 -14"><span class='ocrx_word' id='word_1_475' title='bbox 146 4332 293 4394; x_wconf 82' lang='lat' dir='ltr'>occepitllet</span> <span class='ocrx_word' id='word_1_476' title='bbox 312 4331 360 4380; x_wconf 84' lang='lat' dir='ltr'>Cir.</span> <span class='ocrx_word' id='word_1_477' title='bbox 372 4331 395 4378; x_wconf 92' lang='lat' dir='ltr'>in</span> <span class='ocrx_word' id='word_1_478' title='bbox 406 4337 510 4377; x_wconf 88' lang='lat' dir='ltr'>extremo</span> <span class='ocrx_word' id='word_1_479' title='bbox 531 4327 577 4374; x_wconf 89' lang='lat' dir='ltr'>hoc</span> <span class='ocrx_word' id='word_1_480' title='bbox 597 4342 714 4390; x_wconf 79' lang='lat' dir='ltr'>capper·</span> <span class='ocrx_word' id='word_1_481' title='bbox 801 4327 859 4386; x_wconf 86' lang='lat' dir='ltr'>Cap.</span> <span class='ocrx_word' id='word_1_482' title='bbox 880 4322 907 4371; x_wconf 94' lang='lat' dir='ltr'>ll.</span> <span class='ocrx_word' id='word_1_483' title='bbox 945 4323 969 4380; x_wconf 87' lang='grc'>1)</span> <span class='ocrx_word' id='word_1_484' title='bbox 988 4323 1169 4373; x_wconf 77' lang='lat' dir='ltr'>unimodeertcre</span> <span class='ocrx_word' id='word_1_485' title='bbox 1187 4322 1238 4373; x_wconf 79' lang='lat' dir='ltr'>Pel.</span> 
     </span>
    </p>
   </div>
   <div class='ocr_carea' id='block_1_6' title="bbox 147 4390 1008 4462">
    <p class='ocr_par' dir='ltr' id='par_1_6' title="bbox 147 4390 1008 4462">
     <span class='ocr_line' id='line_1_51' title="bbox 147 4390 1008 4462; baseline -0.01 -14"><span class='ocrx_word' id='word_1_486' title='bbox 147 4400 207 4462; x_wconf 85' lang='lat' dir='ltr'>cepit</span> <span class='ocrx_word' id='word_1_487' title='bbox 229 4402 311 4447; x_wconf 82' lang='lat' dir='ltr'>iterum</span> <span class='ocrx_word' id='word_1_488' title='bbox 327 4398 456 4447; x_wconf 73' lang='lat' dir='ltr'>maximam</span> <span class='ocrx_word' id='word_1_489' title='bbox 473 4395 591 4457; x_wconf 76' lang='lat' dir='ltr'>pendium.</span> <span class='ocrx_word' id='word_1_490' title='bbox 801 4393 828 4457; x_wconf 81' lang='lat'>2)</span> <span class='ocrx_word' id='word_1_491' title='bbox 846 4392 940 4441; x_wconf 71' lang='lat' dir='ltr'>intrem</span> <span class='ocrx_word' id='word_1_492' title='bbox 957 4390 1008 4447; x_wconf 78' lang='lat' dir='ltr'>Pel.</span> 
     </span>
    </p>
   </div>
   <div class='ocr_carea' id='block_1_7' title="bbox 801 3756 1204 3823">
    <p class='ocr_par' dir='ltr' id='par_1_7' title="bbox 801 3756 1204 3823">
     <span class='ocr_line' id='line_1_52' title="bbox 801 3756 1204 3823; baseline -0.005 -13"><span class='ocrx_word' id='word_1_493' title='bbox 801 3761 843 3823; x_wconf 80' lang='lat'>15)</span> <span class='ocrx_word' id='word_1_494' title='bbox 861 3775 887 3809; x_wconf 82' lang='lat' dir='ltr'>oe</span> <span class='ocrx_word' id='word_1_495' title='bbox 905 3757 961 3817; x_wconf 80' lang='lat' dir='ltr'>iat,</span> <span class='ocrx_word' id='word_1_496' title='bbox 981 3756 1068 3807; x_wconf 90' lang='lat' dir='ltr'>deinde</span> <span class='ocrx_word' id='word_1_497' title='bbox 1088 3761 1110 3808; x_wconf 84' lang='lat' dir='ltr'>ei</span> <span class='ocrx_word' id='word_1_498' title='bbox 1130 3774 1204 3808; x_wconf 80' lang='lat' dir='ltr'>seron.</span> 
     </span>
    </p>
   </div>
   <div class='ocr_carea' id='block_1_8' title="bbox 0 0 1464 4882">
    <p class='ocr_par' dir='ltr' id='par_1_8' title="bbox 0 0 1464 4882">
     <span class='ocr_line' id='line_1_53' title="bbox 0 0 1464 4882; baseline 0 0"><span class='ocrx_word' id='word_1_499' title='bbox 0 0 1464 4882; x_wconf 95' lang='lat' dir='ltr'> </span> 
     </span>
    </p>
   </div>
  </div>
 </body>
</html>
