2886 4882
291 208 415 266 lGNdTll
438 210 600 267 brisacha
623 211 664 268 eb
686 211 861 271 asbestos,
890 213 932 272 vt.
956 214 1010 275 vll.
1032 215 1098 275 vttl.
1121 217 1163 275 tx.
1254 215 1314 278 327

135 385 162 434 et
184 393 234 452 per
256 391 351 432 omnes
373 384 400 431 et
422 377 449 431 in
472 372 619 432 omnibus.‘
661 375 714 433 Vos
737 392 803 452 ergo
827 385 915 435 estote
937 372 1041 450 talesn,
1063 379 1110 457 qui
1140 398 1155 437 a
1182 381 1228 440 tali
1250 400 1309 440 eru·

135 459 182 517 diti
205 461 288 526 estis,
311 459 365 514 hoc
387 466 443 523 est,
465 477 479 514 a
501 457 584 515 Paulo
607 458 766 516 Christiiern
789 468 817 516 et
838 459 979 519 Timotheo
1002 454 1197 521 fidelissimo.¹'

218 641 269 697 vti.
312 641 424 709 Quidam
453 634 550 697 autem¹
579 641 688 698 fallaces
721 649 922 699 consueverunt
956 642 1018 701 dolo
1050 645 1167 720 maligno
1196 641 1309 706 somen’

136 725 237 782 Christi
260 725 491 797 circumportare3
521 724 571 780 sed
599 724 735 797 aliquanta
763 725 874 799 indigna
894 725 950 782 lieo
979 735 1089 801 agentes
1117 737 1144 784 et
1174 733 1309 789 contraria

135 809 275 865 doctrinae
299 808 398 862 Christi
422 808 569 880 sapientes,
592 807 624 862 ad
647 808 785 864 interitum
808 824 886 864 suum
908 808 1018 866 sibimet
1039 808 1106 885 ipsis
1122 813 1309 870 consentiunt:

135 908 205 964 quos
228 897 338 964 oportet
358 907 405 945 vos
434 899 560 962 tanquam
582 889 683 946 bestias
711 889 856 947 deobnare.
899 890 1007 960 ,lustus‘
1029 886 1139 968 iuquit,³
1161 894 1308 962 ‚declinans

134 974 230 1030 evadet
250 974 457 1032 inacternum:
486 983 629 1038 extraneus
659 966 771 1030 etenim‘
792 983 874 1047 atque
902 974 1006 1032 dicnus
1036 978 1088 1033 erit
1110 977 1143 1034 ab
1165 978 1308 1052 impiorum

132 1048 305 1131 perditiouo.⁶
347 1055 416 1112 Sunt
438 1057 519 1129 igitur
540 1048 635 1114 canes⁶
657 1057 732 1126 muti,
755 1074 809 1113 uon
823 1056 943 1116 ualentes
956 1058 1063 1128 latrare,
1085 1059 1172 1118 rabidi
1184 1061 1307 1119 occulte:

133 1157 203 1212 quos
226 1139 370 1195 observare
394 1148 518 1212 oportet,
542 1139 717 1197 insanabilem
746 1140 903 1214 languorem
926 1139 1076 1199 habentes.⁴
1118 1141 1241 1200 biedicus
1263 1162 1307 1202 au·

132 1232 187 1280 tem
209 1230 302 1279 noster
323 1230 367 1279 est
387 1223 461 1278 solus
478 1240 557 1279 verus
571 1223 649 1290 neus,
672 1224 809 1295 ingenitus
821 1233 848 1280 et
863 1223 1013 1292 invisibilis,
1037 1226 1165 1283 Dominus
1179 1228 1308 1295 omnium,

132 1304 265 1378 Unigeniti
287 1322 351 1361 vero
375 1313 502 1379 pateret
530 1307 645 1378 genitor.
687 1306 822 1363 Habemus
851 1316 940 1365 autem
962 1308 1095 1365 medicum
1119 1310 1198 1366 ctiam
1220 1309 1308 1368 Bomi-

133 1406 197 1446 num
218 1396 341 1445 nostrum
364 1396 391 1444 et
415 1382 508 1445 licuus'
531 1389 620 1445 lesum
643 1389 787 1458 Christum,
813 1398 873 1447 ante
896 1383 999 1449 secula⁸
1021 1390 1118 1449 Filium
1139 1391 1307 1466 unigenitum

135 1479 162 1529 et
183 1473 210 1528 in
232 1472 366 1546 principio
379 1471 504 1540 Verbum,
527 1480 622 1545 postca
640 1489 704 1528 sero
726 1481 754 1528 et
775 1473 912 1530 homiuem
935 1491 967 1530 eu
983 1473 1066 1530 bieria
1088 1474 1212 1549 Virgine:
1233 1474 1307 1544 ,Ver-

130 1555 195 1612 bum
217 1553 307 1618 enim,‘
329 1555 424 1628 inquit,
446 1572 519 1622 ,caro
542 1555 641 1612 laetruu
655 1546 726 1611 est.‘⁹
770 1555 949 1630 incorporalis
965 1558 991 1612 in
1007 1574 1133 1631 corpore,
1156 1557 1307 1632 impassibi-

131 1639 163 1696 lis
185 1641 213 1694 in
235 1654 351 1712 corpore
374 1637 513 1711 passibili,
545 1637 703 1694 immortalis
734 1640 898 1713 incorpore
926 1639 1047 1708 mortali,
1078 1642 1131 1697 vita
1161 1642 1188 1697 iu
1211 1657 1304 1698 corru·

131 1723 239 1795 ptioue,
270 1729 300 1776 ut
322 1722 354 1777 de
375 1730 463 1777 morte
486 1729 511 1777 et
533 1722 710 1795 corruptione
732 1721 831 1779 liberet
848 1733 876 1780 et
899 1733 977 1780 curet
998 1723 1100 1781 animas
1123 1732 1246 1793 nostras,
1279 1730 1308 1780 et

130 1812 210 1861 sanet
230 1821 276 1861 eas
298 1802 401 1860 infusas
421 1803 518 1861 morbo
541 1804 685 1878 impietatis
707 1813 734 1861 et
755 1805 856 1880 iniquis
878 1806 1032 1864 desideriis.

213 1985 276 2041 vill.
319 1984 414 2043 Nullus
443 2005 508 2061 ergo
536 1997 654 2045 vestrum
682 1990 842 2046 seducatur:
873 1988 948 2062 qnod
970 1998 997 2046 et
1018 1990 1052 2046 de
1072 1988 1149 2046 vobis
1178 1987 1305 2057 conlido3

129 2086 212 2127 unum
227 2071 327 2127 etenim
342 2065 531 2126 omnesestis.¹
553 2072 665 2140 Quando
683 2073 754 2128 enim
772 2070 855 2129 nichil
875 2071 902 2127 in
918 2072 1095 2141 robisiuerit,
1113 2072 1245 2146 quodvos
1259 2087 1307 2146 po·

128 2145 223 2211 tuerit²
246 2154 424 2226 coinquinare
447 2163 473 2209 ct
496 2162 658 2211 tormentum
679 2155 902 2229 superinducere,
925 2156 1075 2212 secundom
1088 2155 1171 2211 ileum
1193 2146 1308 2211 sinitist⁸

128 2238 228 2293 eterit
250 2228 362 2293 Christi⁴
383 2236 518 2293 subiectio
540 2245 628 2294 vestra
652 2246 679 2294 et
700 2237 837 2294 Ecclesiae
859 2238 1048 2343 Ephesiorum,
1072 2254 1142 2311 quae
1164 2245 1207 2295 est
1235 2238 1305 2294 auxi·

128 2320 216 2376 liatrir
245 2329 271 2375 et
301 2318 415 2375 multum
443 2319 594 2376 laudabilis.
645 2320 770 2377 Carnales
803 2320 874 2375 enim
918 2319 1066 2392 spiritualia
1098 2336 1153 2376 non
1189 2329 1307 2392 possunt

129 2419 225 2478 egere,
256 2418 345 2477 neque
369 2395 537 2475 spirituales⁶
560 2403 691 2460 carnalia:
720 2405 792 2459 sicut
812 2395 875 2457 nec'
899 2400 967 2457 ildes
989 2418 1036 2468 ee,
1059 2417 1127 2475 quae
1150 2393 1225 2457 suut⁸
1247 2399 1306 2455 ind-

129 2486 256 2553 delitatis,
280 2501 367 2558 noque
390 2485 534 2542 infidelitas
552 2503 599 2554 ea,
628 2501 697 2559 quan
718 2492 782 2540 sunt
802 2483 875 2539 ildei.
917 2483 971 2538 Vos
1000 2498 1064 2539 vero
1086 2482 1183 2556 repleti
1203 2482 1306 2554 Spiritu

130 2567 240 2636 Sancto,
264 2569 346 2624 nichil
368 2568 485 2635 camme,
510 2571 559 2625 scd
581 2569 671 2624 omnia
687 2558 850 2641 spiritualia'
865 2566 942 2639 agite.
978 2564 1170 2639 Unusquisque
1184 2571 1305 2620 restrum

130 2645 291 2725 perlectus¹⁰
313 2652 348 2706 sit
370 2655 397 2706 in
420 2651 528 2708 Christo
551 2652 629 2720 lcsu,
654 2649 699 2725 qui
723 2657 767 2706 cst
786 2647 904 2704 salvator
926 2649 1045 2704 omniunt
1068 2647 1220 2715 hominum,
1251 2663 1305 2702 me·

129 2726 220 2790 xime¹¹
243 2734 369 2790 iidelium.

213 2915 255 2973 iil.
296 2917 398 2989 Agnou
420 2917 491 2972 cuim
513 2916 620 2990 aliquos
641 2933 674 2974 ex
688 2915 764 2973 vobis
787 2915 862 2971 avia
882 2915 1002 2970 veritatis
1026 2913 1199 2971 discedentes
1210 2912 1307 2971 malam

131 2998 282 3058 doctrinam
297 2999 398 3055 habere
420 2998 502 3056 alieni
515 2998 713 3073 etnequissimi
729 2998 849 3072 spiritus
878 2995 980 3065 Quibus
1003 3012 1057 3053 non
1070 2995 1206 3053 tribuistis
1227 3013 1306 3055 secus

131 3083 200 3138 viam
222 3084 356 3138 seminare
379 3075 499 3149 zizania,¹
521 3082 681 3139 obturantes
704 3098 784 3138 aures
806 3079 839 3136 ad
861 3070 930 3136 uon²
952 3079 1157 3152 suscipiendum
1174 3095 1305 3146 errorem,

185 3309 228 3373 11)
248 3309 307 3358 tales
326 3313 399 3358 estote
418 3315 508 3370 trausp.
526 3307 585 3368 lieg.
732 3303 886 3371 (supraadd.)
922 3304 986 3366 Pol,
1010 3320 1087 3355 omncs
1121 3307 1206 3355 etenim
1235 3319 1305 3354 enum

186 3375 226 3439 12)
244 3377 383 3436 fidelissimo
403 3374 453 3423 des.
472 3374 496 3421 in
514 3374 570 3435 lieg.
736 3376 794 3423 catis
813 3372 869 3432 fleg.

785 3439 812 3503 2)
829 3441 915 3502 poterit
936 3438 984 3487 Pul.
1004 3439 1060 3500 Reg.

184 3510 241 3573 Cep.
259 3510 305 3558 vti.
343 3508 366 3572 l)
386 3510 460 3570 iqitur
478 3507 527 3556 Pal.
545 3508 601 3567 lteg.
786 3506 813 3570 3)
832 3507 917 3554 vivetis
938 3504 986 3554 Pal.
1005 3505 1061 3566 hep.

184 3576 212 3639 2)
229 3578 331 3639 melione
348 3575 410 3640 (seq.
422 3574 521 3638 parvula
542 3572 638 3638 lacuna)
655 3589 701 3624 oo·
786 3571 816 3637 4)
836 3571 920 3620 Christi
939 3570 989 3619 des.
1006 3571 1031 3618 in
1049 3571 1098 3620 Pel.

132 3660 184 3693 men
202 3644 259 3704 lteg.
785 3639 813 3702 h)
831 3640 891 3688 enim
911 3636 1041 3700 supraadd.
1063 3639 1088 3686 in
1107 3638 1163 3700 lieet
1199 3637 1306 3687 Subinde

183 3703 927 3772 &Ummwffiffiffiffimfflffli

184 3777 212 3842 4)
229 3781 289 3826 enim
296 3778 353 3838 lieg.
372 3776 478 3826 Subinde
491 3784 512 3826 et
527 3774 703 3838 (subnotatum)
787 3774 816 3834 6)
835 3771 955 3834 inritans
976 3770 1027 3819 Pal.

121 3852 157 3979 ,et
176 3844 364 3975 p5)apb3bbitbdbe
384 3910 433 3959 Pal.
791 3842 820 3968 ἔ)
836 3837 1130 3969 ξ)η)ιέ)ι))ι)ῐ)4εοτὶρωω
1148 3903 1173 3952 in
1190 3903 1246 3962 ileg.

185 3975 214 4042 6)
232 3993 300 4028 cerne
320 3979 370 4027 Pal.
787 3973 815 4036 9)
833 3973 952 4035 spiritalia
969 3972 1021 4022 Pel.

187 4045 343 4107 iiidcccl
362 4046 435 4095 ileum
454 4043 593 4107 transcripsi
613 4058 640 4093 cx
654 4043 703 4093 Pul.
790 4041 821 4091 lt)
847 4041 965 4103 profectur
983 4038 1034 4088 l’el.

135 4114 192 4175 lteg.
790 4108 818 4159 ii
849 4110 952 4157 nonime
970 4103 1174 4164 detestabiles.
1194 4100 1302 4150 Ceterum

187 4180 202 4228 8
232 4185 312 4229 troium
329 4179 484 4242 interponunt
503 4178 551 4228 Pel.
571 4178 627 4237 iles.
740 4175 913 4234 celsini,
934 4175 972 4224 10.

189 4247 204 4297 9
237 4255 269 4295 cst
290 4261 336 4294 om.
359 4246 407 4295 tat
432 4246 468 4297 ct.
486 4245 520 4294 lo.
542 4245 564 4303 1,
585 4244 622 4292 14.

791 4309 849 4371 Cap.
866 4307 903 4357 lli.
940 4304 967 4367 l)
984 4305 1102 4354 sisont'unt
1119 4302 1170 4354 ert.
1190 4302 1246 4365 iles.

188 4378 246 4443 Cap.
264 4379 320 4429 vlit.
358 4379 381 4443 l)
401 4393 478 4428 omnes
496 4377 623 4427 enimentis
635 4389 706 4426 count
790 4376 817 4441 2)
835 4375 953 4424 dominum
971 4371 1021 4422 l’el.
