2886 4882
286 245 421 306 nunniti
441 247 580 305 instuit.
623 246 719 305 LIBER
742 247 771 305 11.
814 248 958 306 uiuunt
979 247 1034 306 xn.
1055 243 1099 322 (B)
1218 246 1278 309 479

107 414 218 470 luxuriis
242 413 332 469 multis
355 420 383 469 ei
403 413 499 469 stultis.
534 414 626 468 Omnis
650 422 738 470 nutem
760 413 957 469 luxuriantia
980 420 1022 469 est
1042 421 1070 471 et
1090 414 1177 470 inanis
1194 415 1280 471 servis

108 498 161 553 liei.
206 497 278 552 Huec
301 504 364 552 sunt
380 513 448 569 engo
469 497 708 567 concupiscentiae
729 495 823 565 malac,
850 513 920 569 quae
942 512 1036 552 sentus
1057 495 1105 551 ttei
1127 505 1213 553 moute
1235 494 1279 553 εδ·

107 580 212 635 ficiunt.
248 579 314 635 Filia
337 587 380 634 est
400 587 489 634 nutem
511 579 579 634 haec
600 579 670 634 maia
692 580 915 652 concupiscentia
937 578 1048 634 diaboli.
1078 577 1194 634 Debebis
1211 596 1278 653 engo

108 663 246 717 abstinere
269 661 302 716 ab
321 663 380 717 eius
403 660 527 715 omnibus
551 662 703 728 desideriis,
725 668 755 716 ut
776 662 798 715 si
823 660 875 716 iliis
897 677 997 717 vacuus
1019 661 1279 726 fucris,vivus1ieo.

109 744 137 799 ln
158 760 337 817 quoscunque
361 745 432 799 cuim
455 744 589 799 eiusmodi
611 744 734 799 voluntas
757 743 892 800 deminuta
902 745 1005 822 Juerit
1027 752 1055 798 ct
1072 743 1227 815 quicunque
1243 737 1279 799 ei¹

109 844 164 882 nun
187 828 337 894 restiterit,
360 834 495 899 perpetuo
518 827 659 881 munietur.
702 826 857 882 ilortiierue
880 835 967 883 autem
1002 826 1052 881 hae
1076 833 1139 880 sunt
1161 824 1279 881 volunte-

109 918 159 965 tes.
189 910 350 980 induecrgc
364 916 393 963 in
416 907 582 964 desiderium
606 909 733 976 iustitiae,
756 917 784 964 et
805 918 922 965 armatus
944 911 1042 964 timore
1056 907 1162 962 Domini
1180 909 1280 963 resiste

109 992 148 1047 itti
171 991 256 1047 malae
276 992 416 1047 uoluntati.
460 990 713 1046 Timorenimiiei
738 991 888 1048 habitatin
911 990 1150 1047 desidericiiono.
1190 989 1277 1045 Porro

108 1083 196 1130 autem
219 1075 242 1129 si
266 1081 292 1129 tc
315 1073 361 1129 ilia
382 1074 510 1129 natarum
534 1090 624 1129 renum
645 1074 770 1130 voluntas
793 1082 924 1130 armatum
948 1081 1042 1129 contra
1064 1089 1094 1129 se
1125 1073 1214 1128 videat
1247 1074 1279 1128 ti·

109 1150 199 1213 mure²⁸
227 1156 274 1211 uu
295 1156 347 1212 sibi
371 1159 516 1213 resistente
538 1157 659 1229 fugieta
689 1167 715 1213 te
746 1157 844 1230 lunge,
867 1166 894 1213 et
916 1164 1011 1230 postea
1033 1155 1081 1211 tibi
1103 1172 1159 1211 nun
1182 1171 1277 1212 occur·

108 1241 251 1295 rittimcte
274 1255 411 1294 armorum
434 1248 551 1295 tucrum.
581 1240 621 1295 Tu
639 1255 705 1311 ergo
720 1248 831 1312 accepta
844 1241 957 1296 victoria
969 1248 996 1295 ct
1011 1246 1157 1293 coronatus
1172 1237 1206 1294 de
1228 1237 1280 1302 idle,

107 1324 168 1378 veni
191 1323 223 1377 ad
240 1321 427 1377 desiderium
422 1323 547 1378 iustitiae
575 1321 608 1377 Et
621 1320 689 1378 bene
706 1322 742 1378 ibi
755 1323 830 1378 trade
843 1331 869 1379 te
880 1312 1020 1388 iustitiac,⁸
1033 1329 1061 1376 et
1077 1321 1184 1376 tradeei
1199 1322 1280 1377 vicio·

109 1406 184 1469 niem,
209 1420 288 1476 qnam
311 1406 450 1477 accepisti,
473 1413 499 1461 et
521 1406 591 1460 servi
614 1404 733 1473 actibus,
755 1407 803 1477 qui
824 1405 861 1460 itti
883 1406 999 1479 piacent.
1043 1403 1108 1458 Cum
1131 1404 1202 1458 enim
1224 1418 1280 1460 set·-

108 1489 199 1554 vietis,
220 1488 325 1560 puteris
350 1487 422 1543 iilius
445 1487 507 1543 maii
530 1487 668 1542 desiderio
691 1488 824 1543 dominari
846 1495 873 1543 et
895 1487 1041 1558 subiugnre
1064 1478 1157 1542 idem.⁴

108 1600 237 1670 πολλοῦ,
260 1591 411 1700 διαφόρων
431 1593 571 1679 γεόσεων,
593 1594 644 1657 καλ
647 1593 767 1702 ἐτέρων
796 1599 940 1699 τρυφῶν
936 1599 1067 1671 πολλῶν,
1088 1594 1138 1656 καί
1166 1598 1281 1700 μοιρῶν,

108 1704 145 1740 κα
143 1674 265 1777 λδόξγς
287 1675 477 1760 ἀνθρωπίνης
498 1679 548 1742 καί
567 1679 699 1758 ματαίας
743 1682 833 1741 Πᾶσα
848 1675 944 1761 τρυφὴ
965 1703 1047 1760 μωρα
1038 1643 1126 1740 ’,ἐστι
1146 1678 1195 1741 καί
1211 1675 1281 1758 κενὴ

107 1766 168 1832 τοῖς
188 1757 304 1834 δούλοις
325 1768 376 1825 τοῦ
400 1766 485 1825 Θεοῦ.

192 1873 290 1938 *Ἐάν
310 1876 341 1939 δὲ
363 1877 522 1966 δουλεάσγγς
543 1885 577 1966 τῇ
599 1879 742 1964 ἐπιθυμία
765 1885 800 1977 τῇ
823 1874 932 1983 ἀγαθγγ,
955 1878 1005 1941 καὶ
1005 1874 1175 1985 όποταγῇς
1197 1874 1282 1983 αὐτῇ,

111 1954 479 2122 δυραοαιβκρρακυριεῦσαι
501 1968 554 2042 τῆς
562 1942 782 2044 ἐπιθυμίας
748 1987 800 2043 της
812 1968 953 2044 πονηρᾶς,
966 1987 1016 2025 W
1005 1957 1216 2037 ὖπθτᾶξᾱῑ
1180 1957 1281 2042 αυῐῆνι

108 2066 149 2103 κα
171 2067 210 2116 ως
254 2067 289 2105 ου
307 2068 332 2108 ει

190 2155 348 2229 1Ἤθελον
368 2167 491 2244 γνῶναι,
512 2163 610 2233 ποίοις
630 2157 752 2261 τρόποις
769 2162 817 2222 δεῖ
835 2184 869 2239 με
891 2162 1044 2222 δουλεῦσαι
1082 2167 1117 2246 τῇ
1139 2160 1283 2239 ἐπιθυμίᾳ

107 2246 149 2342 τῇ
171 2238 280 2327 ἀγαθῇ.
320 2239 445 2305 ”Ακουε·
474 2245 592 2325 ἐργασαι
619 2238 809 2346 δικαιοσύνην
837 2239 931 2303 κάλ’
915 2239 1024 2342 ἀρετὴν
1047 2238 1206 2343 ἀληθείας,
1234 2243 1284 2306 κα)

108 2303 204 2402 φόβον
224 2325 338 2405 κυρίου
361 2350 410 2387 και
400 2326 533 2401 ’πίστιν
556 2321 641 2385 καί’
626 2322 750 2408 αγάπην.
797 2329 895 2385 Ταῦτα
923 2320 1110 2407 ἐργαζόμενος
1131 2321 1284 2405 εὐάρεστος

108 2407 159 2492 ἐσγ
182 2409 286 2479 δοῦλος
310 2411 395 2470 Θεοῦ
417 2444 453 2453 -

169 2490 276 2560 ††1tat
297 2489 412 2552 ουντελέ
413 2509 465 2563 σας
485 2487 537 2564 τάς
557 2485 671 2552 δυόδεκα
691 2484 797 2562 ταότας
818 2483 934 2593 ἐντολάς
943 2487 1044 2590 λέγει·
1052 2483 1227 2590 -πορεάου
1251 2487 1284 2552 ἐν

109 2578 172 2644 ταῖς
191 2572 320 2646 ἐντολαῖς
339 2598 466 2648 ταυταις,
490 2575 539 2636 καί
538 2570 716 2680 aequidies
728 2574 777 2634 καλ
791 2567 859 2644 τούς
877 2568 1039 2674 άκράοντας
1055 2569 1235 2675 πορεύεσθαι
1252 2571 1284 2634 δν

107 2651 216 2730 αὐταῖς,
241 2657 291 2718 ίυα
311 2682 330 2738 η
353 2655 489 2736 μετάνοια
511 2654 608 2720 αὐτῶν
627 2652 747 2739 καθαρά
767 2651 933 2740 γίνηται“
902 2679 955 2729 τας
978 2650 1083 2729 λοιπάς
1102 2651 1268 2736 vinique*
1232 2679 1285 2737 της

109 2741 166 2812 ζ
168 2736 309 2812 ςαῦτων.

124 2763 318 2929 ωηἰίιιίίάριε,
332 2823 365 2883 αί
383 2817 556 2884 ἐντολαὶ
516 2847 603 2885 αυται
624 2819 741 2925 μεγάλαι
757 2846 807 2884 και
828 2821 912 2884 καλαὶ
926 2820 976 2884 καί
989 2823 1113 2926 δυγαταί
1133 2821 1213 2903 εἰσιν
1235 2823 1284 2884 δυ-

108 2899 230 2982 νάμενυι
246 2930 390 2987 ευφραναι
400 2930 453 2985 την
473 2908 596 2988 καρδίαν
616 2931 668 2969 του
654 2905 847 2983 δυναμένου
862 2906 986 2984 τηρῆσαι
999 2901 1096 2979 αὐτάς.
1122 2901 1185 2966 Οὐκ
1207 2875 1284 2981 οίδα,

108 2984 198 3068 κύριε,
222 2991 248 3049 et'
268 2988 406 3052 δύνανται
427 2989 460 3050 αί
474 2981 635 3052 ἐντολαί’
597 3012 683 3051 uveni
701 2985 760 3051 ἀπο
749 2985 885 3051 πολλῶν
896 2993 1094 3090 φυλαχθῆνρι,
1115 2984 1190 3049 διότι
1203 2994 1285 3050 σκλ-

109 3070 158 3151 ραί
180 3072 259 3134 εἰσιν.
297 3070 404 3152 Ἐμβλέ
405 3072 521 3151 ψαςδδ
542 3069 670 3135 adiisti
699 3074 804 3144 δοῦλος
824 3077 876 3133 τοῦ
901 3074 978 3134 Θεοῦ
1006 3066 1076 3151 μετά
1101 3075 1210 3176 πολλῆς
1233 3012 1285 3133 οά-

109 3155 228 3256 στηρίας
249 3151 342 3217 εἶπεν
365 3153 497 3236 ἀνανδρε,
521 3153 691 3234 ἀκηδιαστά,
714 3151 831 3234 ῥάθυμε
849 3155 898 3216 καί
920 3152 1093 3237 ὄλιγόψυχε,
1115 3150 1170 3216 οόκ
1192 3149 1283 3231 οἶδας,

109 3233 169 3307 ὅτι,
211 3233 263 3298 ἐάν
293 3238 324 3300 ἐν
352 3239 398 3300 σοί
425 3238 518 3343 ἐαυτῷ
547 3246 648 3325 προθγ)
683 3262 727 3300 οιι
760 3237 896 3300 δύνανται
917 3243 1129 3382 ἒφυλαχθῆναι,
1159 3233 1287 3312 εὐκόλως

109 3315 200 3392 αὐτάς
221 3318 365 3397 φυλάξεις,
387 3318 489 3382 καί’
457 3344 512 3383 ουκ
534 3322 647 3424 ἐσρνται
657 3323 807 3426 σκληραί;
837 3320 929 3383 Είδέ
949 3319 1079 3406 ἀναβῇέ
1065 3318 1169 3382 ἐπλ“
1123 3346 1192 3424 την
1217 3345 1285 3423 καρ·

109 3403 177 3462 δίαν
199 3421 260 3478 σου,
283 3404 318 3465 οὐ
340 3401 487 3465 δύνασθαι
510 3400 670 3476 αὐιάςῦπό
692 3400 860 3486 ἀνθρωπιον
879 3409 1075 3483 φυλαχθῆναι,
1098 3426 1134 3464 ου
1123 3400 1286 3479 ’φυλάξεις

109 3480 208 3557 αὐτάς.

110 3653 136 3700 in
155 3652 205 3700 Vnt.
225 3660 315 3714 trunsp.
333 3653 372 3699 dee
390 3650 500 3698 mundata
518 3654 633 3702 custodire
651 3655 680 3702 ud
767 3654 824 3717 Cup.
844 3654 871 3700 11.
909 3650 933 3713 1)
953 3650 1055 3710 eisPei„
1074 3649 1284 3714 deinteeeptee.

109 3721 209 3766 dentice.
766 3721 793 3784 2)
811 3723 917 3768 timerem
933 3744 967 3753 —
983 3720 1129 3767 resistentem
1148 3717 1198 3765 Pei.

165 3783 207 3846 11)
227 3785 284 3831 mitit
303 3798 349 3831 orn.
368 3783 418 3832 Vnt.
766 3787 793 3847 3)
817 3786 850 3833 lte
875 3785 1009 3833 conmututi
1037 3784 1163 3833 lectionem
1188 3782 1285 3832 Codicis

165 3852 206 3914 lt)
225 3854 245 3899 si
264 3851 313 3898 des
331 3851 355 3898 in
373 3850 423 3898 Vnt.
716 3851 816 3900 Palatini
847 3853 900 3898 ueni
935 3853 965 3899 ud
995 3852 1137 3901 desiderium
1170 3852 1285 3898 iustitiae.

716 3919 775 3966 Bene
793 3918 864 3965 trudit
882 3925 903 3966 et
922 3919 957 3966 iti
975 3921 1089 3968 iustitiae.
1126 3918 1178 3966 Nou
1206 3915 1285 3965 eodum

715 3992 742 4032 ut
759 3984 788 4032 ud
806 3983 910 4032 iustitiae
928 3983 1073 4033 desiderium
1091 3983 1179 4042 veniae,
1198 3982 1240 4030 sed
1258 3989 1285 4031 ut

716 4059 793 4099 totum
810 4065 836 4098 se
854 4050 901 4113 ipsi
917 4051 1022 4099 iustitiae
1038 4051 1117 4099 trudet
1134 4048 1284 4097 admonetis.

716 4117 761 4166 λυῑ
783 4117 892 4166 κατίδοις
927 4118 987 4166 Bene
1010 4118 1084 4164 tradet
1107 4121 1128 4163 te
1152 4115 1212 4163 ittud
1236 4116 1284 4179 ipsi

164 3950 206 4013 13)
224 3954 280 4000 daec
316 3949 434 4013 adscripsi
461 3964 488 3999 ex
514 3950 571 4000 Fuh.
597 3952 631 4000 St.
658 3958 682 3998 et

110 4019 418 4148 λελρρρυρλρριιιρᾶρυορυο
438 4024 500 4067 textu
520 4033 554 4080 gr.

163 4185 204 4240 15)
224 4186 408 4232 dissimulaveris
435 4184 517 4231 Lamb.
548 4182 614 4242 Vnt.;
644 4181 683 4230 nic
717 4185 834 4235 iustitiae.
852 4184 943 4233 Deinde
962 4182 1054 4232 correxi
1073 4197 1133 4245 quue
1151 4181 1175 4229 iu
1194 4182 1243 4245 qui.

110 4251 154 4311 fitia
173 4250 263 4312 absque
281 4253 325 4309 tui,
346 4259 445 4312 uterque
464 4249 519 4297 dein
534 4250 648 4297 iudicasti
659 4263 683 4310 p.
767 4249 795 4313 d)
813 4250 922 4299 eumPei.
939 4249 973 4298 nh
984 4250 1031 4297 hoc
1047 4247 1103 4297 inde
1121 4247 1177 4297 ioue
1188 4246 1284 4296 deside·

112 4317 262 4364 indicaveris.
297 4316 323 4363 iu
349 4317 399 4365 iat.
424 4316 549 4364 invenitur
570 4316 684 4364 custodiri
716 4325 783 4366 eninr
799 4317 906 4379 gentinus
916 4323 993 4364 textus
1003 4314 1153 4365 recensionis
1161 4313 1284 4364 Peletinee

112 4384 140 4431 ei
159 4382 259 4431 domiue.
715 4399 793 4448 usque
813 4383 844 4431 ed
853 4384 877 4432 V.
895 4381 1007 4431 medium
1103 4396 1107 4404 ·
