2886 4882
648 237 785 295 unam,
808 238 943 295 PASTOR.

652 482 872 542 ENTOAH
893 474 945 542 A.

295 597 420 675 Πρῶτον
438 591 555 658 πάντων
575 594 767 659 πίστευσον“
750 620 795 660 οτι
816 591 858 670 είς
878 595 936 657 ἔστί
956 592 1084 676 θεός,
1066 621 1083 659 ο
1104 592 1140 659 τδι
1160 591 1260 659 πάντα
1289 595 1391 668 κτίσας

212 676 258 738 καί
284 679 476 782 καταρτίσας,
497 678 546 742 καί
567 678 709 785 ποιησας
713 680 746 743 ἐκ
767 685 819 742 τοῦ
838 674 884 781 μίη
900 674 985 753 ὄντος
1005 676 1094 752 είς
1067 705 1099 743 το
1121 673 1248 742 είναι
1210 702 1257 782 13
1283 675 1388 755 πάντα,

210 759 260 822 καί
279 758 373 822 πάντα
393 768 509 864 χηρῶν,
532 761 621 841 μόνος
642 759 709 825 δέ’
693 761 839 869 αχηίρητος
860 759 917 836 33,
940 763 988 824 καί
1011 763 1162 867 ηοβήθητι
1183 757 1284 825 αύτύν.
1330 730 1389 824 Καί

211 840 366 923 ἀποβαλεῖς
395 851 493 908 πᾶσαν
522 848 666 948 πονηρίαν
693 843 752 909 άπὸ
781 851 853 919 σοῦ,
882 810 932 906 κύὶ
958 841 1064 950 ένδύση
1089 853 1188 909 πᾶσαν
1209 841 1319 925 άρετὴν
1340 845 1389 907 καί

211 924 416 1008 δικαιοσύνην
437 928 487 991 καί
508 927 578 1013 ζήση
599 936 639 1014 τῷ
661 936 743 1015 θεῷ
767 925 818 991 333
838 893 1022 1014 ύυλάξης
991 953 1044 1009 την
1065 926 1183 1010 ἐντολὴν
1203 927 1323 1009 ταύτην.

651 1145 872 1206 ΕΝΤΟΛΗ
899 1138 944 1206 Β

293 1259 381 1361 Λίηει
409 1284 458 1338 μοι
487 1255 645 1360 Ἁπλύτητα
672 1261 732 1343 ἔχε,
765 1255 860 1323 καί”
841 1282 951 1332 ακακος
977 1260 1110 1362 γίνου,1
1116 1258 1167 1320 καί
1194 1258 1261 1362 ἔσῃ’
1293 1255 1334 1332 39
1353 1255 1388 1321 τά

212 1339 301 1443 νήπια
322 1339 357 1405 τὰ
378 1340 417 1423 μὴ
438 1340 617 1426 γινώσκοντα
639 1311 832 1448 πονηρίαν
803 1368 862 1441 την
877 1337 1110 1404 αἰπολλῦσαν8
1079 1366 1133 1421 την
1147 1337 1229 1446 ζωὴν
1257 1349 1320 1406 τῶν
1340 1338 1387 1404 άν-

211 1423 347 1508 θράποτν.
393 1432 517 1507 Πρῶτον
538 1428 593 1537 933
610 1426 748 1536 μηδενὸς
754 1422 905 1490 καταλάλει
926 1425 998 1505 μηδὲ
1018 1421 1163 1529 33339⁴''
1145 1449 1234 1488 ακονε
1263 1433 1386 1488 καταλα·

210 1517 348 1585 λοῦντος
377 1535 402 1574 ει
396 1511 452 1574 δ’ὲ
463 1508 527 1617 μή,
548 1513 597 1575 καί
616 1510 653 1575 σύ
675 1508 792 1574 ίοιούοτν
813 1511 910 1588 ἔνοχος
910 1510 1019 1613 Λέση
1009 1515 1062 1589 τῆς
1090 1504 1230 1610 ἁμαρτίας
1254 1515 1311 1572 τοῦ
1337 1533 1388 1571 κα

210 1601 414 1698 τρλαλοῦπης,
438 1593 493 1699 333
520 1592 674 1713 πιστεύσῃς
704 1602 740 1699 τη
768 1597 924 1676 κατολαλιᾷ
953 1619 973 1679 η
999 1589 1036 1655 άν
1057 1589 1199 1696 ἀκούσης·
1232 1590 1388 1665 πιστεύσας

210 1674 264 1781 γάρ
285 1678 333 1741 καί
355 1675 391 1741 σύ
412 1676 499 1753 αὐτὸς
520 1680 663 1755 ίξεις...ὅ
683 1687 735 1742 τοῦ
756 1675 884 1778 ἀδελφοῖν
906 1695 974 1779 σου·
996 1674 1089 1750 ούτας
1118 1666 1173 1739 οὖν
1204 1677 1308 1775 ἔνοχος
1336 1677 1384 1761 ἴση

210 1767 245 1847 τῇ
267 1759 391 1846 άμαρτία
410 1766 464 1824 τοῦ
482 1732 717 1871 καταλαλοῦνηος
761 1755 927 1867 Πονηρᾶ
906 1785 925 1839 η
947 1756 1105 1823 καταλαλιύ
1125 1759 1175 1822 καὶ
1187 1756 1386 1845 ἀκατάστατον

211 1841 377 1923 δαιμόνιον,
397 1845 538 1950 μηδέποτε
558 1849 732 1953 είρηνεῦον,
758 1841 830 1907 άλλδι
858 1838 981 1906 πάντοτε
1009 1842 1040 1906 ἒν
1069 1840 1281 1924 διχοστασίαις
1290 1869 1385 1949 κατρι·

211 1932 291 1989 νοῦν.
330 1921 512 2006 Ἀπέχου
476 1952 531 1990 ουν
552 1926 605 1990 ἄπ’
630 1927 738 2003 αὐτοῦ,
760 1928 810 1990 καὶ
830 1925 975 2030 εὐθηνίαν
994 1923 1117 1990 πάντοτε
1141 1926 1212 2001 έξετς
1229 1924 1304 2008 μετὰ
1317 1927 1385 1990 πάν

211 2032 275 2108 τορν.
308 2005 455 2071 Ἕνδυσαι
475 2007 557 2072 δέ
518 2036 580 2112 την
590 2008 773 2116 σεμνότητα,
796 2001 866 2114 ἕνῇ
899 2008 987 2072 οὐδέν
1015 2009 1202 2115 πρόσκομηά
1214 2009 1275 2073 έσττ
1297 2035 1385 2091 πονη

247 2116 278 2173 ν,
301 2087 373 2154 άλλύ
393 2089 488 2156 πάντα
509 2089 628 2200 39333
623 2095 673 2157 καί
693 2090 829 2198 ἱλαρὰ
800 2120 835 2156 τα
856 2093 932 2176 έργα.
971 2091 1078 2177 Ἐργάζ
1077 2118 1112 2157 ον
1133 2090 1166 2156 τδ
1187 2089 1318 2176 άγαθδν,
1341 2094 1387 2158 καί

210 2089 377 2238 3333
342 2173 442 2281 κόπον
463 2198 527 2251 σου,
549 2170 591 2241 ὧν
611 2174 628 2241 3
649 2174 722 2252 θεὸς
742 2178 844 2240 δίδωσί
865 2178 934 2253 σοι,ο
954 2183 1043 2240 πᾶσιν
1065 2174 1287 2257 ύστερονμένοις
1302 2181 1386 2281 δίδρυ

210 2255 324 2365 3339,
351 2257 390 2341 μὴ
419 2260 557 2337 διστάζων
583 2265 641 2325 τίνι
668 2258 773 2346 3539'¹
753 2288 772 2341 η
794 2263 850 2324 τίνι
871 2256 910 2341 μὴ
932 2261 1003 2345 δῷς·
1025 2267 1097 2325 πᾶσι
1119 2262 1216 2323 δίδου·
1236 2268 1312 2325 πᾶσι
1317 2259 1385 2364 γὰρ

212 2340 230 2406 3
251 2339 323 2418 θεὸς
344 2345 483 2408 δίδοσθαι
504 2346 583 2410 θέλει
606 2346 715 2409 ἐκτῶν
737 2346 819 2407 ἰδίων
850 2325 1034 2423 δωρημάτοτν.
1079 2335 1181 2406 03¹
1144 2368 1198 2406 ουν
1226 2343 1388 2425 λαμβάνον·

210 2450 256 2500 τες
276 2423 464 2491 άποδιύσονσι
484 2427 619 2530 λόγον
592 2435 631 2491 τῶ
640 2435 732 2535 θεῷ,
755 2425 803 2490 διὰ
825 2429 853 2488 τί
873 2427 977 2507 ίλαβον
998 2428 1048 2490 καί
1067 2430 1107 2502 είς
1128 2429 1171 2488 τί
1193 2427 1282 2489 οί
1250 2454 1305 2508 μεν
1335 2426 1387 2530 γάρ

209 2509 403 2591 λαμβάνοντες
424 2496 648 2616 θλιβόμενοι’
616 2538 651 2576 ον
673 2477 919 2619 δίκύισθησονται,
941 2535 970 2572 οι
962 2510 1021 2574 33
1044 2510 1075 2575 έν
1095 2506 1248 2615 ύποηρίσει
1278 2510 1386 2614 λαμβά

210 2619 308 2669 νοντες
328 2597 440 2659 τίσουσι
462 2598 554 2677 δίκην.
595 2592 630 2658 0
651 2589 705 2659 σύν
727 2593 827 2668 διδούς
849 2590 953 2697 άθῷύς
974 2595 1065 2657 ἔστιν·
1088 2620 1127 2669 ως
1138 2620 1194 2677 γαρ
1192 2594 1291 2701 έλαηίε
1308 2592 1386 2677 παρὰ

210 2685 262 2741 τοῦ
282 2681 387 2780 κυρίου
414 2676 467 2760 τὴν
494 2681 661 2755 διακονίαν,
690 2679 831 2760 ίδ[ιοσε],7
861 2675 900 2757 μὴ
930 2679 1088 2758 διακρίνων
1116 2681 1144 2740 τί
1164 2680 1214 2763 33.
1262 2680 1386 2783 Εγένετο

211 2753 266 2825 οὖν
293 2758 313 2839 3
343 2762 545 2826 διακουία”
506 2788 580 2843 αντη
609 2760 708 2837 άπλῶς
735 2768 901 2824 τελεσθεῖσα
931 2761 1048 2862 ἔνδοξος
1075 2758 1155 2843 παρὰ
1176 2767 1217 2865 τῷ
1238 2769 1312 2867 θεῷ.
1355 2761 1388 2825 0

210 2835 265 2907 σύν
285 2842 378 2917 οὕτως
399 2843 497 2920 άπλῶς
519 2847 663 2909 διακονῶν
683 2851 723 2932 τῷ
734 2851 807 2952 θεῷ
817 2840 949 2948 ζήσεται.
994 2841 1128 2908 Φύλασσε
1155 2825 1211 2907 νύν
1231 2842 1285 2919 τὰς
1282 2827 1385 2909 έ-ντο

210 2924 263 3002 λάς
291 2923 396 3002 ταύτας
424 2928 464 3034 ὥς
492 2951 537 2992 σοι
559 2911 750 3036 λελάληκα]
736 2954 784 2992 ινα
804 2924 827 3009 η’
848 2924 984 3008 μετάνοιά
1006 2948 1059 2990 σου
1081 2927 1131 2991 καὶ
1150 2934 1203 2990 τοῦ
1225 2929 1311 2992 οίκον
1333 2950 1388 2993 σον

210 3011 243 3075 έν
263 3005 401 3092 άπλότητι
423 3009 544 3101 εύρεθη“
564 3015 614 3076 καί
634 3009 767 3099 ἀπολαύῃ
785 3017 926 3093 καθαρῶς
946 3011 995 3074 καὶ
1017 3008 1147 3085 ἀνιάτως.

660 3233 872 3292 ΕΝΤΟΛΗ
890 3227 937 3291 Γ’.

296 3339 443 3405 Πάλινλ
428 3342 500 3427 λέγει
536 3368 585 3424 μοι
607 3343 809 3453 Ἀληθειαην’
793 3345 905 3429 αγάπα,
934 3345 982 3408 καί
1010 3352 1090 3409 πᾶσα
1092 3340 1244 3450 άληθεια
1273 3345 1306 3408 έιι
1334 3351 1388 3409 τού

210 3423 350 3535 33393339
363 3447 417 3490 σου
432 3428 678 3533 ἔκπορενέσθω,”
664 3455 712 3492 ινα
721 3427 753 3492 τύ
769 3436 893 3535 πνεῦμα,
910 3426 1009 3503 δθεὸς
1023 3426 1190 3535 ιιατηίκισενι
1211 3428 1243 3491 ἐν
1253 3453 1289 3516 τη
1274 3429 1386 3532 ’σαρκί

209 3508 326 3617 ταύτη,
330 3508 440 3620 ίιληθές
459 3508 569 3600 εύρεθη
576 3511 674 3618 πυρίη
693 3519 781 3576 πᾶσιν
801 3509 981 3618 ἆνθροίποις,
1003 3511 1111 3574 καί”
1076 3537 1152 3575 οντιο
1171 3509 1386 3593 δοξασθήσεται

210 3588 286 3672 δμοῦ
308 3593 377 3657 δέν
398 3596 443 3659 σοί
465 3603 625 3660 κατοικῶν
656 3595 702 3660 ίίτι
722 3593 828 3701 κύριος
844 3593 988 3696 άληθιηός
1009 3596 1086 3659 ἔστιν
1107 3596 1139 3658 ἐν
1158 3596 1246 3658 παντί
1267 3595 1384 3697 ρηματι,

160 3702 169 3718 ·
210 3676 260 3738 καί
282 3674 368 3740 ουδέν
379 3704 451 3785 παρ
477 3677 555 3743 αύτω
542 3684 696 3762 ψεῦδος
742 3671 828 3742 Οί
791 3704 846 3742 ουν
857 3675 1035 3758 ψευδομενοι
1056 3676 1236 3742 αθετονσι
1207 3704 1259 3741 τον
1257 3704 1384 3785 κυριον

210 3759 260 3822 καί
280 3758 451 3844 γίνονται’
436 3745 626 3847 αποστερηταὶ
646 3771 699 3830 τοῦ
720 3765 838 3846 κυρίου,
860 3763 909 3825 καί
931 3787 971 3842 μη
992 3760 1201 3842 παραδιδόντες
1229 3758 1311 3850 αύτῷ
1331 3789 1385 3844 την

263 3999 338 4048 Μοοδ
345 4000 372 4048 11
393 3999 516 4064 Ιληιιτίιον
530 4013 612 4061 apogr
624 4015 686 4050 ιον·
699 4002 779 4064 priore
866 3999 892 4062 5)
911 3997 1025 4047 nonnulla
1044 3998 1129 4047 deesse
1147 4005 1256 4062 apparet.

209 4067 302 4116 ονΙΙοΙιε
321 4067 417 4116 omissa.
865 4069 892 4129 6)
912 4063 1018 4114 δίδωσί
1034 4078 1090 4114 σοις
1110 4081 1193 4143 οηιοητ.
1212 4061 1341 4114 δίδωσοι.

263 4135 352 4187 νικαὶ
380 4131 444 4201 ἔνης
474 4148 557 4195 οροςτ.
582 4128 613 4180 δ
638 4130 705 4218 ἴση,
735 4136 778 4184 scd
864 4131 1041 4194 ἵ)ἔδ[ωοε];
1064 4148 1100 4181 οιο
1118 4149 1141 4181 ιιι
1162 4148 1216 4195 ¹1⁵⁰
1235 4147 1319 4194 ονοςτ
1340 4140 1382 4181 est.

209 4198 325 4262 super3
345 4210 426 4249 notata
446 4209 500 4249 ενοι
519 4201 593 4248 haec:
612 4197 673 4265 γὰρ,
688 4199 711 4262 η,
725 4203 778 4251 καὶ.
863 4206 889 4262 δ)
908 4202 970 4250 ἰνίον
988 4197 1382 4277 εύρεθηοικαὶεορτοεοτίριονι

261 4266 288 4326 3)
306 4283 388 4330 apogr
408 4261 578 4318 ἀπόλλυσαν.
812 4278 886 4317 εει
860 4285 949 4338 κριτη,
967 4267 1130 4316 ιεεεοιίοείοιο
1151 4281 1220 4315 manu
1240 4281 1324 4315 ramus
1341 4266 1382 4314 δο-

261 4333 390 4394 λλοροςε.
417 4344 544 4398 eorrtupte
577 4328 667 4396 μηδὲν
691 4331 777 4398 μηδη,
811 4336 891 4385 letum.

210 4410 283 4461 super
302 4416 317 4462 η
336 4407 441 4450 extremo
459 4401 545 4454 litteris
562 4401 612 4454 ένα
630 4399 724 4464 positis.
862 4402 940 4452 Μεοδ.
960 4400 1000 4449 ΙΙΙ.
1036 4400 1062 4464 1)
1080 4415 1165 4464 οροςτ
1185 4394 1358 4467 κατῴκησεν.
