2886 4882
278 237 414 298 lllllllltlll
434 238 573 299 PASTOR.
616 241 712 299 ltutttt
733 241 777 303 lll.
821 242 980 302 Sllllbll'.l
1001 245 1033 304 ll.
1055 242 1098 320 (b)
1223 245 1283 312 485

111 407 212 462 Etenim
242 407 265 462 si
294 406 411 462 volueris
439 415 534 480 postea
556 409 654 465 reverti
687 410 712 464 in
734 408 830 464 urbem
852 417 932 478 tuam,
955 411 1108 470 excluderis
1129 413 1162 470 ab
1185 433 1230 480 ea,
1254 423 1283 473 et

111 506 164 545 non
187 490 346 561 recipieris,
369 491 392 545 si
415 488 448 543 ab
471 493 529 546 eius
553 492 715 548 discesseris
737 491 806 564 lege.
850 491 914 548 Vide
933 494 1024 566 itaque
1056 503 1084 550 tu
1111 499 1182 553 sicut
1203 516 1280 572 pere·

111 574 204 645 prinus
228 573 271 627 lrio
293 565 437 639 babitans,⁴
468 590 500 628 ne
531 574 596 645 quid
628 574 741 648 emplius
768 590 915 646 praepares
944 575 1006 643 tibi,
1030 594 1110 650 quam
1142 581 1214 652 quod
1246 583 1282 639 sit

110 656 304 720 necessarium,
329 654 401 726 quod
425 654 542 711 sufficiat
563 656 596 711 ed
618 654 734 722 victurii,
757 666 923 729 paratusque
955 659 1008 726 sis,
1033 666 1062 714 ut
1084 676 1144 715 cum
1165 661 1282 720 voluerit

111 738 236 793 dominus
256 738 337 792 buius
360 736 435 791 urbis
459 738 596 811 expellere
612 747 647 807 te,
661 734 743 808 [non]
760 739 952 796 contradicens
964 739 1069 813 legibus
1084 744 1143 797 eius
1159 745 1280 814 recedas,

111 828 137 875 ct
159 822 250 875 venias
273 822 298 875 in
322 819 416 874 urbem
441 829 519 888 tuam,
542 824 681 894 utarisqne
710 821 769 893 lege
800 830 844 877 tua
872 823 930 877 sine
961 824 1057 879 iniuria
1087 824 1183 880 laetus.
1227 825 1280 883 Vos

110 904 199 975 igitur,
222 904 267 975 qui
290 903 397 957 servitis
419 902 472 958 [leo
496 920 612 976 eumqrre
636 905 661 959 in
684 903 852 977 praecordiis
867 906 963 961 restris
986 906 1099 975 bebetis,
1121 924 1204 980 opera
1221 910 1280 965 eius

55 1014 56 1017 ¹
110 986 198 1055 facite,
222 1002 356 1041 memores
371 986 557 1040 mandatorum
570 988 838 1058 promissionumque
854 988 921 1055 eius,
943 982 1134 1062 quascunque⁶
1156 992 1281 1064 promisit

109 1085 138 1124 se
163 1069 296 1124 lecturum
330 1069 387 1131 eis,
418 1070 464 1140 qoi
495 1069 609 1124 credunt
637 1071 661 1124 ci
697 1077 724 1124 et
752 1070 875 1123 mandato
902 1072 961 1125 eius
993 1071 1183 1128 custodierint.
1225 1074 1279 1130 Pro

109 1153 179 1222 agris
204 1152 286 1222 igitur
308 1149 429 1206 emendis
451 1153 555 1206 animos
573 1153 605 1207 de
621 1151 827 1207 necessitatibus
843 1152 976 1220 redimite,
999 1162 1079 1226 prout
1101 1157 1161 1227 quis
1179 1163 1280 1229 potest

109 1233 207 1289 Viduas
223 1243 249 1288 et
265 1232 381 1305 pupillos
395 1233 492 1299 loreto,
515 1250 564 1288 nec
579 1251 626 1289 vos
644 1236 770 1290 avertatis
791 1234 824 1289 ab
843 1234 906 1308 illis,
930 1245 958 1292 et
971 1253 1037 1309 opes
1057 1245 1160 1293 vestras
1183 1254 1279 1295 omnes

109 1323 136 1372 et
157 1324 300 1388 apparatus
324 1316 350 1370 in
373 1315 527 1371 huiusmodi
559 1334 639 1389 agros
669 1317 821 1389 domusque
851 1319 1007 1392 impendite,
1032 1311 1109 1391 quiae
1131 1329 1279 1394 propterea

109 1399 176 1454 baec
197 1398 342 1471 accepistis
364 1415 379 1452 a
400 1398 464 1453 Deo.
506 1398 544 1453 Ob
569 1400 621 1454 hoc
644 1416 708 1472 ergo
731 1400 860 1456 Dominus
875 1401 1054 1473 locupletavit,
1077 1410 1106 1457 ut
1122 1402 1278 1459 huiusmodi

108 1483 257 1536 ministeria
286 1482 444 1536 exercentis.
491 1479 574 1537 llulto
605 1483 675 1537 eninr
703 1482 799 1537 melius
829 1492 885 1547 est,
917 1484 983 1539 tales
1015 1485 1111 1540 domos
1140 1502 1278 1558 agrosque

108 1566 231 1631 mercari,
253 1580 322 1636 quos
345 1564 478 1619 inventuri
498 1566 564 1619 estis
588 1565 613 1619 in
637 1565 704 1620 urbe
725 1573 829 1631 vestra,
861 1582 922 1620 curn
951 1567 1114 1622 intraveritis
1143 1568 1169 1622 in
1199 1568 1279 1624 illam.

108 1647 160 1703 Eae
184 1647 365 1703 iucunditates
388 1645 474 1701 bonae
497 1646 652 1720 hilaresque
673 1655 736 1702 sunt
758 1649 817 1702 sine
839 1650 974 1704 moestitia
999 1656 1026 1704 et
1042 1650 1147 1706 timore.
1190 1649 1279 1707 Nolite

108 1731 189 1801 igitur
211 1738 364 1784 exterarum
387 1729 505 1799 gentium
529 1730 710 1787 iocunditates
733 1730 877 1803 adpetere:
907 1732 1101 1787 inconveniens
1124 1741 1212 1788 autem
1234 1740 1279 1790 cet

108 1812 183 1866 robis
207 1812 292 1867 servis
312 1809 431 1866 Domini:
451 1811 497 1866 sed
522 1813 606 1885 magis
633 1814 774 1887 propriam
806 1813 996 1869 abundantiam
1026 1831 1152 1871 exercere
1177 1817 1202 1871 in
1225 1815 1278 1880 bis,

108 1893 261 1966 exquibus
284 1894 395 1968 possitis
424 1895 556 1966 consequi
580 1897 715 1968 gaudium.
760 1895 918 1953 adulterare
948 1905 1038 1952 autem
1068 1896 1164 1964 nolite,
1187 1913 1277 1971 neque

107 1977 247 2050 adtingere
269 1978 394 2043 alienum,
417 1993 467 2032 nec
491 1980 690 2051 concupiscatis
712 1978 794 2047 illud3
816 1996 919 2035 nocens
939 1981 1011 2035 enim
1033 1997 1078 2036 res
1099 1988 1140 2035 est
1161 1980 1279 2037 alienum

107 2052 323 2134 concupiscere.⁷
367 2060 449 2133 blagis
472 2068 562 2117 autern
584 2069 660 2117 tuum
682 2078 752 2135 opus
775 2077 880 2130 exerce,
902 2070 929 2116 et
950 2061 1064 2119 habebis
1087 2063 1210 2119 salutem.

535 2292 694 2330 stttttttttno
719 2292 849 2329 SECUNDA.

189 2402 226 2475 (e)
249 2407 313 2461 Cum
334 2405 498 2461 ambularem
523 2406 551 2460 in
573 2420 655 2476 agro,
677 2413 705 2459 et
726 2403 929 2458 considerarem
953 2405 1054 2461 ulmum
1087 2407 1227 2472 civitem,
1250 2412 1278 2462 et

108 2491 274 2563 disputarem
298 2487 330 2544 do
354 2490 393 2543 eis
416 2496 443 2543 et
472 2489 505 2543 de
533 2485 667 2541 fructibus
695 2502 803 2552 earum,
824 2486 950 2557 apparuit
969 2487 1035 2542 milri
1058 2495 1151 2560 pastor
1173 2486 1227 2552 illc,
1250 2494 1279 2545 el

108 2574 142 2628 ait
165 2570 244 2626 milri:
268 2570 332 2643 quid
355 2579 383 2625 tu
406 2570 475 2625 intra
496 2578 521 2625 te
536 2569 657 2641 disputas
679 2569 712 2623 de
729 2567 778 2622 lroo
794 2567 847 2622 rite
861 2575 887 2621 et
901 2567 993 2623 ulmol
1017 2567 1138 2641 llisputo,
1160 2569 1278 2640 inquam,

107 2654 231 2718 domine,
264 2670 343 2725 quarn
366 2653 420 2708 sint
447 2653 561 2708 invicem
588 2642 681 2706 altera¹
713 2649 791 2705 alteri
820 2650 922 2704 decori.
964 2650 997 2705 Et
1026 2649 1091 2704 dixit
1120 2650 1198 2705 inibi:
1228 2651 1278 2707 bae

107 2737 174 2792 duae
203 2736 317 2791 arbores
348 2736 372 2791 in
402 2735 524 2808 exemplo
554 2733 658 2807 positae
689 2740 752 2788 sunt
782 2731 828 2787 Dei
850 2733 943 2787 servis.
986 2731 1125 2801 Volebam,
1159 2733 1278 2804 inquam,

107 2820 233 2886 domine,
256 2835 338 2874 nosse
361 2818 429 2885 boc,
452 2817 526 2891 quod
557 2817 624 2871 dicis
648 2816 681 2871 de
703 2813 833 2888 exemplis
855 2814 983 2871 arborum
1011 2814 1115 2870 barum.
1157 2814 1188 2871 Et
1210 2815 1278 2872 dixit

107 2903 185 2957 milri:
206 2901 265 2956 vitis
290 2901 356 2957 boec
385 2900 524 2956 lructilera
557 2906 614 2966 est3
643 2897 733 2954 ulmus
762 2905 849 2953 autern
877 2898 971 2955 sterile
999 2897 1101 2970 lignum
1130 2905 1179 2953 est
1222 2897 1277 2954 Sed

107 2984 173 3040 baec
196 2985 255 3039 vitis
279 2985 330 3039 nisi
353 2982 485 3057 applicata
509 2982 591 3037 luerit
612 2980 693 3047 ulnro,
716 2997 769 3035 non
792 2988 883 3053 potest
905 2981 1047 3054 copiosum
1061 2980 1133 3036 lerre
1151 2978 1277 3037 lructum.

107 3067 198 3122 locens
221 3067 291 3121 enirn
315 3073 519 3139 superterram
550 3065 691 3138 putrescit,
720 3079 774 3117 non
805 3080 938 3136 suspensa
970 3080 1002 3118 ex
1030 3062 1112 3118 ulmo.
1155 3062 1189 3116 tte
1217 3076 1279 3118 cum

107 3149 213 3204 adiecta
235 3156 277 3204 est
299 3149 359 3203 vitis
381 3148 469 3212 ulmo,
492 3155 519 3203 ct
548 3164 597 3220 pro
620 3163 649 3202 se
673 3153 701 3200 ct
730 3161 779 3219 pro
808 3145 881 3200 ulmo
912 3144 1028 3200 fructum
1060 3143 1155 3200 adlert.
1197 3143 1279 3200 Vides

107 3248 172 3304 ergo
196 3231 275 3286 etiem
299 3230 399 3286 ulmum
424 3232 495 3286 lerre
519 3230 651 3296 fructum,
675 3244 730 3283 non
751 3227 883 3284 minorem
905 3244 985 3300 quam
1004 3227 1103 3295 vitem,
1126 3225 1174 3283 sed
1195 3225 1278 3282 maio·

108 3330 180 3381 rem,
211 3314 338 3384 quoniam
368 3315 427 3370 ritis
457 3328 592 3386 suspensa
624 3311 656 3366 ab
687 3310 759 3366 ulmo
789 3311 932 3385 copiosum
966 3310 1083 3365 fructum
1117 3317 1144 3364 et
1175 3308 1278 3366 bonum

107 3403 241 3469 praestat3
271 3397 298 3451 in
330 3405 401 3452 terra
430 3404 520 3450 autem
548 3392 639 3448 iacens
668 3393 793 3464 exignum
822 3401 848 3448 et
877 3383 1021 3466 nugacem¹
1047 3390 1161 3447 adferet.
1206 3390 1279 3448 lleee

157 3623 184 3685 3)
202 3625 297 3671 illorum
315 3622 365 3670 Vat.
761 3618 788 3679 l)
808 3618 926 3680 applicato
944 3614 993 3662 rat.
1010 3613 1076 3673 Vnt,
1107 3612 1130 3662 in
1155 3627 1203 3678 quo
1221 3626 1277 3665 mox

157 3690 183 3753 l)
204 3687 520 3747 totetamtamhruvm„
535 3685 573 3735 hic
589 3683 675 3735 deinde
709 3687 828 3747 refriperit
849 3698 872 3745 p.
891 3682 1037 3745 requieverit.

108 3773 166 3821 quos
185 3771 208 3819 p.
229 3757 301 3819 quod.
434 3791 437 3795 .
761 3752 789 3812 8)
809 3751 890 3798 locens
922 3754 1000 3797 eutem
1027 3750 1052 3797 in
1077 3754 1162 3799 terrem
1191 3748 1279 3796 molere

160 3821 187 3886 5)
204 3824 263 3871 bono
282 3822 349 3870 deest
366 3821 390 3869 in
407 3822 457 3870 Vat.
708 3821 809 3879 [mrum
827 3818 867 3864 qa)
884 3817 939 3877 quia
954 3816 1039 3878 pende)
1056 3815 1107 3863 qn·
1236 3879 1239 3888 Ι

159 3923 185 3985 q)
206 3922 299 3973 Lauda)
317 3923 339 3969 q,
359 3921 375 3969 q,
394 3921 457 3983 0553¹
476 3921 539 3970 hom·
562 3922 589 3978 x,
608 3919 631 3969 ².
650 3920 674 3967 in
760 3885 787 3947 9)
805 3883 862 3946 quio
880 3887 902 3928 et
914 3881 973 3943 Vct,
991 3881 1046 3930 dein
1062 3883 1137 3942 moqic
1155 3885 1276 3941 ppotces.

108 3994 200 4041 losnem
219 3990 285 4040 Torn.
303 3990 339 4038 lll.
358 3989 383 4036 Ρ.
395 3989 411 4036 l.
429 4004 452 4051 p.
472 3988 527 4038 102.
547 3988 585 4036 ed.
602 3989 675 4035 Lom·
761 3982 788 4047 4)
806 3983 887 4031 bodilo
905 3980 963 4041 Pel,
980 3995 1034 4030 mox
1053 3987 1104 4030 erat
1121 3981 1155 4028 ric
1171 3993 1194 4041 p.
1214 3979 1259 4027 eir.

109 4060 221 4108 matzseb.
241 4056 338 4107 Seruius
356 4056 385 4104 ed
404 4055 494 4118 Virgilii
511 4056 597 4115 Georq.
616 4055 632 4112 l,
650 4052 674 4100 2.
760 4051 786 4114 5)
806 4063 945 4114 quecumque
965 4047 1015 4096 Pal.

110 4163 115 4173 .
135 4165 140 4178 .
159 4163 165 4175 .
183 4128 299 4189 ulmisque
320 4125 445 4184 odiunpere
468 4125 526 4170 vites
545 4128 625 4168 notet:
652 4125 676 4166 el
759 4115 786 4181 ll)
804 4119 843 4180 qui
862 4117 912 4164 Pal.

110 4193 156 4239 lroc
173 4192 304 4240 secundum
322 4190 403 4239 ltalioe
429 4189 499 4237 situm
524 4188 618 4235 locutus
631 4192 675 4245 est,
760 4184 788 4246 l)
805 4184 939 4245 concupisci
958 4179 1008 4228 rat.

110 4259 133 4305 in
153 4273 199 4319 qua
228 4259 287 4306 vites
312 4256 383 4305 altius
406 4255 535 4303 eleventur.
572 4253 606 4300 Ex
629 4251 676 4300 boc
762 4251 819 4300 Sim.
837 4250 864 4299 ll.
902 4248 927 4311 l)
946 4247 1005 4295 oller
1022 4243 1085 4304 Pel,
1113 4244 1153 4294 ubi
1172 4247 1277 4320 decorem

111 4339 207 4387 quoque
225 4325 279 4372 loco
302 4324 330 4372 ll.
348 4323 435 4371 libmm
454 4327 562 4369 nostrum
578 4318 676 4367 inltelle
710 4316 784 4382 (lorte
802 4315 906 4376 cremer)
923 4329 947 4377 p.
965 4314 1051 4361 decori.

111 4390 225 4453 scriptum
245 4404 297 4438 csse
316 4389 416 4451 colligit
760 4384 787 4448 2)
804 4399 867 4446 nepe
885 4381 935 4431 Pul.
