2886 4882
277 241 412 301 nutura
433 243 574 301 Pasrott.
618 243 714 300 uruat
736 244 779 301 lll.
822 243 954 302 Sllllbll'.
976 245 1006 307 V.
1018 238 1072 319 ’(8)
1197 245 1260 307 497

88 408 151 464 tavit
172 407 247 481 ipsej
271 406 322 480 pali
346 425 409 463 vero
431 409 526 477 nuntii,
550 411 595 483 qui
611 426 626 464 a
640 409 754 465 Domino
768 410 917 483 praepositi
940 410 1051 467 suntad
1068 413 1261 470 continendum

88 491 218 565 populum
241 490 315 557 eius;
339 489 440 547 herbae
472 500 570 559 autern,
594 509 662 565 quae
683 500 747 548 suot
769 493 802 548 tle
824 494 899 548 vinea
923 493 1043 561 evulsae,
1066 495 1183 552 admissa
1205 513 1261 552 ser·

87 590 182 630 vorum
204 572 253 630 llei
274 581 352 640 suat;
376 573 429 629 cibi
452 591 523 642 vero,
546 591 616 646 quos
639 575 672 630 de
695 591 788 631 measa
811 575 890 643 misit,
913 574 1035 631 mandata
1050 584 1112 632 sunt
1133 576 1165 631 ad
1180 569 1261 645 eos3²

88 657 175 724 amici,
199 672 268 728 quos
291 657 318 711 in
340 656 454 711 consilio
477 658 588 724 vocarit,
611 657 696 713 nuntii
719 665 783 712 sunt
806 658 900 726 sancti,
923 675 993 729 quos
1015 659 1119 732 primos
1142 661 1259 728 crearit3

89 738 211 797 absentia
240 754 303 795 vero
327 737 412 811 ipsius
434 739 635 812 patrisfamiliae
669 747 776 813 tempus
807 748 863 808 est,
886 740 959 813 quod
984 742 1010 796 ia
1033 741 1175 798 adventum
1200 743 1260 798 eius

90 830 181 878 restat.
209 821 274 876 bico
296 822 336 876 ei:
360 822 510 894 magnilica,
524 822 641 890 domine,
656 831 683 878 et
695 824 762 878 mire
777 839 806 878 se
820 824 909 878 omnia
931 821 1029 878 babeat
1041 832 1121 897 atque
1136 825 1260 881 honeste.

89 904 215 978 Numquid
238 920 313 978 ergo,
337 903 454 972 domine,
478 905 544 960 baec
567 912 688 978 poteram
718 904 893 978 intelligeret
925 904 979 960 Sed
1002 922 1091 978 neque
1115 907 1258 979 quisquam

89 987 185 1054 bomo,
208 988 288 1043 etiarn
319 987 342 1041 si
364 987 438 1043 valde
468 987 590 1060 prudens
619 987 730 1054 luisset,
763 988 830 1042 baec
858 986 1007 1059 intelligere
1035 995 1150 1061 poterat
1192 988 1260 1044 lllual

88 1086 207 1142 quoque,
229 1067 302 1143 quod
333 1084 449 1141 quaero,
473 1069 629 1125 demonstra
651 1069 734 1137 mibi,
757 1069 874 1125 dominc.
917 1068 1019 1137 Quare,
1040 1070 1164 1143 inquam,
1188 1069 1259 1126 lilius

89 1143 148 1207 lJei³
171 1153 196 1207 io
219 1151 421 1208 similitudinem
443 1154 515 1208 servi
536 1151 596 1207 loco
619 1151 737 1224 ponitur.

172 1297 209 1370 (a)
232 1300 273 1356 Vl.
314 1302 392 1369 liudi,
413 1303 509 1375 inquit.
552 1301 582 1356 ln
605 1300 697 1356 servili
719 1293 886 1356 conditione¹
908 1317 962 1356 non
977 1303 1088 1374 ponitur
1109 1299 1180 1358 filius
1202 1301 1258 1371 bet,

89 1384 138 1439 sed
167 1384 193 1438 iu
221 1399 343 1457 magnam
366 1393 526 1458 potestatem
554 1392 582 1440 ει
608 1383 760 1455 imperium.
804 1381 836 1437 Et
865 1383 932 1438 disi:
955 1383 1106 1455 quomodo,
1130 1384 1258 1440 dominel

88 1466 147 1520 Non
169 1466 298 1539 intelligo.
340 1466 372 1522 Et
402 1466 467 1522 dixit
494 1467 575 1522 mihi:
604 1465 732 1538 quoniam
762 1464 864 1520 vineam
886 1464 956 1520 Deus
988 1465 1130 1538 plautavit,
1160 1466 1187 1520 iul
1216 1474 1259 1522 eat

88 1548 217 1622 populum
241 1549 349 1616 creavit,
373 1565 489 1621 eumque
511 1548 567 1604 utto
598 1564 649 1604 suo
671 1546 789 1614 tradidit,
811 1545 936 1619 filiusque
968 1546 1014 1602 bei
1044 1548 1154 1602 nuntios
1182 1564 1259 1620 prae·

89 1631 181 1703 posuit
203 1632 237 1687 acl
260 1631 460 1687 conservandos
482 1629 623 1704 singulos3
652 1631 712 1703 ipse
734 1637 822 1685 autem
850 1629 995 1702 plurimum
1024 1627 1156 1685 laborauit
1176 1628 1259 1702 pluri·

89 1729 218 1785 utumque
240 1728 389 1785 perpessus
412 1721 470 1777 est,
495 1721 525 1768 ut
553 1712 674 1769 aboleret
702 1710 799 1767 delicta
828 1727 933 1767 eorum.
975 1709 1054 1768 Nulla
1082 1712 1153 1767 enim
1183 1713 1260 1768 vinea

89 1801 179 1867 potest
199 1794 255 1850 lodi
270 1794 328 1850 sinc
351 1794 446 1851 dolore
469 1794 510 1852 vel
530 1794 634 1852 labore.
663 1793 772 1850 Relictis
794 1793 876 1866 igitur
897 1793 991 1868 populi
1011 1794 1052 1850 sui
1069 1810 1177 1867 passus,
1201 1794 1259 1867 ipse

90 1876 192 1949 populo
216 1876 410 1934 demonstravit
430 1878 483 1935 iter
504 1878 572 1935 vitae
594 1878 654 1934 data
677 1877 756 1951 lege,
780 1892 859 1950 quam
880 1895 895 1932 a
916 1884 993 1950 patre
1015 1876 1124 1932 audivit
1170 1875 1260 1942 Vides,

90 1960 184 2031 inquit,
207 1958 345 2016 dominum
367 1978 429 2018 eum
450 1979 512 2018 esse
534 1960 641 2035 populi,
664 1967 775 2034 accepta
797 1977 811 2015 a
834 1967 909 2033 patre
932 1977 982 2015 suo
1006 1958 1079 2015 omni
1101 1949 1261 2032 potestate*
1310 1960 1329 1972 ⁸

90 2040 119 2095 ut
142 2041 240 2098 iterum
263 2042 328 2098 diait
347 2045 429 2101 mibi:
453 2061 537 2118 quare
559 2052 649 2100 autem
671 2043 797 2098 domiuus
820 2043 845 2096 ia
868 2042 1011 2098 eonsilium
1033 2039 1156 2096 adhibuit
1176 2039 1260 2096 lilium

91 2124 124 2178 de
145 2124 296 2181 lieretlitate
309 2125 496 2200 honestosque
512 2127 629 2193 nuntios,
645 2124 717 2180 audi.
760 2124 871 2197 Spiritui
893 2125 929 2179 illi
949 2115 1067 2191 sancto,⁸
1089 2123 1135 2196 qui
1151 2132 1260 2179 creatus

89 2213 131 2261 est
160 2208 279 2263 omnium
308 2225 394 2280 purus
422 2211 448 2264 in
471 2224 602 2281 corpore,
633 2207 660 2261 in
683 2222 738 2278 quo
767 2204 914 2268 babitaret,
945 2205 1015 2260 Deus
1038 2204 1157 2260 fundavit
1178 2213 1261 2276 atque

90 2289 183 2343 statuit
204 2287 321 2344 electum
345 2305 461 2363 corpus,
484 2289 558 2362 quod
579 2289 604 2343 ei
626 2286 734 2360 placuit
775 2285 832 2341 lloc
855 2302 921 2358 crgo
951 2302 1066 2358 corpus,
1089 2286 1116 2340 iu
1138 2302 1197 2358 quo
1215 2285 1260 2340 de-

90 2370 187 2425 ductus
209 2376 250 2425 est
272 2369 384 2442 spiritus
407 2378 536 2433 sanctus,
555 2369 645 2442 paruit
667 2367 754 2423 eidem
775 2366 882 2438 spiritui
903 2372 976 2421 recte
1000 2383 1060 2421 cum
1080 2366 1213 2421 modestia
1235 2373 1261 2420 et

90 2453 211 2507 castitate
233 2450 389 2520 ambulans,
412 2468 464 2507 nec
486 2452 597 2507 omnino
625 2448 741 2506 eundem
763 2447 888 2521 spiritum
907 2447 1057 2503 maculavit
1100 2444 1174 2502 Unde
1198 2462 1260 2502 eum

91 2534 162 2590 idern
185 2550 285 2606 corpus
307 2543 382 2591 recte
402 2543 482 2607 atque
504 2540 577 2589 caste
605 2532 692 2589 eiilem
714 2522 833 2604 spiritui⁴
854 2530 1004 2603 paruisset,
1034 2536 1062 2584 et
1083 2528 1153 2584 omni
1176 2545 1260 2601 opere

90 2616 229 2689 fatigatum
252 2632 306 2670 nou
328 2616 526 2685 succubuisset,
549 2614 599 2671 sed
617 2602 773 2670 'viriliterei
790 2611 895 2668 lortiter
910 2611 1051 2668 abeodem
1072 2620 1260 2667 conservatum

90 2706 170 2766 esset,
193 2697 337 2773 probatum
359 2717 373 2756 a
395 2700 449 2756 lleo
472 2715 533 2755 cum
554 2697 653 2772 spiritu
675 2703 769 2752 sancto
799 2685 950 2768 receptum*⁵
971 2702 1022 2751 est.
1065 2691 1168 2748 Placuit
1189 2691 1260 2749 enim

91 2782 204 2838 Domino
226 2782 306 2838 buius
320 2783 445 2858 corporis
459 2799 565 2851 cursus,
586 2781 648 2855 quia
668 2778 827 2835 maculatum
850 2793 902 2834 nou
917 2784 960 2833 est
973 2777 998 2833 ia
1013 2784 1094 2845 terra,
1114 2773 1261 2849 possidens

94 2971 118 3016 in
141 2968 222 3016 dilecto
247 2979 353 3028 corpore,
386 2962 448 3028 quod
479 2962 501 3009 εἰ
529 2958 660 3008 uidebatur.
746 2952 773 3018 8)
791 2954 910 3004 collocavit
937 2952 1026 3001 seilicet
1051 2952 1183 3001 intellectus
1201 2951 1261 3016 quod

95 3034 216 3081 Semlerus
239 3030 354 3081 coniecit:
383 3029 456 3083 Ouarc
478 3053 513 3062 —-
533 3027 607 3087 filium
632 3025 660 3072 alc
695 3024 717 3071 ei
734 3019 922 3070 aidebaturllat.

94 3102 252 3158 haereditate,
284 3100 357 3146 bonos
377 3097 489 3159 capetus,
517 3109 577 3142 nuria
594 3092 660 3141 audi.
745 3086 773 3151 9)
792 3085 979 3162 inductuslatq
1005 3100 1072 3163 uoco.
1098 3085 1210 3149 praeced.
1236 3087 1262 3134 in

95 3168 164 3215 ltlum
182 3168 291 3228 spirituas
309 3171 427 3221 sanatura,
453 3163 493 3225 qui
515 3166 606 3210 creatus
626 3163 661 3206 est
696 3158 758 3220 quoa
786 3152 976 3217 praetermissis3
1004 3152 1068 3202 idem
1091 3154 1165 3201 seruis
1192 3153 1214 3201 ei
1236 3164 1261 3214 p.

94 3235 194 3282 amnium
210 3234 317 3295 primus,
340 3233 489 3292 incorpore,
509 3230 534 3276 ia
553 3243 598 3290 qua
616 3226 662 3273 ba·
696 3223 791 3272 seruiuit
808 3223 854 3270 illi.

95 3302 188 3358 bitaret,
208 3299 271 3347 Deus
289 3298 428 3355 collocavit,
447 3298 472 3343 in
501 3295 585 3342 dilecto
610 3307 661 3340 aor-
748 3290 790 3346 tut
810 3287 865 3336 Cum
882 3289 955 3350 iqitur
978 3302 1063 3350 corpus
1085 3287 1126 3335 boc
1141 3288 1261 3349 paruisset

92 3382 158 3431 pore,
172 3368 235 3430 quoa
247 3368 269 3413 ei
282 3365 410 3413 uidebatur.
429 3362 456 3409 ll.
478 3360 576 3420 Vsrlgata
589 3357 661 3406 lectio
697 3356 758 3405 omni
776 3362 876 3418 tempore
901 3355 997 3416 spiritui
1015 3360 1094 3402 sancto
1112 3359 1173 3401 recte
1191 3359 1261 3416 atque

97 3433 154 3482 libb.
172 3434 241 3496 impr.
259 3439 295 3481 est
314 3443 410 3494 quoquae
428 3427 452 3475 in
472 3426 530 3484 lat,
549 3424 588 3487 qui
608 3423 662 3486 qui·
695 3429 760 3471 caste
779 3432 805 3471 ao
824 3422 956 3470 laborasset
975 3435 1026 3468 eum
1043 3434 1084 3467 aec
1102 3419 1263 3466 succubuisset

95 3500 149 3548 dem
176 3500 226 3547 cab.
245 3505 337 3548 creatus
360 3512 384 3558 p.
401 3496 504 3554 infusus.
531 3490 661 3539 Genuinum
695 3492 720 3538 ia
741 3491 803 3536 arani
829 3494 926 3549 tempore
950 3487 1066 3546 suiectus
1090 3498 1174 3545 corpus
1196 3485 1263 3531 ittam

96 3567 141 3614 loci
165 3567 298 3614 versionem
317 3564 428 3613 restituas
455 3574 482 3607 ex
505 3558 594 3607 Codice
612 3556 662 3604 Pal.
695 3555 753 3616 (sic)
772 3556 889 3602 serviliter
912 3555 1072 3600 coarmatura
1096 3556 1131 3597 est
1150 3550 1192 3597 sed
1209 3552 1262 3612 lar·

96 3635 148 3689 Quo
169 3633 232 3679 lacto
250 3630 416 3687 ‹liltlcultates‚
442 3641 502 3689 quae
521 3622 661 3687 praesertim
695 3623 750 3670 liter
766 3637 816 3670 eum
842 3620 952 3682 spirituas
975 3616 1145 3678 comprobatum
1163 3616 1205 3666 deo
1222 3629 1263 3664 εε-

96 3698 149 3745 voci
168 3699 301 3745 intellectus
320 3696 445 3744 inhaereat
462 3690 660 3751 (vocabulumise
696 3695 784 3752 ceptum
802 3692 837 3734 est
853 3685 903 3761 llat.
1084 3751 1088 3761 Ι
1202 3751 1207 3760 ο

96 3765 201 3812 tellectus
226 3770 303 3812 satem
335 3761 487 3809 librariorum
515 3757 605 3807 incuria
634 3771 662 3805 ex
749 3753 789 3813 111
805 3754 896 3815 placuit
913 3765 966 3810 erqo
987 3752 1029 3800 deo
1048 3751 1261 3813 huiuscemodspa·

100 3833 171 3879 eleeto
196 3829 301 3878 vitiatum
320 3826 448 3890 suspicari
467 3831 608 3875 evanescent
631 3823 662 3871 ad
695 3823 752 3870 teris
769 3834 851 3868 cursus
871 3818 922 3866 Vnt.

96 3912 166 3946 unam
187 3911 277 3946 omues.
313 3894 410 3943 Scribas
430 3893 515 3955 igitur:
535 3892 562 3940 Et
579 3893 663 3939 iterum
748 3901 775 3963 2)
795 3915 847 3950 mm
865 3907 916 3949 pm
933 3899 957 3949 qn
975 3899 1027 3950 paq,

97 3966 157 4013 elicit
175 3965 247 4012 milii:
266 3977 337 4026 quare
356 3961 549 4010 autemiloraiuus
568 3960 592 4007 iu
606 3971 662 4006 can-
750 3969 776 4030 3)
794 3969 821 4016 α,
839 3966 890 4018 paq,

97 4033 177 4080 siliunt
193 4031 297 4080 adhibuit
313 4030 388 4090 filium
407 4029 435 4076 tls
452 4028 577 4076 bereditate
593 4025 664 4073 bone·
748 4035 806 4098 Cap.
823 4033 859 4083 Vl.
895 4032 921 4099 1)
938 4035 1039 4084 suauis
1057 4031 1107 4081 eat.

98 4104 192 4161 stasque
209 4100 312 4157 nuutios,
334 4097 399 4145 audi.
434 4094 532 4157 Spiritui
550 4091 587 4139 1111
604 4103 663 4138 saa·
748 4101 774 4163 2)
793 4116 882 4151 omnm
895 4107 1036 4165 pompm
1054 4097 1103 4147 paq⁸

97 4170 146 4222 ⁶¹⁰1
176 4167 215 4228 qui
240 4171 331 4213 millu*
362 4168 396 4210 ‘⁸‘
419 4161 520 4210 ‘milium
542 4171 616 4219 Wl'
640 4156 665 4231 33⁸
751 4168 778 4233 3)
795 4170 903 4231 spiritura
918 4169 985 4218 illum
1003 4171 1106 4216 salictum
1126 4162 1176 4212 Pal.

99 4245 204 4291 corpore,
224 4233 249 4279 in
266 4246 311 4294 qua
329 4230 456 4285 babitaret,
474 4224 537 4273 Deus
555 4222 665 4284 fumauit
750 4234 777 4299 4)
798 4236 884 4298 wippa
902 4234 951 4283 pap·

98 4303 167 4358 atque
194 4300 275 4346 statuit
302 4297 398 4346 electum
423 4306 521 4356 capus,
553 4289 615 4352 quod
643 4287 667 4335 ei
751 4300 778 4364 q)
796 4303 912 4366 paq-901„
929 4327 964 4337 -
980 4304 1132 4350 emmam,
1152 4323 1188 4334 ,,
1209 4310 1264 4362 Μ,

77 4363 193 4428 ·l’l‘lslt'l·
700 4371 767 4420 batus
784 4396 819 4406 -
835 4374 940 4431 receptus
957 4367 1007 4417 Pal.

167 4461 258 4514 ciria·
277 4473 362 4514 aroer.
1027 4447 1059 4500 ³2
