2886 4882
244 238 370 299 leuauit
385 240 490 300 EPIST.
505 244 548 301 tu
564 241 786 302 Pflttauutttt.
809 243 850 302 hl.
881 244 922 302 hl)
939 240 1148 303 strutheum
1170 243 1189 300 1.
1247 236 1304 302 185

127 406 172 464 xt.
204 407 320 468 &atius
340 411 418 468 oobt'a
439 427 503 484 opo,
523 412 598 484 qood
619 412 731 470 comites
752 429 826 469 meos
842 414 969 471 benevole
979 413 1144 487 suscepistis.
1175 411 1307 469 Solutnnt

537 528 587 568 vor
605 511 708 584 scotres
727 514 758 568 in
782 513 898 569 Troade.

212 625 290 695 Quod
321 634 411 685 autern
433 625 576 685 Philonem
599 626 710 685 Cilicem
734 628 877 684 diaconum
905 630 1015 696 attinet,
1042 629 1128 684 uirum
1158 626 1304 694 laudatum,

129 710 177 785 qui
199 716 227 766 et
247 725 320 766 nunc
342 710 389 766 hei
412 725 493 765 causa
514 711 581 768 mihi
604 711 746 779 ministrat,
770 729 823 768 una
845 729 906 768 cum
928 711 1004 767 llbeo
1026 709 1218 784 Agathopode‚
1246 708 1304 764 uiro

129 792 231 861 electo,
254 792 301 867 qui
323 809 338 849 a
361 791 438 868 Syria
461 812 503 851 me
526 796 679 863 comitatur,
700 796 768 852 uitae
791 795 958 863 renuntians,
979 794 1079 868 quique
1101 792 1178 848 vohis
1202 790 1304 848 honum

129 875 313 932 testimonium
344 875 503 950 perhibent3
534 886 561 935 et
589 895 641 952 ego
661 879 716 935 [teo
747 878 845 952 gratias
875 896 925 953 ago
947 895 998 952 pro
1026 876 1118 944 vobis,
1149 876 1212 949 quia
1243 873 1304 930 illos

129 958 301 1033 suscepistis,
324 959 396 1015 sieut
417 967 445 1016 et
464 962 663 1018 vosbominus.
695 962 729 1019 lis
743 979 806 1019 vero
830 963 877 1036 qui
899 961 962 1017 illos
985 960 1130 1033 ignominia
1145 957 1305 1027 affecerunt,

129 1041 269 1098 condonet
290 1043 375 1116 gratia
397 1041 505 1101 Christi.
548 1044 653 1101 Salutat
674 1063 722 1102 vos
745 1047 863 1103 charitas
885 1044 998 1103 lrutrum
1030 1044 1056 1100 in
1078 1042 1201 1111 Troade,
1229 1039 1303 1097 unde

128 1133 157 1182 et
180 1124 272 1182 scribo
299 1124 377 1182 vobis
405 1142 456 1200 per
475 1127 625 1196 llurrhum,
657 1129 703 1203 qui
733 1131 832 1186 missus
862 1137 904 1185 est
931 1145 1038 1185 mecum
1068 1126 1100 1183 ab
1122 1124 1248 1201 Ephesiis
1277 1131 1306 1181 et

131 1207 298 1283 Smyrnaeis,
321 1209 434 1266 honoris
458 1226 547 1270 causa.
569 1213 692 1271 lionoret
714 1230 762 1270 eos
786 1213 914 1269 Dominus
936 1212 1014 1268 lesus
1027 1210 1159 1278 Christus,
1182 1210 1208 1264 in
1223 1223 1304 1282 quem

130 1301 243 1366 sperant
264 1309 355 1361 carne,
376 1293 472 1362 anima,
495 1295 559 1365 lide,
582 1296 720 1364 charitate,
744 1296 901 1354 concordia.
937 1294 1030 1351 Valcte
1054 1295 1081 1350 in
1104 1293 1211 1349 Christo
1235 1290 1303 1358 iesu,

129 1376 267 1433 communi
289 1392 339 1451 spe
361 1384 462 1433 nostra.

213 1486 283 1551 *st
326 1494 451 1551 Ceterum
485 1495 518 1552 de
546 1493 661 1553 Philone
683 1495 802 1551 biacono
823 1512 866 1574 ¹en
888 1493 999 1562 Cihcia,
1029 1495 1086 1551 viro
1119 1491 1304 1551 testimouium

130 1576 263 1648 habente,
285 1578 333 1652 qui
354 1594 427 1634 nunc
448 1580 529 1636 etiam
550 1580 577 1636 in
599 1595 725 1636 sermone
746 1579 793 1634 liei
815 1579 881 1635 mihi
902 1578 1045 1646 ministrat,
1068 1595 1122 1635 uno
1145 1593 1206 1632 cum
1228 1574 1304 1631 hbeo

131 1671 160 1719 et
181 1662 374 1736 agathopode‚
395 1661 454 1717 viro
476 1662 581 1732 electo,
604 1665 651 1736 qui
674 1661 736 1719 inde
759 1679 774 1717 a
796 1661 874 1736 Syria
895 1677 937 1717 me
959 1662 1120 1729 comitatur,
1147 1676 1207 1716 cum
1235 1660 1304 1715 vitae

131 1762 197 1803 suae
218 1745 396 1813 renuntiarit,
420 1744 522 1820 quique
545 1747 729 1803 testimonium
751 1744 829 1802 vobis
851 1742 1011 1819 perhibent:
1040 1752 1067 1801 et
1089 1745 1147 1818 ipse
1168 1743 1224 1800 ileo
1244 1757 1304 1817 gra·

131 1830 183 1885 tias
205 1846 255 1903 ago
277 1845 329 1902 pro
350 1826 444 1896 uobis,
465 1831 539 1903 quod
561 1829 722 1905 suscepistis
744 1831 834 1904 ipsos,
858 1829 929 1884 sicut
958 1837 985 1885 et
1013 1845 1060 1885 vos
1083 1828 1220 1884 [lominus.
1263 1823 1304 1882 illi

131 1919 235 1983 aulem,
258 1912 305 1986 qui
327 1913 491 1971 contumeh2
513 1930 561 1971 eos
582 1913 746 1982 affecerunt,
770 1911 922 1970 liberentur
943 1913 1125 1986 pergratiam
1146 1911 1209 1968 lesu
1229 1909 1305 1967 Chri·

131 1997 175 2052 sti.
218 1994 322 2053 Salutat
347 2012 396 2053 vos
425 1999 524 2055 caribus
554 1997 685 2066 fratrum,
717 1998 762 2071 qui
792 1997 902 2054 suntin
926 1995 1047 2062 Troade,
1069 1995 1190 2053 undeet
1212 1992 1303 2051 scribo

131 2078 208 2136 robis
229 2095 280 2154 per
300 2078 447 2149 Burrhum,
469 2081 503 2137 ab
525 2080 649 2155 Ephesiis
678 2079 758 2137 simul
785 2089 812 2136 et
833 2078 1045 2153 Smyrnensibus
1076 2078 1189 2135 honoris
1222 2091 1304 2133 causa

132 2162 225 2219 adme
244 2163 366 2220 missum.
402 2163 594 2221 Remunerabit
614 2181 663 2222 eos
686 2163 814 2220 llominns
838 2162 915 2220 lesus
935 2162 1069 2230 Christus,
1093 2163 1119 2218 in
1142 2178 1222 2235 quem
1245 2176 1304 2234 spe·

130 2253 192 2302 rant
212 2262 309 2315 carne,
330 2246 433 2317 anima,
456 2247 527 2316 lide,
549 2249 661 2306 caritate
683 2256 711 2304 et
732 2245 889 2306 concordia.
933 2244 1024 2302 Valete
1052 2246 1080 2301 in
1103 2244 1212 2301 Christo
1234 2242 1304 2310 lesu

132 2330 269 2387 communi
290 2346 340 2404 spe
360 2337 462 2389 nostra.

514 2541 572 2591 tt)
609 2538 928 2590 subaureos

215 2647 349 2726 ignatius,
381 2649 428 2725 qui
455 2656 483 2706 et
504 2649 701 2724 Theophorus,
730 2648 864 2706 ecclesiae
885 2646 931 2704 Ilei
960 2645 1045 2720 patris
1076 2652 1102 2700 et
1129 2643 1221 2702 dilecti
1242 2642 1305 2701 lesu

258 2732 365 2802 Christi,
390 2749 470 2790 omne
493 2734 593 2790 donum
614 2750 666 2808 per
685 2730 902 2790 misericordiam
915 2738 1090 2798 consecutae,
1113 2728 1233 2806 repletae
1250 2726 1304 2786 hdo

258 2825 286 2875 et
306 2815 445 2886 charitate,
468 2816 539 2874 nulla
561 2818 645 2891 gratia
665 2818 824 2884 destitutae,
857 2817 911 2873 lteo
940 2814 1134 2872 dilectissimae
1156 2822 1184 2871 et
1205 2812 1304 2870 sancti·

257 2899 339 2967 letae,
361 2916 431 2974 quae
452 2908 495 2957 est
515 2899 646 2974 Smyrnae
667 2901 694 2956 in
717 2902 787 2968 heia,
811 2901 838 2956 in
860 2907 956 2956 sancto
985 2899 1083 2973 spiritu
1116 2906 1143 2954 et
1172 2898 1200 2954 in
1221 2894 1304 2953 verbo

258 2982 305 3039 uei
326 2983 468 3057 plurimam
490 2983 613 3040 salntem.

462 3125 643 3177 lGNthUS
673 3127 976 3178 sntuuuustutJS.

214 3226 373 3309 *ignatium
404 3234 449 3309 qui
479 3242 507 3291 et
526 3235 723 3310 Theophorus,
745 3235 881 3293 Ecclesiae
904 3236 951 3292 bei
969 3236 1057 3293 Patris
1084 3244 1110 3292 ct
1132 3234 1221 3292 dilecti
1243 3234 1305 3294 iesu

257 3315 371 3386 Christi,
399 3318 614 3375 misericordiam
642 3328 804 3376 consecutae
833 3320 953 3376 inomni
982 3319 1068 3387 dono,
1096 3317 1175 3392 plene
1207 3319 1305 3377 insint·

258 3408 316 3458 otae
335 3402 362 3457 in
386 3400 440 3458 lide
463 3409 490 3456 ct
512 3402 632 3476 caritate,
656 3402 756 3458 nullius
780 3404 880 3475 gratiae
908 3404 1019 3476 experti,
1043 3403 1097 3457 Deo
1120 3401 1304 3475 dignissimae,

258 3491 286 3540 et
305 3492 512 3552 sacrosanctae,
535 3502 604 3558 quae
625 3486 819 3558 est-Smyrnae
842 3486 869 3540 in
892 3486 973 3553 Asia,
1003 3487 1028 3540 in
1056 3484 1223 3542 immaculato
1249 3485 1304 3560 spi·

259 3567 312 3624 ritu
334 3576 361 3624 et
383 3566 470 3626 Verbo
493 3568 554 3635 bei,
578 3567 691 3624 salutem
713 3567 865 3640 plurimam.

377 3719 395 3774 1.
440 3717 569 3791 Glorifico
592 3719 683 3775 Deum
701 3726 813 3791 propter
831 3719 913 3791 fidem
934 3726 1062 3774 oestrum.

216 3833 345 3891 Glorilico
369 3836 457 3893 lesum
480 3836 617 3892 Christum
639 3834 737 3901 ileum,
767 3835 811 3906 qui
843 3850 891 3888 vos
920 3834 988 3890 adeo
1011 3835 1148 3908 sapientes
1171 3835 1304 3902 reddidit3

133 3915 274 3974 observavi
299 3918 387 3989 enim,
418 3918 556 3993 perlectos
578 3934 625 3974 vos
648 3932 710 3973 esse
733 3917 759 3971 in
789 3915 842 3972 lide
866 3916 1010 3984 immobili,
1040 3925 1069 3972 ut
1099 3917 1180 3972 clauis
1210 3916 1304 3972 affixos

216 4027 263 4090 ‘t
307 4033 437 4091 Glorilico
460 4035 547 4091 lesum
570 4034 707 4090 Christum
720 4032 812 4100 Deum,
834 4034 880 4106 qui
902 4034 937 4090 ita
959 4051 1007 4090 vos
1031 4032 1160 4100 erudivit;
1191 4023 1306 4106 cognovi

133 4117 204 4172 enim
227 4133 275 4173 nos
297 4116 420 4174 absolute
442 4118 581 4192 perlectos
604 4119 631 4172 in
654 4115 708 4172 lide
731 4115 876 4184 immobili,
904 4124 999 4191 utpote
1029 4134 1080 4172 una
1107 4114 1201 4171 allisos
1230 4115 1305 4172 cruci

132 4277 229 4341 quidem
260 4293 277 4330 ν
304 4293 365 4328 mna.
396 4293 444 4328 ecc.
480 4278 572 4327 duabus
607 4275 702 4325 lineolis
737 4275 835 4326 initium,
870 4276 1041 4341 interpolator,
1057 4275 1167 4333 uetlnt„
1184 4275 1304 4339 fragmen·

131 4344 274 4409 subnotem
291 4342 424 4407 Δοξάζων
443 4346 460 4395 L
482 4344 534 4394 sine
553 4343 603 4393 ullo
622 4358 703 4392 emen·
737 4351 785 4392 tum
805 4343 929 4408 Syriacum
946 4343 1069 4406 (Cureton.
1088 4358 1111 4407 p.
1130 4341 1182 4408 32.)
1201 4350 1225 4395 et
1239 4342 1304 4397 dm

132 4412 237 4464 dationis
268 4414 376 4479 uestigio.
420 4413 469 4465 Cir.
498 4413 543 4477 Ep.
572 4411 611 4461 sd.
642 4409 702 4474 ilph
735 4405 858 4473 Δοξάζω.
1223 4460 1424 4608 ·
