2886 4882
243 243 534 304 manumission.
575 246 671 305 einen
691 245 722 303 n.
759 245 903 304 umnsr.
923 245 953 302 x.
975 242 1019 303 ru.
1040 238 1083 318 (a)
1188 242 1248 305 473

74 413 184 470 tristitia
198 429 258 470 cum
274 412 396 468 oratioue
418 428 507 485 neque
529 413 659 487 permittit
682 430 776 486 puram
805 420 832 468 et
849 411 975 467 mandam
991 412 1140 470 orationem
1156 429 1250 470 asceu-

75 496 141 553 dcrc
171 496 198 551 in
226 496 377 552 sacrarium
407 495 462 551 llci.
506 495 620 569 Semper
647 503 735 551 autem
765 495 850 551 tristis
878 493 1011 549 infirmam
1049 495 1132 551 habet
1157 504 1249 570 postu·

75 579 201 635 lationem
224 579 296 651 apud
319 578 475 646 llnminnm,
498 595 550 634 nec
582 586 672 651 potest
698 577 847 633 ascendere
878 577 904 631 in
937 576 1085 633 sacrariam
1107 578 1174 634 eius.
1218 578 1251 636 ut

59 662 147 717 ¹sicut
175 661 265 717 vinnm
293 652 382 717 accto⁴
410 661 582 718 commixtum
613 662 639 716 in
669 661 695 716 id
727 661 815 733 ipsum
845 675 969 732 saporem
998 675 1052 714 non
1081 658 1163 715 liabct
1193 656 1248 731 [ct]

75 744 217 817 utriusque
241 744 368 799 materiae
392 744 549 799 suavitatem
572 743 721 815 disperdit:
745 743 786 797 sic
807 751 834 798 et
856 741 964 797 tristitia
978 741 1068 797 iuncta
1079 757 1140 797 curn
1152 743 1251 815 spiritu

77 833 172 882 sancto
194 842 249 881 non
271 833 362 900 potest
374 825 506 899 integram
520 825 731 900 postulationem
749 824 783 880 ad
805 824 946 880 Dominum
967 823 1079 882 habere.
1122 823 1249 880 llnndom

77 925 144 982 ergo
165 917 191 964 te
212 916 320 981 praesta
342 909 488 976 utristitia,
512 925 582 981 quac
598 914 777 980 estnequam,
793 917 820 963 ct
841 908 911 964 vives
928 903 983 962 lleo
1006 913 1033 962 ct
1054 913 1084 961 tu
1106 914 1133 962 et
1156 922 1250 963 omncs

79 991 234 1064 quicunque
256 990 302 1045 illa
325 991 464 1047 caruerint
485 999 512 1047 et
534 991 672 1046 induerint
694 1005 802 1046 omnem
825 987 930 1046 Domini
952 988 1126 1046 hilaritatem.

499 1122 648 1162 nnnoarnnt
672 1122 839 1161 UNDBGINUM.

161 1200 199 1272 (n)
223 1204 347 1260 Ostendit
368 1204 433 1260 milri
446 1220 529 1277 super
541 1203 670 1260 subsellia
684 1204 812 1260 sedentes
826 1204 960 1269 hominos,
982 1211 1010 1260 et
1021 1204 1101 1261 alium
1116 1203 1250 1278 quendam

80 1287 216 1343 homiuem
239 1287 264 1342 in
288 1278 427 1343 cathedra¹
450 1287 597 1342 sedentem.
638 1284 669 1340 llt
691 1287 727 1341 ait
743 1286 824 1341 milri:
845 1286 921 1343 vidos
944 1287 1003 1353 hos,
1027 1287 1124 1360 quiin
1147 1286 1251 1343 subsel-

79 1369 124 1424 liis
146 1369 259 1425 sedentl
281 1369 373 1437 Video,
387 1371 505 1443 inquam,
529 1368 649 1424 llomiue.
694 1367 726 1424 lli
749 1377 819 1436 sunt,
842 1368 937 1442 inquit,
961 1367 1064 1437 lidclcs,
1087 1370 1181 1437 ethic,
1205 1370 1252 1442 qni

80 1452 108 1506 in
131 1451 258 1508 cathedra
280 1450 367 1518 sedet,
393 1448 661 1524 {pseudopropheta
683 1459 739 1518 est,
772 1451 818 1524 qui
840 1466 948 1506 omnem
977 1467 1087 1507 sensnm
1110 1467 1251 1507 servorum

81 1533 128 1590 llei
150 1534 290 1607 disperdit.
334 1531 433 1589 Eorum
456 1541 545 1590 antem
567 1533 717 1605 disperdit,
740 1534 786 1606 qui
809 1532 933 1606 dipspchi
961 1540 1038 1597 sunt,
1070 1550 1125 1589 nou
1146 1550 1251 1600 eorum,

81 1617 127 1689 qui
150 1633 212 1672 vere
227 1614 324 1671 fideles
346 1623 417 1670 snut.
458 1616 490 1671 lli
508 1624 594 1673 autem
618 1615 742 1689 dipspchi
762 1616 874 1673 veniunt
890 1614 923 1670 ad
942 1632 1013 1683 eum,
1037 1616 1114 1688 quasi
1130 1616 1163 1673 ad
1184 1616 1252 1671 divi·

81 1715 155 1765 num,
178 1706 206 1753 et
227 1699 396 1770 interrogant
416 1712 477 1753 cum
496 1698 529 1753 de
551 1697 659 1754 futuris.
701 1701 733 1754 dt
749 1697 801 1766 ille,
825 1699 871 1771 qui
889 1697 989 1754 nnllam
1004 1698 1074 1754 intra
1089 1715 1120 1755 se
1140 1699 1252 1772 spiritus

82 1780 168 1835 sancti
190 1779 313 1834 virtutem
330 1777 420 1846 habet,
443 1778 563 1852 loquitur
576 1796 636 1837 cum
659 1780 713 1838 illis
727 1781 876 1837 secundum
894 1779 1003 1837 illorum
1018 1781 1254 1855 interrogationes,

83 1868 111 1916 et
132 1861 281 1935 respondet
303 1860 357 1917 illis
378 1877 417 1929 ea,
440 1879 509 1936 quae
533 1862 585 1918 sen
605 1865 752 1920 convenire
773 1872 819 1920 aut
840 1863 986 1927 voluntati,
1009 1871 1055 1919 ant
1076 1863 1255 1938 negotiationi

83 1943 208 2011 illorum,
237 1951 266 1998 et
293 1944 388 2018 implct
417 1947 521 2002 animas
552 1962 646 2003 eorum
676 1946 825 2004 secundum
855 1945 1022 2003 desiderium
1048 1946 1180 2020 ipsorum.
1222 1945 1256 2003 lit

84 2043 145 2081 cnm
167 2027 202 2082 sit
221 2026 280 2100 ipsc
302 2028 389 2083 inanis
404 2036 431 2084 et
450 2046 544 2098 vanus,
566 2031 641 2086 vanis
663 2037 690 2086 et
704 2028 829 2086 inanibus
841 2028 998 2086 hominibus
1013 2046 1058 2086 res
1072 2045 1253 2103 supervacuas

84 2107 215 2165 adfirmat
258 2109 392 2183 Quicquid
422 2119 511 2168 anatem
540 2111 723 2184 interrogatus
752 2111 843 2177 luerit,
866 2112 1016 2167 secundum
1038 2113 1254 2184 uniuscuiusque
1344 2176 1355 2189 ι

84 2192 200 2247 hominis
222 2193 366 2248 vanitatem
388 2184 560 2267 respondec¹
590 2193 722 2265 quaedam
753 2200 841 2247 umen
864 2201 890 2248 ct
911 2209 974 2250 vcra
995 2192 1074 2249 verbo
1098 2194 1256 2266 interponit

83 2273 212 2347 lmpletur
231 2275 302 2329 enim
324 2290 338 2328 a
361 2272 470 2329 diabolo
493 2274 606 2346 spiritus
627 2274 708 2340 illius,
730 2280 759 2327 ut
780 2272 898 2343 aliquem
919 2291 951 2329 ex
972 2274 1023 2340 eis,
1045 2275 1091 2346 qui
1107 2276 1169 2330 insti
1192 2281 1256 2329 sunt

82 2363 110 2411 et
131 2356 221 2428 probi,
244 2353 352 2408 adlidat.
395 2353 553 2426 Quicunque
575 2370 641 2425 crgo
661 2355 747 2409 fortes
770 2353 795 2407 in
819 2351 872 2408 fide
894 2363 1053 2426 permanent
1071 2355 1207 2410 dominica
1228 2363 1257 2410 ct

81 2438 170 2492 vestiti
199 2442 262 2491 sunt
288 2436 447 2504 veritatem,
477 2435 511 2490 ab
542 2433 676 2491 eiusmodi
715 2434 969 2491 conversationibus
1004 2452 1034 2491 se
1063 2435 1199 2490 abstinent
1229 2444 1257 2492 et

83 2543 206 2622 ματαίας
226 2538 327 2620 λύττης.
369 2536 404 2603 ‘0
432 2541 464 2604 δὲ
490 2536 619 2624 λυπηρὸς
648 2534 722 2620 ἇνὴρ
749 2536 872 2602 narrans
902 2537 1043 2624 ὀργίζεται
1062 2542 1112 2604 καὶ
1132 2537 1256 2622 ἄνομέον

82 2625 241 2707 ἐργάζεται,
263 2621 303 2704 μὴ
323 2622 519 2730 ἐντυγχάνων,
549 2623 621 2706 μηδὲ
649 2618 908 2708 ἐξομολογούμενος
934 2626 974 2710 τῷ
1006 2627 1079 2708 Θεῷ,
1125 2622 1256 2690 Πάντοτε

83 2706 138 2792 γὰρ
159 2713 291 2809 λυττεγροῦ
313 2703 421 2791 ἇνᾶρος
441 2705 461 2789 ἡ
483 2709 606 2784 ἔντευξις
627 2705 683 2771 ούιι
704 2707 759 2789 ἔχει
777 2703 901 2788 δύναμιν
921 2713 974 2771 τοῦ
993 2704 1139 2791 ἀναβῆναι
1152 2707 1200 2772 ἐπὶ
1220 2705 1253 2772 τὸ

84 2801 298 2872 θνσιαστηριον
318 2796 370 2852 τοῦ
395 2793 481 2856 Θεοῦ.

167 2911 230 2971 *...
249 2905 293 2970 ὅτι
312 2904 334 2987 ἡ
355 2903 432 2988 λύπη
454 2903 614 3012 ἐγκάθηται
622 2902 856 2988 εἰςτὴνιιαρδίαν
877 2904 977 2972 αὐτοῦ.
1003 2907 1178 2991 Μεμιγμένη
1200 2899 1256 2971 οὖν

83 2988 103 3070 ἦ
123 2989 200 3070 λύπη
222 2986 242 3070 ἡ
263 2988 386 3072 κοσμικὴ
408 3014 478 3071 μετα
497 2996 550 3069 τῆς
570 2986 739 3067 ἐντεύξεως,
761 2985 817 3052 οὐκ
838 2985 943 3071 ἀφίησι
963 2987 1017 3069 τὴν
1037 2991 1165 3066 ἔντευξιν
1185 2987 1255 3054 ἄνοι-

83 3075 171 3154 privar
200 3071 337 3155 καθαρὰν
364 3076 405 3147 εές
431 3071 464 3137 τὸ
493 3070 713 3155 θυσιαστήριον.
746 3069 861 3154 Ὥσιτερ
888 3070 944 3155 γὰρ
971 3069 1038 3149 ὅξος
1067 3074 1138 3158 ol'vp
1158 3095 1256 3157 μεμιγ·

84 3155 172 3236 μένον
191 3153 245 3236 τὴν
266 3155 358 3237 αὐτὴν
376 3154 488 3238 ἡδονὴν
509 3154 564 3219 οὐκ
585 3157 698 3237 ἐχουσιν
711 3160 784 3236 [lege
797 3155 885 3235 ἐχει]·
907 3153 1145 3238 οὕτωςναέλύντη
1158 3179 1256 3240 μεμιγ-

84 3239 155 3320 μένη
176 3237 247 3319 μετὰ
264 3246 317 3303 τοῦ
338 3237 424 3322 ἇγίον
444 3236 615 3319 πνεύματος,
636 3235 690 3319 τὴν
710 3235 802 3318 αὐτὴν
811 3238 937 3314 ἔντευξιν
949 3236 1019 3319 [ούιι
1030 3239 1110 3341 ἐρα)
1152 3237 1256 3303 Kadoi·

85 3341 165 3402 ρισον
186 3314 241 3385 οὖν
262 3319 366 3386 ἑαυτὸν
387 3319 445 3385 ἀπὸ
467 3327 520 3401 τῆς
539 3320 634 3403 λύττης
653 3327 784 3403 πονηρᾶς
803 3318 925 3402 ταύτης,
946 3323 995 3386 κα)
1024 3327 1096 3409 {qap
1114 3330 1155 3408 τῷ
1180 3327 1255 3410 Θεῷ.

86 3493 147 3555 vulg.
176 3492 332 3542 Coniecturae
351 3491 413 3539 lavet
431 3488 481 3538 Pal.
510 3489 571 3537 Hinc
588 3495 652 3538 recte
737 3487 765 3548 3)
785 3491 844 3551 fucit
862 3491 959 3553 spiritua
979 3490 1071 3537 trirtres
1087 3486 1145 3551 (sic)
1163 3488 1214 3538 l'at.

87 3559 246 3608 Gellicciolli:
276 3557 364 3622 perche
397 3570 492 3619 semprc
523 3553 653 3604 l'oraziona
738 3555 766 3617 4)
787 3557 929 3605 lorostaria
946 3557 1048 3603 virorum
1065 3554 1114 3604 Vnt

87 3624 144 3672 dell'
164 3640 235 3674 uomo
253 3625 371 3674 attristato
399 3627 411 3671 e
439 3637 511 3671 senza
528 3620 604 3682 cintii,
623 3626 654 3671 nd
738 3622 765 3684 5)
783 3629 804 3670 ct
824 3636 870 3670 om.
882 3621 940 3680 lat,
959 3620 1014 3670 dein
1032 3621 1084 3671 cah.
1097 3623 1253 3673 ctiaaddicia

88 3694 135 3753 pud
154 3691 225 3739 sallrc
245 3690 285 3739 nll'
304 3689 379 3740 eluro
399 3691 423 3739 cli
444 3689 497 3739 llio.
688 3691 745 3738 lacis
767 3695 789 3736 et
808 3691 833 3737 ia
851 3689 945 3750 copulis
963 3688 1055 3738 dividat
1075 3690 1132 3738 illis.

139 3757 181 3820 18)
199 3759 272 3807 actia
288 3758 388 3806 damiata
404 3765 431 3808 ut
449 3757 542 3807 accedat
561 3755 611 3805 Vnt.
737 3755 763 3819 6)
782 3756 933 3817 compositum
949 3769 996 3806 nan
1012 3757 1132 3819 sranpitar
1150 3770 1174 3818 p.
1192 3755 1257 3818 qaod

139 3820 180 3884 19)
201 3825 275 3888 inquit
293 3838 342 3872 non
360 3831 397 3872 cst
414 3824 437 3874 in
454 3823 504 3872 lat.
687 3823 846 3879 committitur,
863 3836 908 3871 aaa
926 3823 1003 3883 effluit
1022 3822 1072 3871 tat

138 3890 183 3953 20)
201 3906 248 3939 nau
266 3892 373 3954 pacietur
391 3892 466 3940 aratio
480 3890 567 3940 munda
583 3890 633 3938 Vnt.
735 3888 763 3951 7)
780 3889 843 3936 aliur
862 3894 913 3937 crat
929 3888 954 3937 in
972 3888 1022 3937 Vct.

138 3957 183 4021 21]
202 3960 262 4007 enirn
280 3957 337 4017 Van,
354 3958 395 4007 nbi
411 3958 465 4007 dcin
485 3973 531 4007 oue
545 3957 653 4006 camdem.
740 3953 766 4017 8)
784 3955 809 4002 ia
821 3956 888 4004 turba
900 3957 1016 4005 iustarum
1024 3959 1126 4006 uirorum
1136 3954 1196 4015 Vnt,
1214 3953 1255 4017 qui

139 4025 183 4086 22)
198 4024 653 4089 praieuraat-r'ndacrantlplan'-
689 4019 794 4071 collocat
817 4023 912 4072 illarum
935 4025 1009 4073 aratia
1031 4030 1055 4072 ct
1084 4022 1124 4070 illc
1147 4021 1253 4084 spirituc,

87 4100 157 4143 tatem
173 4094 223 4143 Vct.
689 4088 776 4139 deindo
792 4103 867 4152 neque
886 4092 1009 4154 quicquam
1027 4103 1051 4151 p.
1061 4103 1101 4137 acc
1119 4088 1256 4152 quidquam.

139 4184 217 4233 Hand.
235 4183 271 4232 lll.
309 4180 333 4242 l)
354 4183 453 4233 Ostende
471 4181 528 4229 milri
549 4179 654 4227 cedentes
740 4178 766 4239 4)
785 4185 875 4229 acetum
892 4179 941 4228 aar.

88 4254 112 4298 in
131 4251 243 4299 subsidiis
261 4251 366 4298 domines
387 4255 409 4296 et
428 4248 526 4297 alterurn
540 4247 655 4294 cedentem
740 4245 862 4296 trannxt
878 4242 1099 4304 l)catlredrcral’al.
1115 4243 1256 4309 ldeaqnac

89 4319 114 4365 in
131 4317 261 4366 cathedram
279 4317 329 4365 Vct.
688 4313 763 4376 siguis
779 4313 786 4374 ξ
806 4312 1005 4360 circumdedimns
1023 4312 1055 4362 cl.
1072 4325 1096 4377 p.
1115 4311 1174 4364 468.
1190 4313 1214 4363 u.
1231 4310 1256 4364 8.

139 4381 166 4445 2)
185 4384 260 4448 inquit
279 4397 325 4432 om.
344 4382 394 4431 Vnt.
741 4380 768 4443 2)
785 4380 902 4443 respondit
921 4377 971 4431 Pal.
