<?xml version="1.0" encoding="UTF-8"?>
<!DOCTYPE html PUBLIC "-//W3C//DTD XHTML 1.0 Transitional//EN"
    "http://www.w3.org/TR/xhtml1/DTD/xhtml1-transitional.dtd">
<html xmlns="http://www.w3.org/1999/xhtml" xml:lang="en" lang="en">
 <head>
  <title>
</title>
<meta http-equiv="Content-Type" content="text/html;charset=utf-8" />
  <meta name='ocr-system' content='tesseract 3.04.00' />
  <meta name='ocr-capabilities' content='ocr_page ocr_carea ocr_par ocr_line ocrx_word'/>
</head>
<body>
  <div class='ocr_page' id='page_1' title='image "./patrumapostolic00polygoog/patrumapostolic00polygoog_0591.png"; bbox 0 0 2886 4882; ppageno 0'>
   <div class='ocr_carea' id='block_1_1' title="bbox 215 220 1205 298">
    <p class='ocr_par' dir='ltr' id='par_1_1' title="bbox 215 220 1205 298">
     <span class='ocr_line' id='line_1_1' title="bbox 215 220 1205 298; baseline -0.012 -2"><span class='ocrx_word' id='word_1_1' title='bbox 215 235 276 296; x_wconf 76' lang='lat' dir='ltr'>ast)</span> <span class='ocrx_word' id='word_1_2' title='bbox 399 230 544 291; x_wconf 72' lang='lat' dir='ltr'>mms-</span> <span class='ocrx_word' id='word_1_3' title='bbox 558 229 701 290; x_wconf 69' lang='lat' dir='ltr'>etstan.</span> <span class='ocrx_word' id='word_1_4' title='bbox 742 226 841 288; x_wconf 75' lang='lat' dir='ltr'>etune</span> <span class='ocrx_word' id='word_1_5' title='bbox 857 228 901 286; x_wconf 91' lang='lat' dir='ltr'>lll.</span> <span class='ocrx_word' id='word_1_6' title='bbox 918 257 922 264; x_wconf 90' lang='lat'><em>·</em></span> <span class='ocrx_word' id='word_1_7' title='bbox 942 226 1077 287; x_wconf 69' lang='lat' dir='ltr'>Slllbl&#39;l.</span> <span class='ocrx_word' id='word_1_8' title='bbox 1089 224 1134 285; x_wconf 73' lang='lat' dir='ltr'>n.</span> <span class='ocrx_word' id='word_1_9' title='bbox 1148 220 1205 298; x_wconf 59' lang='grc' dir='ltr'>(Ἀ)</span> 
     </span>
    </p>
   </div>
   <div class='ocr_carea' id='block_1_2' title="bbox 216 384 1403 723">
    <p class='ocr_par' dir='ltr' id='par_1_2' title="bbox 216 384 1403 723">
     <span class='ocr_line' id='line_1_2' title="bbox 216 384 1403 473; baseline -0.008 -15"><span class='ocrx_word' id='word_1_10' title='bbox 216 399 280 458; x_wconf 90' lang='lat' dir='ltr'>illos</span> <span class='ocrx_word' id='word_1_11' title='bbox 297 414 361 457; x_wconf 81' lang='lat' dir='ltr'>nera</span> <span class='ocrx_word' id='word_1_12' title='bbox 384 398 478 456; x_wconf 89' lang='lat' dir='ltr'>decem</span> <span class='ocrx_word' id='word_1_13' title='bbox 500 397 606 473; x_wconf 84' lang='lat' dir='ltr'>lapides</span> <span class='ocrx_word' id='word_1_14' title='bbox 624 397 669 456; x_wconf 83' lang='lat' dir='ltr'>alii</span> <span class='ocrx_word' id='word_1_15' title='bbox 688 389 796 471; x_wconf 63' lang='lat' dir='ltr'>vigint?-</span> <span class='ocrx_word' id='word_1_16' title='bbox 816 397 938 471; x_wconf 80' lang='lat' dir='ltr'>quiaque</span> <span class='ocrx_word' id='word_1_17' title='bbox 959 394 1057 452; x_wconf 80' lang='lat' dir='ltr'>elevati</span> <span class='ocrx_word' id='word_1_18' title='bbox 1074 384 1162 450; x_wconf 76' lang='lat' dir='ltr'>snat¹⁰</span> <span class='ocrx_word' id='word_1_19' title='bbox 1183 392 1223 450; x_wconf 88' lang='lat' dir='ltr'>de</span> <span class='ocrx_word' id='word_1_20' title='bbox 1240 391 1403 466; x_wconf 66' lang='lat' dir='ltr'>punienda,</span> 
     </span>
     <span class='ocr_line' id='line_1_3' title="bbox 217 475 1401 551; baseline -0.005 -11"><span class='ocrx_word' id='word_1_21' title='bbox 217 492 246 540; x_wconf 86' lang='lat' dir='ltr'>et</span> <span class='ocrx_word' id='word_1_22' title='bbox 272 483 300 541; x_wconf 85' lang='lat' dir='ltr'>lai</span> <span class='ocrx_word' id='word_1_23' title='bbox 330 484 426 539; x_wconf 88' lang='lat' dir='ltr'>structi</span> <span class='ocrx_word' id='word_1_24' title='bbox 454 490 518 538; x_wconf 90' lang='lat' dir='ltr'>sunt</span> <span class='ocrx_word' id='word_1_25' title='bbox 544 483 572 538; x_wconf 93' lang='lat' dir='ltr'>in</span> <span class='ocrx_word' id='word_1_26' title='bbox 603 479 819 547; x_wconf 80' lang='lat' dir='ltr'>aedificationem</span> <span class='ocrx_word' id='word_1_27' title='bbox 849 479 934 536; x_wconf 90' lang='lat' dir='ltr'>turris</span> <span class='ocrx_word' id='word_1_28' title='bbox 953 478 1086 545; x_wconf 80' lang='lat' dir='ltr'>eiusdem,</span> <span class='ocrx_word' id='word_1_29' title='bbox 1114 492 1167 551; x_wconf 86' lang='lat' dir='ltr'>per</span> <span class='ocrx_word' id='word_1_30' title='bbox 1185 475 1255 533; x_wconf 84' lang='lat' dir='ltr'>illas</span> <span class='ocrx_word' id='word_1_31' title='bbox 1276 476 1401 551; x_wconf 75' lang='lat' dir='ltr'>virgines</span> 
     </span>
     <span class='ocr_line' id='line_1_4' title="bbox 216 551 1399 638; baseline -0.005 -15"><span class='ocrx_word' id='word_1_32' title='bbox 216 566 305 633; x_wconf 89' lang='lat' dir='ltr'>levati,</span> <span class='ocrx_word' id='word_1_33' title='bbox 334 567 406 622; x_wconf 91' lang='lat' dir='ltr'>sicut</span> <span class='ocrx_word' id='word_1_34' title='bbox 430 567 545 638; x_wconf 80' lang='lat' dir='ltr'><strong>priores.</strong></span> <span class='ocrx_word' id='word_1_35' title='bbox 587 566 653 622; x_wconf 89' lang='lat' dir='ltr'>Post</span> <span class='ocrx_word' id='word_1_36' title='bbox 681 564 732 625; x_wconf 87' lang='lat' dir='ltr'>bos</span> <span class='ocrx_word' id='word_1_37' title='bbox 759 563 804 620; x_wconf 93' lang='lat' dir='ltr'>alii</span> <span class='ocrx_word' id='word_1_38' title='bbox 826 564 937 637; x_wconf 72' lang='lat' dir='ltr'>triginta</span> <span class='ocrx_word' id='word_1_39' title='bbox 952 552 1095 636; x_wconf 79' lang='lat' dir='ltr'>quinqueu</span> <span class='ocrx_word' id='word_1_40' title='bbox 1115 559 1216 616; x_wconf 83' lang='lat' dir='ltr'>elevati</span> <span class='ocrx_word' id='word_1_41' title='bbox 1239 551 1354 630; x_wconf 76' lang='lat' dir='ltr'>sunt3²¹</span> <span class='ocrx_word' id='word_1_42' title='bbox 1371 568 1399 617; x_wconf 85' lang='lat' dir='ltr'>et</span> 
     </span>
     <span class='ocr_line' id='line_1_5' title="bbox 216 633 1396 723; baseline -0.004 -19"><span class='ocrx_word' id='word_1_43' title='bbox 216 649 245 704; x_wconf 89' lang='lat' dir='ltr'>bi</span> <span class='ocrx_word' id='word_1_44' title='bbox 265 648 390 706; x_wconf 88' lang='lat' dir='ltr'>similitor</span> <span class='ocrx_word' id='word_1_45' title='bbox 411 648 437 703; x_wconf 91' lang='lat' dir='ltr'>in</span> <span class='ocrx_word' id='word_1_46' title='bbox 460 647 559 707; x_wconf 85' lang='lat' dir='ltr'>eadem</span> <span class='ocrx_word' id='word_1_47' title='bbox 579 664 664 723; x_wconf 86' lang='lat' dir='ltr'>opere</span> <span class='ocrx_word' id='word_1_48' title='bbox 685 647 768 720; x_wconf 83' lang='lat' dir='ltr'>aptati</span> <span class='ocrx_word' id='word_1_49' title='bbox 788 653 861 703; x_wconf 81' lang='lat' dir='ltr'>sunt</span> <span class='ocrx_word' id='word_1_50' title='bbox 902 646 970 702; x_wconf 82' lang='lat' dir='ltr'>Post</span> <span class='ocrx_word' id='word_1_51' title='bbox 987 645 1038 700; x_wconf 82' lang='lat' dir='ltr'>laos</span> <span class='ocrx_word' id='word_1_52' title='bbox 1059 633 1267 717; x_wconf 61' lang='lat' dir='ltr'>qnamagintau</span> <span class='ocrx_word' id='word_1_53' title='bbox 1289 642 1396 718; x_wconf 73' lang='lat' dir='ltr'>lapidas</span> 
     </span>
    </p>
   </div>
   <div class='ocr_carea' id='block_1_3' title="bbox 216 725 1395 2296">
    <p class='ocr_par' dir='ltr' id='par_1_3' title="bbox 216 725 1395 2296">
     <span class='ocr_line' id='line_1_6' title="bbox 217 725 1395 799; baseline -0.005 -11"><span class='ocrx_word' id='word_1_54' title='bbox 217 731 410 799; x_wconf 82' lang='lat' dir='ltr'>sseeudemot,</span> <span class='ocrx_word' id='word_1_55' title='bbox 432 738 461 787; x_wconf 92' lang='lat' dir='ltr'>et</span> <span class='ocrx_word' id='word_1_56' title='bbox 481 732 509 787; x_wconf 89' lang='lat' dir='ltr'>bi</span> <span class='ocrx_word' id='word_1_57' title='bbox 532 747 626 788; x_wconf 90' lang='lat' dir='ltr'>omnes</span> <span class='ocrx_word' id='word_1_58' title='bbox 648 729 744 787; x_wconf 88' lang='lat' dir='ltr'>adiecti</span> <span class='ocrx_word' id='word_1_59' title='bbox 766 737 830 787; x_wconf 86' lang='lat' dir='ltr'>suut</span> <span class='ocrx_word' id='word_1_60' title='bbox 850 730 1061 787; x_wconf 78' lang='lat' dir='ltr'>insinuaturam</span> <span class='ocrx_word' id='word_1_61' title='bbox 1081 726 1165 783; x_wconf 81' lang='lat' dir='ltr'>turris</span> <span class='ocrx_word' id='word_1_62' title='bbox 1185 725 1272 783; x_wconf 63' lang='lat' dir='ltr'>iffius.</span> <span class='ocrx_word' id='word_1_63' title='bbox 1319 726 1395 795; x_wconf 74' lang='lat' dir='ltr'>Qus·</span> 
     </span>
     <span class='ocr_line' id='line_1_7' title="bbox 217 806 1394 888; baseline -0.005 -16"><span class='ocrx_word' id='word_1_64' title='bbox 217 823 281 872; x_wconf 88' lang='lat' dir='ltr'>tuor</span> <span class='ocrx_word' id='word_1_65' title='bbox 301 831 368 888; x_wconf 75' lang='lat' dir='ltr'>ergo</span> <span class='ocrx_word' id='word_1_66' title='bbox 391 806 527 879; x_wconf 76' lang='lat' dir='ltr'>ordines¹⁴</span> <span class='ocrx_word' id='word_1_67' title='bbox 549 821 700 888; x_wconf 83' lang='lat' dir='ltr'>caeperunt</span> <span class='ocrx_word' id='word_1_68' title='bbox 717 829 779 870; x_wconf 84' lang='lat' dir='ltr'>esse</span> <span class='ocrx_word' id='word_1_69' title='bbox 794 815 821 869; x_wconf 93' lang='lat' dir='ltr'>in</span> <span class='ocrx_word' id='word_1_70' title='bbox 841 811 1016 869; x_wconf 81' lang='lat' dir='ltr'>tundamento</span> <span class='ocrx_word' id='word_1_71' title='bbox 1032 811 1116 867; x_wconf 85' lang='lat' dir='ltr'>turris</span> <span class='ocrx_word' id='word_1_72' title='bbox 1132 808 1224 873; x_wconf 69' lang='lat' dir='ltr'>illinet</span> <span class='ocrx_word' id='word_1_73' title='bbox 1247 809 1394 866; x_wconf 75' lang='lat' dir='ltr'>desierant</span> 
     </span>
     <span class='ocr_line' id='line_1_8' title="bbox 219 889 1394 973; baseline -0.004 -19"><span class='ocrx_word' id='word_1_74' title='bbox 219 898 290 954; x_wconf 84' lang='lat' dir='ltr'>enim</span> <span class='ocrx_word' id='word_1_75' title='bbox 320 897 425 973; x_wconf 90' lang='lat' dir='ltr'>lapides</span> <span class='ocrx_word' id='word_1_76' title='bbox 453 889 580 954; x_wconf 80' lang='lat' dir='ltr'>extrabi¹⁸</span> <span class='ocrx_word' id='word_1_77' title='bbox 606 897 640 954; x_wconf 91' lang='lat' dir='ltr'>de</span> <span class='ocrx_word' id='word_1_78' title='bbox 663 895 818 971; x_wconf 83' lang='lat' dir='ltr'>prolund03</span> <span class='ocrx_word' id='word_1_79' title='bbox 848 895 987 969; x_wconf 85' lang='lat' dir='ltr'>paulisper</span> <span class='ocrx_word' id='word_1_80' title='bbox 1012 901 1040 951; x_wconf 90' lang='lat' dir='ltr'>ct</span> <span class='ocrx_word' id='word_1_81' title='bbox 1062 893 1099 962; x_wconf 91' lang='lat' dir='ltr'>bi,</span> <span class='ocrx_word' id='word_1_82' title='bbox 1128 892 1176 966; x_wconf 84' lang='lat' dir='ltr'>qui</span> <span class='ocrx_word' id='word_1_83' title='bbox 1197 890 1394 959; x_wconf 56' lang='lat' dir='ltr'>asinabus</span> 
     </span>
     <span class='ocr_line' id='line_1_9' title="bbox 220 972 1394 1053; baseline -0.005 -17"><span class='ocrx_word' id='word_1_84' title='bbox 220 982 389 1053; x_wconf 79' lang='lat' dir='ltr'>quieverant.</span> <span class='ocrx_word' id='word_1_85' title='bbox 432 978 533 1036; x_wconf 90' lang='lat' dir='ltr'>lterum</span> <span class='ocrx_word' id='word_1_86' title='bbox 563 972 625 1036; x_wconf 77' lang='lat' dir='ltr'>ittt¹‘</span> <span class='ocrx_word' id='word_1_87' title='bbox 655 996 702 1036; x_wconf 84' lang='lat' dir='ltr'>sex</span> <span class='ocrx_word' id='word_1_88' title='bbox 729 980 779 1035; x_wconf 83' lang='lat' dir='ltr'>viri</span> <span class='ocrx_word' id='word_1_89' title='bbox 803 977 968 1035; x_wconf 70' lang='lat' dir='ltr'>multitudini</span> <span class='ocrx_word' id='word_1_90' title='bbox 996 976 1033 1033; x_wconf 93' lang='lat' dir='ltr'>illi</span> <span class='ocrx_word' id='word_1_91' title='bbox 1057 977 1273 1050; x_wconf 84' lang='lat' dir='ltr'>imperaverunt,</span> <span class='ocrx_word' id='word_1_92' title='bbox 1309 983 1341 1030; x_wconf 93' lang='lat' dir='ltr'>ut</span> <span class='ocrx_word' id='word_1_93' title='bbox 1362 975 1394 1030; x_wconf 86' lang='lat' dir='ltr'>de</span> 
     </span>
     <span class='ocr_line' id='line_1_10' title="bbox 218 1056 1392 1137; baseline -0.004 -19"><span class='ocrx_word' id='word_1_94' title='bbox 218 1062 272 1119; x_wconf 86' lang='lat' dir='ltr'>illis</span> <span class='ocrx_word' id='word_1_95' title='bbox 295 1062 437 1120; x_wconf 81' lang='lat' dir='ltr'>duodecim</span> <span class='ocrx_word' id='word_1_96' title='bbox 460 1062 598 1119; x_wconf 87' lang='lat' dir='ltr'>mantibus</span> <span class='ocrx_word' id='word_1_97' title='bbox 617 1062 794 1136; x_wconf 89' lang='lat' dir='ltr'>adportarent</span> <span class='ocrx_word' id='word_1_98' title='bbox 810 1061 914 1137; x_wconf 89' lang='lat' dir='ltr'>lapides</span> <span class='ocrx_word' id='word_1_99' title='bbox 932 1061 966 1116; x_wconf 90' lang='lat' dir='ltr'>ad</span> <span class='ocrx_word' id='word_1_100' title='bbox 984 1057 1202 1116; x_wconf 80' lang='lat' dir='ltr'>aedificationem</span> <span class='ocrx_word' id='word_1_101' title='bbox 1220 1056 1308 1113; x_wconf 82' lang='lat' dir='ltr'>turris</span> <span class='ocrx_word' id='word_1_102' title='bbox 1325 1059 1392 1113; x_wconf 88' lang='lat' dir='ltr'>eius·</span> 
     </span>
     <span class='ocr_line' id='line_1_11' title="bbox 218 1138 1393 1203; baseline -0.003 -2"><span class='ocrx_word' id='word_1_103' title='bbox 218 1145 288 1201; x_wconf 90' lang='lat' dir='ltr'>dem.</span> <span class='ocrx_word' id='word_1_104' title='bbox 331 1145 371 1200; x_wconf 92' lang='lat' dir='ltr'>llli</span> <span class='ocrx_word' id='word_1_105' title='bbox 399 1154 487 1203; x_wconf 91' lang='lat' dir='ltr'>autem</span> <span class='ocrx_word' id='word_1_106' title='bbox 517 1144 677 1202; x_wconf 76' lang='lat' dir='ltr'>excidebant</span> <span class='ocrx_word' id='word_1_107' title='bbox 706 1145 740 1202; x_wconf 92' lang='lat' dir='ltr'>de</span> <span class='ocrx_word' id='word_1_108' title='bbox 769 1145 903 1202; x_wconf 80' lang='lat' dir='ltr'>univemis</span> <span class='ocrx_word' id='word_1_109' title='bbox 930 1142 1066 1201; x_wconf 91' lang='lat' dir='ltr'>montibus</span> <span class='ocrx_word' id='word_1_110' title='bbox 1097 1142 1234 1198; x_wconf 78' lang='lat' dir='ltr'>ranarum</span> <span class='ocrx_word' id='word_1_111' title='bbox 1266 1138 1393 1197; x_wconf 69' lang='lat' dir='ltr'>colom</span> 
     </span>
     <span class='ocr_line' id='line_1_12' title="bbox 217 1221 1393 1303; baseline -0.002 -21"><span class='ocrx_word' id='word_1_112' title='bbox 217 1226 331 1301; x_wconf 86' lang='lat' dir='ltr'>lapides,</span> <span class='ocrx_word' id='word_1_113' title='bbox 354 1234 380 1283; x_wconf 92' lang='lat' dir='ltr'>et</span> <span class='ocrx_word' id='word_1_114' title='bbox 402 1221 580 1285; x_wconf 72' lang='lat' dir='ltr'>delerentes¹&#39;</span> <span class='ocrx_word' id='word_1_115' title='bbox 601 1244 651 1286; x_wconf 91' lang='lat' dir='ltr'>eas</span> <span class='ocrx_word' id='word_1_116' title='bbox 671 1228 852 1303; x_wconf 79' lang='lat' dir='ltr'>porrigebant</span> <span class='ocrx_word' id='word_1_117' title='bbox 869 1225 1126 1300; x_wconf 75' lang='lat' dir='ltr'>virginibus30quos</span> <span class='ocrx_word' id='word_1_118' title='bbox 1143 1223 1205 1280; x_wconf 88' lang='lat' dir='ltr'>illae</span> <span class='ocrx_word' id='word_1_119' title='bbox 1224 1223 1393 1297; x_wconf 73' lang='lat' dir='ltr'>accipientes</span> 
     </span>
     <span class='ocr_line' id='line_1_13' title="bbox 218 1297 1391 1384; baseline -0.002 -19"><span class='ocrx_word' id='word_1_120' title='bbox 218 1309 432 1379; x_wconf 73' lang='lat' dir='ltr'>transferebant,</span> <span class='ocrx_word' id='word_1_121' title='bbox 461 1318 490 1368; x_wconf 86' lang='lat' dir='ltr'>et</span> <span class='ocrx_word' id='word_1_122' title='bbox 518 1312 544 1368; x_wconf 89' lang='lat' dir='ltr'>iu</span> <span class='ocrx_word' id='word_1_123' title='bbox 573 1310 789 1369; x_wconf 90' lang='lat' dir='ltr'>aedilleationem</span> <span class='ocrx_word' id='word_1_124' title='bbox 819 1311 903 1368; x_wconf 90' lang='lat' dir='ltr'>turris</span> <span class='ocrx_word' id='word_1_125' title='bbox 930 1307 1116 1384; x_wconf 78' lang='lat' dir='ltr'>porrigebant</span> <span class='ocrx_word' id='word_1_126' title='bbox 1164 1306 1195 1362; x_wconf 85' lang='lat' dir='ltr'>la</span> <span class='ocrx_word' id='word_1_127' title='bbox 1220 1297 1302 1380; x_wconf 80' lang='lat' dir='ltr'>qua¹⁸</span> <span class='ocrx_word' id='word_1_128' title='bbox 1331 1321 1391 1363; x_wconf 75' lang='lat' dir='ltr'>eun</span> 
     </span>
     <span class='ocr_line' id='line_1_14' title="bbox 217 1379 1392 1468; baseline -0.002 -19"><span class='ocrx_word' id='word_1_129' title='bbox 217 1394 316 1449; x_wconf 78' lang='lat' dir='ltr'>suncti</span> <span class='ocrx_word' id='word_1_130' title='bbox 337 1403 430 1450; x_wconf 84' lang='lat' dir='ltr'>essent</span> <span class='ocrx_word' id='word_1_131' title='bbox 451 1394 498 1464; x_wconf 90' lang='lat' dir='ltr'>illi,</span> <span class='ocrx_word' id='word_1_132' title='bbox 522 1395 632 1452; x_wconf 87' lang='lat' dir='ltr'>candidi</span> <span class='ocrx_word' id='word_1_133' title='bbox 653 1394 773 1468; x_wconf 80' lang='lat' dir='ltr'>vanique</span> <span class='ocrx_word' id='word_1_134' title='bbox 796 1393 912 1462; x_wconf 80' lang='lat' dir='ltr'>liobant3</span> <span class='ocrx_word' id='word_1_135' title='bbox 941 1399 968 1449; x_wconf 93' lang='lat' dir='ltr'>et</span> <span class='ocrx_word' id='word_1_136' title='bbox 992 1391 1117 1449; x_wconf 88' lang='lat' dir='ltr'>similiter</span> <span class='ocrx_word' id='word_1_137' title='bbox 1138 1379 1392 1464; x_wconf 62' lang='lat' dir='ltr'>consopitam*</span> 
     </span>
     <span class='ocr_line' id='line_1_15' title="bbox 216 1472 1391 1550; baseline -0.001 -18"><span class='ocrx_word' id='word_1_138' title='bbox 216 1475 355 1533; x_wconf 83' lang='lat' dir='ltr'>mutabant</span> <span class='ocrx_word' id='word_1_139' title='bbox 383 1477 499 1535; x_wconf 87' lang='lat' dir='ltr'>colores.</span> <span class='ocrx_word' id='word_1_140' title='bbox 541 1479 654 1547; x_wconf 81' lang='lat' dir='ltr'>Quidam</span> <span class='ocrx_word' id='word_1_141' title='bbox 676 1493 742 1535; x_wconf 87' lang='lat' dir='ltr'>vera</span> <span class='ocrx_word' id='word_1_142' title='bbox 764 1476 798 1534; x_wconf 91' lang='lat' dir='ltr'>ab</span> <span class='ocrx_word' id='word_1_143' title='bbox 820 1477 887 1550; x_wconf 90' lang='lat' dir='ltr'>ipsis</span> <span class='ocrx_word' id='word_1_144' title='bbox 914 1475 978 1532; x_wconf 83' lang='lat' dir='ltr'>viris</span> <span class='ocrx_word' id='word_1_145' title='bbox 999 1472 1226 1550; x_wconf 67' lang='lat' dir='ltr'>porrigebautnra</span> <span class='ocrx_word' id='word_1_146' title='bbox 1259 1472 1307 1546; x_wconf 87' lang='lat' dir='ltr'>qui</span> <span class='ocrx_word' id='word_1_147' title='bbox 1332 1488 1391 1531; x_wconf 77' lang='lat' dir='ltr'>eun</span> 
     </span>
     <span class='ocr_line' id='line_1_16' title="bbox 218 1546 1393 1634; baseline -0.003 -19"><span class='ocrx_word' id='word_1_148' title='bbox 218 1559 245 1615; x_wconf 92' lang='lat' dir='ltr'>in</span> <span class='ocrx_word' id='word_1_149' title='bbox 267 1576 326 1616; x_wconf 91' lang='lat' dir='ltr'>eam</span> <span class='ocrx_word' id='word_1_150' title='bbox 344 1559 560 1619; x_wconf 79' lang='lat' dir='ltr'>aedificationem</span> <span class='ocrx_word' id='word_1_151' title='bbox 581 1563 730 1630; x_wconf 82' lang='lat' dir='ltr'>venissent,</span> <span class='ocrx_word' id='word_1_152' title='bbox 758 1560 853 1634; x_wconf 87' lang='lat' dir='ltr'>quales</span> <span class='ocrx_word' id='word_1_153' title='bbox 876 1558 1055 1634; x_wconf 85' lang='lat' dir='ltr'>ponebantur,</span> <span class='ocrx_word' id='word_1_154' title='bbox 1081 1556 1149 1613; x_wconf 84' lang='lat' dir='ltr'>tales</span> <span class='ocrx_word' id='word_1_155' title='bbox 1169 1546 1226 1613; x_wconf 73' lang='lat' dir='ltr'>et’⁰</span> <span class='ocrx_word' id='word_1_156' title='bbox 1246 1564 1393 1630; x_wconf 60' lang='lat' dir='ltr'>pressae·</span> 
     </span>
     <span class='ocr_line' id='line_1_17' title="bbox 216 1631 1390 1715; baseline -0.003 -18"><span class='ocrx_word' id='word_1_157' title='bbox 216 1640 290 1698; x_wconf 82' lang='lat' dir='ltr'>bant.</span> <span class='ocrx_word' id='word_1_158' title='bbox 333 1641 366 1698; x_wconf 88' lang='lat' dir='ltr'>lli</span> <span class='ocrx_word' id='word_1_159' title='bbox 389 1658 440 1701; x_wconf 90' lang='lat' dir='ltr'>nec</span> <span class='ocrx_word' id='word_1_160' title='bbox 464 1645 571 1701; x_wconf 73' lang='lat' dir='ltr'>madidi</span> <span class='ocrx_word' id='word_1_161' title='bbox 594 1643 706 1712; x_wconf 82' lang='lat' dir='ltr'>flebant,</span> <span class='ocrx_word' id='word_1_162' title='bbox 728 1659 779 1700; x_wconf 92' lang='lat' dir='ltr'>nee</span> <span class='ocrx_word' id='word_1_163' title='bbox 801 1642 882 1713; x_wconf 82' lang='lat' dir='ltr'>varii3</span> <span class='ocrx_word' id='word_1_164' title='bbox 910 1642 1038 1715; x_wconf 85' lang='lat' dir='ltr'>quoniam</span> <span class='ocrx_word' id='word_1_165' title='bbox 1062 1631 1142 1698; x_wconf 78' lang='lat' dir='ltr'>non&#39;¹</span> <span class='ocrx_word' id='word_1_166' title='bbox 1170 1646 1251 1695; x_wconf 78' lang='lat' dir='ltr'>eraut</span> <span class='ocrx_word' id='word_1_167' title='bbox 1272 1656 1289 1694; x_wconf 86' lang='lat' dir='ltr'>a</span> <span class='ocrx_word' id='word_1_168' title='bbox 1310 1638 1390 1713; x_wconf 73' lang='lat' dir='ltr'>virgi·</span> 
     </span>
     <span class='ocr_line' id='line_1_18' title="bbox 217 1721 1390 1800; baseline -0.001 -21"><span class='ocrx_word' id='word_1_169' title='bbox 217 1723 298 1780; x_wconf 89' lang='lat' dir='ltr'>nibus</span> <span class='ocrx_word' id='word_1_170' title='bbox 326 1742 378 1800; x_wconf 91' lang='lat' dir='ltr'>per</span> <span class='ocrx_word' id='word_1_171' title='bbox 404 1735 512 1800; x_wconf 91' lang='lat' dir='ltr'>portam</span> <span class='ocrx_word' id='word_1_172' title='bbox 541 1727 671 1784; x_wconf 88' lang='lat' dir='ltr'>translati.</span> <span class='ocrx_word' id='word_1_173' title='bbox 714 1725 746 1782; x_wconf 92' lang='lat' dir='ltr'>lli</span> <span class='ocrx_word' id='word_1_174' title='bbox 775 1743 842 1800; x_wconf 79' lang='lat' dir='ltr'>ergo</span> <span class='ocrx_word' id='word_1_175' title='bbox 863 1725 968 1799; x_wconf 87' lang='lat' dir='ltr'>lapides</span> <span class='ocrx_word' id='word_1_176' title='bbox 989 1723 1127 1782; x_wconf 76' lang='lat' dir='ltr'>deformes</span> <span class='ocrx_word' id='word_1_177' title='bbox 1148 1729 1226 1779; x_wconf 84' lang='lat' dir='ltr'>erant</span> <span class='ocrx_word' id='word_1_178' title='bbox 1249 1723 1281 1777; x_wconf 80' lang='lat' dir='ltr'>is</span> <span class='ocrx_word' id='word_1_179' title='bbox 1300 1721 1390 1778; x_wconf 79' lang='lat' dir='ltr'>aedill·</span> 
     </span>
     <span class='ocr_line' id='line_1_19' title="bbox 217 1798 1391 1876; baseline -0.002 -13"><span class='ocrx_word' id='word_1_180' title='bbox 217 1798 363 1866; x_wconf 79' lang='lat' dir='ltr'>catione.²&#39;</span> <span class='ocrx_word' id='word_1_181' title='bbox 404 1808 479 1876; x_wconf 78' lang='lat' dir='ltr'>Quos</span> <span class='ocrx_word' id='word_1_182' title='bbox 508 1825 570 1866; x_wconf 92' lang='lat' dir='ltr'>cum</span> <span class='ocrx_word' id='word_1_183' title='bbox 597 1808 852 1866; x_wconf 81' lang='lat' dir='ltr'>animadvertissent</span> <span class='ocrx_word' id='word_1_184' title='bbox 879 1808 918 1865; x_wconf 90' lang='lat' dir='ltr'>illi</span> <span class='ocrx_word' id='word_1_185' title='bbox 939 1823 986 1865; x_wconf 83' lang='lat' dir='ltr'>sex</span> <span class='ocrx_word' id='word_1_186' title='bbox 1007 1806 1072 1875; x_wconf 82' lang='lat' dir='ltr'>viri,</span> <span class='ocrx_word' id='word_1_187' title='bbox 1098 1807 1240 1862; x_wconf 85' lang='lat' dir='ltr'>iusserunt</span> <span class='ocrx_word' id='word_1_188' title='bbox 1262 1804 1337 1872; x_wconf 87' lang='lat' dir='ltr'>talll,</span> <span class='ocrx_word' id='word_1_189' title='bbox 1361 1812 1391 1861; x_wconf 84' lang='lat' dir='ltr'>et</span> 
     </span>
     <span class='ocr_line' id='line_1_20' title="bbox 216 1883 1390 1963; baseline 0.001 -20"><span class='ocrx_word' id='word_1_190' title='bbox 216 1904 268 1944; x_wconf 90' lang='lat' dir='ltr'>suo</span> <span class='ocrx_word' id='word_1_191' title='bbox 290 1889 352 1945; x_wconf 88' lang='lat' dir='ltr'>loco</span> <span class='ocrx_word' id='word_1_192' title='bbox 374 1890 472 1963; x_wconf 85' lang='lat' dir='ltr'>reponi</span> <span class='ocrx_word' id='word_1_193' title='bbox 503 1890 576 1947; x_wconf 89' lang='lat' dir='ltr'>unde</span> <span class='ocrx_word' id='word_1_194' title='bbox 599 1891 680 1947; x_wconf 85' lang='lat' dir='ltr'>delati</span> <span class='ocrx_word' id='word_1_195' title='bbox 702 1883 846 1947; x_wconf 73' lang='lat' dir='ltr'>lucrane²³</span> <span class='ocrx_word' id='word_1_196' title='bbox 886 1891 920 1946; x_wconf 81' lang='lat' dir='ltr'>Et</span> <span class='ocrx_word' id='word_1_197' title='bbox 941 1891 1036 1948; x_wconf 90' lang='lat' dir='ltr'>dicunt</span> <span class='ocrx_word' id='word_1_198' title='bbox 1058 1890 1092 1947; x_wconf 87' lang='lat' dir='ltr'>ad</span> <span class='ocrx_word' id='word_1_199' title='bbox 1114 1888 1185 1956; x_wconf 88' lang='lat' dir='ltr'>illos,</span> <span class='ocrx_word' id='word_1_200' title='bbox 1212 1887 1261 1960; x_wconf 78' lang='lat' dir='ltr'>qui</span> <span class='ocrx_word' id='word_1_201' title='bbox 1285 1887 1390 1962; x_wconf 75' lang='lat' dir='ltr'>bpitles</span> 
     </span>
     <span class='ocr_line' id='line_1_21' title="bbox 218 1961 1391 2044; baseline 0.001 -20"><span class='ocrx_word' id='word_1_202' title='bbox 218 1961 308 2025; x_wconf 83' lang='lat' dir='ltr'>illoa¹⁴</span> <span class='ocrx_word' id='word_1_203' title='bbox 337 1971 508 2027; x_wconf 81' lang='lat' dir='ltr'>adterebant:</span> <span class='ocrx_word' id='word_1_204' title='bbox 541 1973 663 2040; x_wconf 89' lang='lat' dir='ltr'>‚omnino</span> <span class='ocrx_word' id='word_1_205' title='bbox 692 1989 741 2030; x_wconf 86' lang='lat' dir='ltr'>vos</span> <span class='ocrx_word' id='word_1_206' title='bbox 769 1973 850 2030; x_wconf 90' lang='lat' dir='ltr'>nobis</span> <span class='ocrx_word' id='word_1_207' title='bbox 879 1974 913 2031; x_wconf 93' lang='lat' dir='ltr'>ad</span> <span class='ocrx_word' id='word_1_208' title='bbox 940 1971 1156 2030; x_wconf 76' lang='lat' dir='ltr'>aedificationem</span> <span class='ocrx_word' id='word_1_209' title='bbox 1184 1970 1255 2026; x_wconf 89' lang='lat' dir='ltr'>banc</span> <span class='ocrx_word' id='word_1_210' title='bbox 1285 1970 1391 2044; x_wconf 80' lang='lat' dir='ltr'>lapides</span> 
     </span>
     <span class='ocr_line' id='line_1_22' title="bbox 217 2047 1392 2130; baseline 0 -22"><span class='ocrx_word' id='word_1_211' title='bbox 217 2052 360 2126; x_wconf 77' lang='lat' dir='ltr'>porrigere</span> <span class='ocrx_word' id='word_1_212' title='bbox 380 2053 474 2124; x_wconf 90' lang='lat' dir='ltr'>nolite,</span> <span class='ocrx_word' id='word_1_213' title='bbox 498 2055 549 2111; x_wconf 88' lang='lat' dir='ltr'>sed</span> <span class='ocrx_word' id='word_1_214' title='bbox 570 2056 641 2112; x_wconf 83' lang='lat' dir='ltr'>iuxta</span> <span class='ocrx_word' id='word_1_215' title='bbox 661 2055 758 2113; x_wconf 82' lang='lat' dir='ltr'>turrim</span> <span class='ocrx_word' id='word_1_216' title='bbox 774 2057 867 2130; x_wconf 90' lang='lat' dir='ltr'>ponite</span> <span class='ocrx_word' id='word_1_217' title='bbox 883 2074 940 2125; x_wconf 92' lang='lat' dir='ltr'>eos,</span> <span class='ocrx_word' id='word_1_218' title='bbox 961 2047 1018 2112; x_wconf 78' lang='lat' dir='ltr'>ut&#39;⁸</span> <span class='ocrx_word' id='word_1_219' title='bbox 1038 2057 1090 2113; x_wconf 88' lang='lat' dir='ltr'>bae</span> <span class='ocrx_word' id='word_1_220' title='bbox 1105 2054 1225 2127; x_wconf 79' lang='lat' dir='ltr'>virgines</span> <span class='ocrx_word' id='word_1_221' title='bbox 1241 2052 1392 2109; x_wconf 77' lang='lat' dir='ltr'>translatos</span> 
     </span>
     <span class='ocr_line' id='line_1_23' title="bbox 218 2135 1392 2213; baseline 0.002 -24"><span class='ocrx_word' id='word_1_222' title='bbox 218 2135 361 2208; x_wconf 75' lang='lat' dir='ltr'>porrigant</span> <span class='ocrx_word' id='word_1_223' title='bbox 388 2135 464 2207; x_wconf 82' lang='lat' dir='ltr'>illos3</span> <span class='ocrx_word' id='word_1_224' title='bbox 494 2138 546 2195; x_wconf 89' lang='lat' dir='ltr'>nisi</span> <span class='ocrx_word' id='word_1_225' title='bbox 577 2139 648 2196; x_wconf 84' lang='lat' dir='ltr'>euim</span> <span class='ocrx_word' id='word_1_226' title='bbox 678 2138 711 2196; x_wconf 88' lang='lat' dir='ltr'>ab</span> <span class='ocrx_word' id='word_1_227' title='bbox 737 2139 780 2195; x_wconf 90' lang='lat' dir='ltr'>bis</span> <span class='ocrx_word' id='word_1_228' title='bbox 806 2138 956 2213; x_wconf 79' lang='lat' dir='ltr'>virginibus</span> <span class='ocrx_word' id='word_1_229' title='bbox 978 2138 1103 2195; x_wconf 89' lang='lat' dir='ltr'>translati·</span> <span class='ocrx_word' id='word_1_230' title='bbox 1119 2135 1223 2194; x_wconf 78' lang='lat' dir='ltr'>luerim</span> <span class='ocrx_word' id='word_1_231' title='bbox 1244 2148 1303 2208; x_wconf 86' lang='lat' dir='ltr'>per¹</span> <span class='ocrx_word' id='word_1_232' title='bbox 1319 2135 1392 2192; x_wconf 76' lang='lat' dir='ltr'>bane</span> 
     </span>
     <span class='ocr_line' id='line_1_24' title="bbox 217 2216 1392 2296; baseline 0.001 -22"><span class='ocrx_word' id='word_1_233' title='bbox 217 2223 333 2290; x_wconf 87' lang='lat' dir='ltr'>portam,</span> <span class='ocrx_word' id='word_1_234' title='bbox 356 2219 464 2276; x_wconf 88' lang='lat' dir='ltr'>calores</span> <span class='ocrx_word' id='word_1_235' title='bbox 484 2237 552 2279; x_wconf 85' lang='lat' dir='ltr'>suos</span> <span class='ocrx_word' id='word_1_236' title='bbox 573 2228 678 2280; x_wconf 86' lang='lat' dir='ltr'>mutare</span> <span class='ocrx_word' id='word_1_237' title='bbox 693 2238 749 2280; x_wconf 92' lang='lat' dir='ltr'>uon</span> <span class='ocrx_word' id='word_1_238' title='bbox 767 2231 898 2296; x_wconf 81' lang='lat' dir='ltr'>possunt3</span> <span class='ocrx_word' id='word_1_239' title='bbox 919 2221 1004 2279; x_wconf 90' lang='lat' dir='ltr'>nolite</span> <span class='ocrx_word' id='word_1_240' title='bbox 1023 2221 1106 2296; x_wconf 73' lang='lat' dir='ltr'>igitur</span> <span class='ocrx_word' id='word_1_241' title='bbox 1122 2221 1224 2277; x_wconf 80' lang='lat' dir='ltr'>frustra</span> <span class='ocrx_word' id='word_1_242' title='bbox 1243 2216 1392 2276; x_wconf 81' lang='lat' dir='ltr'>laborare‘</span> 
     </span>
    </p>
   </div>
   <div class='ocr_carea' id='block_1_4' title="bbox 216 2347 1390 3422">
    <p class='ocr_par' dir='ltr' id='par_1_4' title="bbox 216 2347 1390 3422">
     <span class='ocr_line' id='line_1_25' title="bbox 302 2347 1388 2423; baseline 0.003 -15"><span class='ocrx_word' id='word_1_243' title='bbox 302 2347 342 2423; x_wconf 86' lang='lat' dir='ltr'>(a)</span> <span class='ocrx_word' id='word_1_244' title='bbox 363 2352 393 2413; x_wconf 89' lang='lat' dir='ltr'>ll.</span> <span class='ocrx_word' id='word_1_245' title='bbox 436 2353 539 2418; x_wconf 74' lang='lat' dir='ltr'>adacta</span> <span class='ocrx_word' id='word_1_246' title='bbox 561 2364 604 2415; x_wconf 86' lang='lat' dir='ltr'>est</span> <span class='ocrx_word' id='word_1_247' title='bbox 625 2365 713 2414; x_wconf 86' lang='lat' dir='ltr'>sutem</span> <span class='ocrx_word' id='word_1_248' title='bbox 734 2365 873 2415; x_wconf 82' lang='lat' dir='ltr'>structura</span> <span class='ocrx_word' id='word_1_249' title='bbox 894 2354 939 2419; x_wconf 84' lang='lat' dir='ltr'>illa</span> <span class='ocrx_word' id='word_1_250' title='bbox 959 2355 1011 2422; x_wconf 90' lang='lat' dir='ltr'>die,</span> <span class='ocrx_word' id='word_1_251' title='bbox 1032 2354 1082 2413; x_wconf 90' lang='lat' dir='ltr'>sed</span> <span class='ocrx_word' id='word_1_252' title='bbox 1098 2353 1181 2410; x_wconf 90' lang='lat' dir='ltr'>turris</span> <span class='ocrx_word' id='word_1_253' title='bbox 1200 2361 1388 2419; x_wconf 77' lang='lat' dir='ltr'>consummata</span> 
     </span>
     <span class='ocr_line' id='line_1_26' title="bbox 219 2430 1389 2511; baseline -0.001 -21"><span class='ocrx_word' id='word_1_254' title='bbox 219 2450 272 2491; x_wconf 93' lang='lat' dir='ltr'>non</span> <span class='ocrx_word' id='word_1_255' title='bbox 302 2443 359 2504; x_wconf 87' lang='lat' dir='ltr'>est;</span> <span class='ocrx_word' id='word_1_256' title='bbox 387 2437 508 2494; x_wconf 91' lang='lat' dir='ltr'>lotorum</span> <span class='ocrx_word' id='word_1_257' title='bbox 529 2439 601 2495; x_wconf 89' lang='lat' dir='ltr'>enim</span> <span class='ocrx_word' id='word_1_258' title='bbox 631 2448 691 2497; x_wconf 89' lang='lat' dir='ltr'>erat</span> <span class='ocrx_word' id='word_1_259' title='bbox 719 2447 749 2495; x_wconf 89' lang='lat' dir='ltr'>ot</span> <span class='ocrx_word' id='word_1_260' title='bbox 770 2430 980 2507; x_wconf 85' lang='lat' dir='ltr'>aedificaretur,¹</span> <span class='ocrx_word' id='word_1_261' title='bbox 1008 2445 1155 2511; x_wconf 87' lang='lat' dir='ltr'>propterea</span> <span class='ocrx_word' id='word_1_262' title='bbox 1183 2437 1341 2492; x_wconf 84' lang='lat' dir='ltr'>etiamnunc</span> <span class='ocrx_word' id='word_1_263' title='bbox 1363 2443 1389 2491; x_wconf 91' lang='lat' dir='ltr'>et</span> 
     </span>
     <span class='ocr_line' id='line_1_27' title="bbox 219 2517 1390 2592; baseline 0.002 -19"><span class='ocrx_word' id='word_1_264' title='bbox 219 2517 352 2590; x_wconf 86' lang='lat' dir='ltr'>quaedam</span> <span class='ocrx_word' id='word_1_265' title='bbox 381 2519 472 2576; x_wconf 90' lang='lat' dir='ltr'>dilatio</span> <span class='ocrx_word' id='word_1_266' title='bbox 501 2520 572 2577; x_wconf 90' lang='lat' dir='ltr'>laeta</span> <span class='ocrx_word' id='word_1_267' title='bbox 601 2531 652 2578; x_wconf 72' lang='lat' dir='ltr'>est.</span> <span class='ocrx_word' id='word_1_268' title='bbox 694 2521 725 2578; x_wconf 84' lang='lat' dir='ltr'>llt</span> <span class='ocrx_word' id='word_1_269' title='bbox 755 2523 894 2578; x_wconf 85' lang='lat' dir='ltr'>iusserunt</span> <span class='ocrx_word' id='word_1_270' title='bbox 914 2519 952 2575; x_wconf 92' lang='lat' dir='ltr'>illi</span> <span class='ocrx_word' id='word_1_271' title='bbox 974 2536 1021 2576; x_wconf 83' lang='lat' dir='ltr'>ser</span> <span class='ocrx_word' id='word_1_272' title='bbox 1041 2536 1100 2588; x_wconf 91' lang='lat' dir='ltr'>eos,</span> <span class='ocrx_word' id='word_1_273' title='bbox 1129 2519 1176 2592; x_wconf 85' lang='lat' dir='ltr'>qui</span> <span class='ocrx_word' id='word_1_274' title='bbox 1201 2517 1390 2586; x_wconf 73' lang='lat' dir='ltr'>aedificabant,</span> 
     </span>
     <span class='ocr_line' id='line_1_28' title="bbox 217 2594 1389 2681; baseline 0.001 -25"><span class='ocrx_word' id='word_1_275' title='bbox 217 2594 306 2658; x_wconf 68' lang='lat' dir='ltr'>abire²</span> <span class='ocrx_word' id='word_1_276' title='bbox 325 2608 353 2656; x_wconf 90' lang='lat' dir='ltr'>et</span> <span class='ocrx_word' id='word_1_277' title='bbox 374 2602 455 2659; x_wconf 89' lang='lat' dir='ltr'>veluti</span> <span class='ocrx_word' id='word_1_278' title='bbox 477 2602 634 2676; x_wconf 85' lang='lat' dir='ltr'>aliquandiu</span> <span class='ocrx_word' id='word_1_279' title='bbox 656 2607 814 2681; x_wconf 83' lang='lat' dir='ltr'>quiescere3</span> <span class='ocrx_word' id='word_1_280' title='bbox 844 2603 898 2659; x_wconf 89' lang='lat' dir='ltr'>illis</span> <span class='ocrx_word' id='word_1_281' title='bbox 916 2619 982 2660; x_wconf 87' lang='lat' dir='ltr'>vero</span> <span class='ocrx_word' id='word_1_282' title='bbox 1004 2602 1156 2676; x_wconf 73' lang='lat' dir='ltr'>virginibus</span> <span class='ocrx_word' id='word_1_283' title='bbox 1177 2608 1389 2676; x_wconf 80' lang='lat' dir='ltr'>praeceperunt,</span> 
     </span>
     <span class='ocr_line' id='line_1_29' title="bbox 217 2683 1390 2762; baseline 0.002 -24"><span class='ocrx_word' id='word_1_284' title='bbox 217 2698 252 2738; x_wconf 91' lang='lat' dir='ltr'>ne</span> <span class='ocrx_word' id='word_1_285' title='bbox 282 2700 297 2740; x_wconf 89' lang='lat' dir='ltr'>a</span> <span class='ocrx_word' id='word_1_286' title='bbox 328 2686 396 2741; x_wconf 83' lang='lat' dir='ltr'>turri</span> <span class='ocrx_word' id='word_1_287' title='bbox 418 2684 601 2743; x_wconf 77' lang='lat' dir='ltr'>discederent</span> <span class='ocrx_word' id='word_1_288' title='bbox 644 2687 794 2762; x_wconf 86' lang='lat' dir='ltr'>Propterea</span> <span class='ocrx_word' id='word_1_289' title='bbox 815 2693 905 2743; x_wconf 92' lang='lat' dir='ltr'>autem</span> <span class='ocrx_word' id='word_1_290' title='bbox 930 2685 1091 2743; x_wconf 71' lang='lat' dir='ltr'>violabantur</span> <span class='ocrx_word' id='word_1_291' title='bbox 1114 2685 1179 2742; x_wconf 88' lang='lat' dir='ltr'>mibi</span> <span class='ocrx_word' id='word_1_292' title='bbox 1208 2683 1332 2752; x_wconf 80' lang='lat' dir='ltr'>relictae,</span> <span class='ocrx_word' id='word_1_293' title='bbox 1360 2691 1390 2740; x_wconf 91' lang='lat' dir='ltr'>ut</span> 
     </span>
     <span class='ocr_line' id='line_1_30' title="bbox 217 2759 1389 2843; baseline 0.005 -25"><span class='ocrx_word' id='word_1_294' title='bbox 217 2766 390 2822; x_wconf 86' lang='lat' dir='ltr'>custodirent</span> <span class='ocrx_word' id='word_1_295' title='bbox 411 2767 505 2823; x_wconf 91' lang='lat' dir='ltr'>turrim</span> <span class='ocrx_word' id='word_1_296' title='bbox 527 2761 619 2825; x_wconf 67' lang='lat' dir='ltr'>illam.a</span> <span class='ocrx_word' id='word_1_297' title='bbox 661 2769 807 2843; x_wconf 85' lang='lat' dir='ltr'>Postquam</span> <span class='ocrx_word' id='word_1_298' title='bbox 830 2777 919 2826; x_wconf 87' lang='lat' dir='ltr'>autem</span> <span class='ocrx_word' id='word_1_299' title='bbox 941 2759 1049 2825; x_wconf 85' lang='lat' dir='ltr'>omucs⁴</span> <span class='ocrx_word' id='word_1_300' title='bbox 1064 2775 1247 2834; x_wconf 87' lang='lat' dir='ltr'>recesserunt,</span> <span class='ocrx_word' id='word_1_301' title='bbox 1271 2766 1335 2824; x_wconf 84' lang='lat' dir='ltr'>dieo</span> <span class='ocrx_word' id='word_1_302' title='bbox 1356 2766 1389 2824; x_wconf 73' lang='lat' dir='ltr'>ad</span> 
     </span>
     <span class='ocr_line' id='line_1_31' title="bbox 217 2845 1390 2924; baseline 0.003 -22"><span class='ocrx_word' id='word_1_303' title='bbox 217 2856 355 2920; x_wconf 85' lang='lat' dir='ltr'>pastorem</span> <span class='ocrx_word' id='word_1_304' title='bbox 378 2849 466 2906; x_wconf 87' lang='lat' dir='ltr'>illum:</span> <span class='ocrx_word' id='word_1_305' title='bbox 496 2848 599 2923; x_wconf 82' lang='lat' dir='ltr'>quare,‘</span> <span class='ocrx_word' id='word_1_306' title='bbox 626 2845 758 2924; x_wconf 67' lang='lat' dir='ltr'>inquam,‘⁵</span> <span class='ocrx_word' id='word_1_307' title='bbox 786 2852 912 2922; x_wconf 72' lang='lat' dir='ltr'>,domine</span> <span class='ocrx_word' id='word_1_308' title='bbox 942 2868 996 2908; x_wconf 90' lang='lat' dir='ltr'>uon</span> <span class='ocrx_word' id='word_1_309' title='bbox 1025 2861 1067 2908; x_wconf 87' lang='lat' dir='ltr'>est</span> <span class='ocrx_word' id='word_1_310' title='bbox 1094 2858 1203 2924; x_wconf 88' lang='lat' dir='ltr'>peraeta</span> <span class='ocrx_word' id='word_1_311' title='bbox 1232 2847 1390 2906; x_wconf 82' lang='lat' dir='ltr'>sedilleatio</span> 
     </span>
     <span class='ocr_line' id='line_1_32' title="bbox 218 2923 1389 3007; baseline 0.003 -23"><span class='ocrx_word' id='word_1_312' title='bbox 218 2927 331 2986; x_wconf 74' lang='lat' dir='ltr'>turris&#39;l‘</span> <span class='ocrx_word' id='word_1_313' title='bbox 373 2931 440 3000; x_wconf 85' lang='lat' dir='ltr'>,llan</span> <span class='ocrx_word' id='word_1_314' title='bbox 463 2929 555 3001; x_wconf 88' lang='lat' dir='ltr'>enim,‘</span> <span class='ocrx_word' id='word_1_315' title='bbox 576 2934 672 3007; x_wconf 79' lang='lat' dir='ltr'>iuquit,</span> <span class='ocrx_word' id='word_1_316' title='bbox 694 2943 765 3003; x_wconf 91' lang='lat' dir='ltr'>,note</span> <span class='ocrx_word' id='word_1_317' title='bbox 787 2935 969 2992; x_wconf 90' lang='lat' dir='ltr'>consummari</span> <span class='ocrx_word' id='word_1_318' title='bbox 991 2941 1091 3007; x_wconf 86' lang='lat' dir='ltr'>potest,</span> <span class='ocrx_word' id='word_1_319' title='bbox 1113 2950 1193 3006; x_wconf 83' lang='lat' dir='ltr'>quam</span> <span class='ocrx_word' id='word_1_320' title='bbox 1215 2923 1321 2989; x_wconf 80' lang='lat' dir='ltr'>reuiat⁸</span> <span class='ocrx_word' id='word_1_321' title='bbox 1343 2932 1389 2988; x_wconf 86' lang='lat' dir='ltr'>da·</span> 
     </span>
     <span class='ocr_line' id='line_1_33' title="bbox 216 3011 1389 3091; baseline 0.002 -23"><span class='ocrx_word' id='word_1_322' title='bbox 216 3011 306 3069; x_wconf 89' lang='lat' dir='ltr'>miuus</span> <span class='ocrx_word' id='word_1_323' title='bbox 329 3015 397 3082; x_wconf 86' lang='lat' dir='ltr'>eius,</span> <span class='ocrx_word' id='word_1_324' title='bbox 425 3024 453 3071; x_wconf 91' lang='lat' dir='ltr'>et</span> <span class='ocrx_word' id='word_1_325' title='bbox 474 3022 638 3073; x_wconf 85' lang='lat' dir='ltr'>structuram</span> <span class='ocrx_word' id='word_1_326' title='bbox 660 3017 731 3073; x_wconf 80' lang='lat' dir='ltr'>lianc</span> <span class='ocrx_word' id='word_1_327' title='bbox 752 3017 860 3091; x_wconf 86' lang='lat' dir='ltr'>prabet,</span> <span class='ocrx_word' id='word_1_328' title='bbox 890 3025 927 3084; x_wconf 88' lang='lat' dir='ltr'>ut,</span> <span class='ocrx_word' id='word_1_329' title='bbox 956 3019 980 3073; x_wconf 87' lang='lat' dir='ltr'>si</span> <span class='ocrx_word' id='word_1_330' title='bbox 1003 3033 1073 3090; x_wconf 90' lang='lat' dir='ltr'>quos</span> <span class='ocrx_word' id='word_1_331' title='bbox 1095 3015 1201 3090; x_wconf 83' lang='lat' dir='ltr'>lapidee</span> <span class='ocrx_word' id='word_1_332' title='bbox 1222 3029 1278 3071; x_wconf 92' lang='lat' dir='ltr'>non</span> <span class='ocrx_word' id='word_1_333' title='bbox 1298 3013 1389 3072; x_wconf 80' lang='lat' dir='ltr'>banus</span> 
     </span>
     <span class='ocr_line' id='line_1_34' title="bbox 216 3094 1389 3165; baseline 0.001 -13"><span class='ocrx_word' id='word_1_334' title='bbox 216 3095 244 3152; x_wconf 89' lang='lat' dir='ltr'>in</span> <span class='ocrx_word' id='word_1_335' title='bbox 257 3111 288 3150; x_wconf 89' lang='lat' dir='ltr'>ea</span> <span class='ocrx_word' id='word_1_336' title='bbox 301 3096 442 3164; x_wconf 82' lang='lat' dir='ltr'>invenerit,</span> <span class='ocrx_word' id='word_1_337' title='bbox 464 3106 616 3165; x_wconf 87' lang='lat' dir='ltr'>mutentur;</span> <span class='ocrx_word' id='word_1_338' title='bbox 633 3099 667 3154; x_wconf 93' lang='lat' dir='ltr'>ad</span> <span class='ocrx_word' id='word_1_339' title='bbox 681 3099 844 3158; x_wconf 83' lang='lat' dir='ltr'>voluntatem</span> <span class='ocrx_word' id='word_1_340' title='bbox 857 3101 928 3157; x_wconf 93' lang='lat' dir='ltr'>enim</span> <span class='ocrx_word' id='word_1_341' title='bbox 948 3101 1007 3157; x_wconf 91' lang='lat' dir='ltr'>eius</span> <span class='ocrx_word' id='word_1_342' title='bbox 1025 3097 1184 3155; x_wconf 79' lang='lat' dir='ltr'>aedificetur</span> <span class='ocrx_word' id='word_1_343' title='bbox 1202 3098 1272 3154; x_wconf 89' lang='lat' dir='ltr'>baec</span> <span class='ocrx_word' id='word_1_344' title='bbox 1284 3094 1389 3154; x_wconf 54' lang='lat' dir='ltr'>turris}</span> 
     </span>
     <span class='ocr_line' id='line_1_35' title="bbox 216 3171 1388 3257; baseline 0.006 -27"><span class='ocrx_word' id='word_1_345' title='bbox 216 3171 359 3244; x_wconf 81' lang='lat' dir='ltr'>,Vellam,‘&#39;</span> <span class='ocrx_word' id='word_1_346' title='bbox 381 3179 498 3251; x_wconf 85' lang='lat' dir='ltr'>inquam,</span> <span class='ocrx_word' id='word_1_347' title='bbox 520 3179 654 3250; x_wconf 73' lang='lat' dir='ltr'>domine,</span> <span class='ocrx_word' id='word_1_348' title='bbox 676 3183 748 3238; x_wconf 87' lang='lat' dir='ltr'>sciro</span> <span class='ocrx_word' id='word_1_349' title='bbox 770 3184 836 3257; x_wconf 82' lang='lat' dir='ltr'>quid</span> <span class='ocrx_word' id='word_1_350' title='bbox 858 3183 995 3256; x_wconf 78' lang='lat' dir='ltr'>significet</span> <span class='ocrx_word' id='word_1_351' title='bbox 1016 3180 1169 3239; x_wconf 80' lang='lat' dir='ltr'>aedificatio</span> <span class='ocrx_word' id='word_1_352' title='bbox 1191 3181 1274 3236; x_wconf 88' lang='lat' dir='ltr'>turris</span> <span class='ocrx_word' id='word_1_353' title='bbox 1296 3179 1388 3247; x_wconf 84' lang='lat' dir='ltr'>buius,</span> 
     </span>
     <span class='ocr_line' id='line_1_36' title="bbox 217 3256 1389 3340; baseline 0.005 -28"><span class='ocrx_word' id='word_1_354' title='bbox 217 3265 245 3313; x_wconf 92' lang='lat' dir='ltr'>et</span> <span class='ocrx_word' id='word_1_355' title='bbox 266 3256 301 3314; x_wconf 93' lang='lat' dir='ltr'>de</span> <span class='ocrx_word' id='word_1_356' title='bbox 323 3258 373 3315; x_wconf 85' lang='lat' dir='ltr'>bac</span> <span class='ocrx_word' id='word_1_357' title='bbox 395 3268 471 3334; x_wconf 90' lang='lat' dir='ltr'>petra</span> <span class='ocrx_word' id='word_1_358' title='bbox 491 3269 519 3317; x_wconf 89' lang='lat' dir='ltr'>et</span> <span class='ocrx_word' id='word_1_359' title='bbox 540 3262 574 3317; x_wconf 91' lang='lat' dir='ltr'>de</span> <span class='ocrx_word' id='word_1_360' title='bbox 593 3262 643 3319; x_wconf 88' lang='lat' dir='ltr'>bae</span> <span class='ocrx_word' id='word_1_361' title='bbox 664 3273 743 3338; x_wconf 90' lang='lat' dir='ltr'>porta</span> <span class='ocrx_word' id='word_1_362' title='bbox 765 3281 945 3340; x_wconf 77' lang='lat' dir='ltr'>cognoscere,</span> <span class='ocrx_word' id='word_1_363' title='bbox 967 3267 1049 3322; x_wconf 87' lang='lat' dir='ltr'>etde</span> <span class='ocrx_word' id='word_1_364' title='bbox 1071 3262 1211 3320; x_wconf 86' lang='lat' dir='ltr'>montibus</span> <span class='ocrx_word' id='word_1_365' title='bbox 1232 3270 1262 3330; x_wconf 83' lang='lat' dir='ltr'>et</span> <span class='ocrx_word' id='word_1_366' title='bbox 1280 3262 1321 3318; x_wconf 86' lang='lat' dir='ltr'>de</span> <span class='ocrx_word' id='word_1_367' title='bbox 1336 3264 1389 3319; x_wconf 82' lang='lat' dir='ltr'>vir·</span> 
     </span>
     <span class='ocr_line' id='line_1_37' title="bbox 218 3339 1389 3422; baseline 0.006 -28"><span class='ocrx_word' id='word_1_368' title='bbox 218 3339 326 3413; x_wconf 71' lang='lat' dir='ltr'>pinibus</span> <span class='ocrx_word' id='word_1_369' title='bbox 349 3351 376 3398; x_wconf 93' lang='lat' dir='ltr'>et</span> <span class='ocrx_word' id='word_1_370' title='bbox 398 3342 431 3400; x_wconf 92' lang='lat' dir='ltr'>de</span> <span class='ocrx_word' id='word_1_371' title='bbox 453 3342 605 3418; x_wconf 90' lang='lat' dir='ltr'>lapidibus,</span> <span class='ocrx_word' id='word_1_372' title='bbox 629 3348 674 3420; x_wconf 80' lang='lat' dir='ltr'>qui</span> <span class='ocrx_word' id='word_1_373' title='bbox 697 3351 809 3406; x_wconf 79' lang='lat' dir='ltr'>extracti</span> <span class='ocrx_word' id='word_1_374' title='bbox 831 3341 906 3407; x_wconf 69' lang='lat' dir='ltr'>sunt*</span> <span class='ocrx_word' id='word_1_375' title='bbox 929 3348 963 3405; x_wconf 90' lang='lat' dir='ltr'>de</span> <span class='ocrx_word' id='word_1_376' title='bbox 984 3347 1136 3422; x_wconf 91' lang='lat' dir='ltr'>proluudo,</span> <span class='ocrx_word' id='word_1_377' title='bbox 1159 3363 1209 3402; x_wconf 90' lang='lat' dir='ltr'>uec</span> <span class='ocrx_word' id='word_1_378' title='bbox 1231 3344 1389 3405; x_wconf 82' lang='lat' dir='ltr'>circumcisi</span> 
     </span>
    </p>
   </div>
   <div class='ocr_carea' id='block_1_5' title="bbox 217 3458 425 3471">
    <p class='ocr_par' dir='ltr' id='par_1_5' title="bbox 217 3458 425 3471">
     <span class='ocr_line' id='line_1_38' title="bbox 217 3458 425 3471; baseline 0.01 -2"><span class='ocrx_word' id='word_1_379' title='bbox 217 3458 425 3471; x_wconf 62' lang='lat'><em>—0————-</em></span> 
     </span>
    </p>
   </div>
   <div class='ocr_carea' id='block_1_6' title="bbox 160 3517 1390 4459">
    <p class='ocr_par' dir='ltr' id='par_1_6' title="bbox 160 3517 1390 4459">
     <span class='ocr_line' id='line_1_39' title="bbox 265 3517 1336 3586; baseline 0.003 -21"><span class='ocrx_word' id='word_1_380' title='bbox 265 3519 293 3577; x_wconf 75' lang='lat' dir='ltr'>tlt</span> <span class='ocrx_word' id='word_1_381' title='bbox 315 3517 446 3567; x_wconf 82' lang='lat' dir='ltr'>denotatur</span> <span class='ocrx_word' id='word_1_382' title='bbox 468 3519 600 3569; x_wconf 88' lang='lat' dir='ltr'>secundum</span> <span class='ocrx_word' id='word_1_383' title='bbox 623 3522 731 3572; x_wconf 74' lang='lat' dir='ltr'>scendum</span> <span class='ocrx_word' id='word_1_384' title='bbox 749 3523 784 3573; x_wconf 87' lang='grc' dir='ltr'>ιί-</span> <span class='ocrx_word' id='word_1_385' title='bbox 872 3521 914 3586; x_wconf 79' lang='lat' dir='ltr'>ld)</span> <span class='ocrx_word' id='word_1_386' title='bbox 935 3537 988 3584; x_wconf 70' lang='lat' dir='ltr'>capo</span> <span class='ocrx_word' id='word_1_387' title='bbox 1009 3536 1079 3570; x_wconf 81' lang='lat' dir='ltr'>omas</span> <span class='ocrx_word' id='word_1_388' title='bbox 1099 3523 1192 3570; x_wconf 69' lang='lat' dir='ltr'>melmae</span> <span class='ocrx_word' id='word_1_389' title='bbox 1209 3519 1270 3582; x_wconf 79' lang='lat' dir='ltr'>(stc)</span> <span class='ocrx_word' id='word_1_390' title='bbox 1284 3520 1336 3569; x_wconf 83' lang='lat' dir='ltr'>liat.</span> 
     </span>
     <span class='ocr_line' id='line_1_40' title="bbox 214 3585 1390 3652; baseline 0.005 -21"><span class='ocrx_word' id='word_1_391' title='bbox 214 3596 295 3631; x_wconf 90' lang='lat' dir='ltr'>rorum</span> <span class='ocrx_word' id='word_1_392' title='bbox 315 3585 430 3634; x_wconf 82' lang='lat' dir='ltr'>instantm</span> <span class='ocrx_word' id='word_1_393' title='bbox 449 3594 503 3635; x_wconf 87' lang='lat' dir='ltr'>ante</span> <span class='ocrx_word' id='word_1_394' title='bbox 521 3587 648 3638; x_wconf 70' lang='lat' dir='ltr'>adventurm</span> <span class='ocrx_word' id='word_1_395' title='bbox 667 3589 763 3639; x_wconf 75' lang='lat' dir='ltr'>Christi.</span> <span class='ocrx_word' id='word_1_396' title='bbox 871 3590 912 3652; x_wconf 86' lang='grc'>15)</span> <span class='ocrx_word' id='word_1_397' title='bbox 931 3590 1053 3637; x_wconf 82' lang='lat' dir='ltr'>ascendere</span> <span class='ocrx_word' id='word_1_398' title='bbox 1070 3589 1132 3647; x_wconf 72' lang='lat' dir='ltr'>lat,</span> <span class='ocrx_word' id='word_1_399' title='bbox 1157 3587 1246 3637; x_wconf 84' lang='lat' dir='ltr'>ibidem</span> <span class='ocrx_word' id='word_1_400' title='bbox 1262 3588 1390 3650; x_wconf 73' lang='lat' dir='ltr'>paulisper</span> 
     </span>
     <span class='ocr_line' id='line_1_41' title="bbox 266 3650 977 3717; baseline 0.008 -19"><span class='ocrx_word' id='word_1_401' title='bbox 266 3650 309 3712; x_wconf 85' lang='lat'>10)</span> <span class='ocrx_word' id='word_1_402' title='bbox 328 3655 480 3702; x_wconf 83' lang='lat' dir='ltr'>ascenderunt</span> <span class='ocrx_word' id='word_1_403' title='bbox 503 3669 525 3717; x_wconf 93' lang='lat' dir='ltr'>p.</span> <span class='ocrx_word' id='word_1_404' title='bbox 549 3657 636 3705; x_wconf 64' lang='lat' dir='ltr'>eonion</span> <span class='ocrx_word' id='word_1_405' title='bbox 653 3664 707 3705; x_wconf 82' lang='lat' dir='ltr'>aaut</span> <span class='ocrx_word' id='word_1_406' title='bbox 726 3657 784 3711; x_wconf 80' lang='lat' dir='ltr'>vat..</span> <span class='ocrx_word' id='word_1_407' title='bbox 818 3659 890 3706; x_wconf 83' lang='lat' dir='ltr'>etiam</span> <span class='ocrx_word' id='word_1_408' title='bbox 907 3662 928 3704; x_wconf 88' lang='lat' dir='ltr'>et</span> <span class='ocrx_word' id='word_1_409' title='bbox 945 3657 977 3704; x_wconf 85' lang='lat' dir='ltr'>las&#39;.</span> 
     </span>
     <span class='ocr_line' id='line_1_42' title="bbox 214 3716 1386 3786; baseline 0.004 -21"><span class='ocrx_word' id='word_1_410' title='bbox 214 3716 278 3766; x_wconf 85' lang='lat' dir='ltr'>idem</span> <span class='ocrx_word' id='word_1_411' title='bbox 290 3731 338 3768; x_wconf 89' lang='lat' dir='ltr'>scr.</span> <span class='ocrx_word' id='word_1_412' title='bbox 356 3724 377 3766; x_wconf 85' lang='lat' dir='ltr'>et</span> <span class='ocrx_word' id='word_1_413' title='bbox 395 3721 419 3768; x_wconf 85' lang='lat' dir='ltr'>lai</span> <span class='ocrx_word' id='word_1_414' title='bbox 438 3725 519 3770; x_wconf 83' lang='lat' dir='ltr'>stracti</span> <span class='ocrx_word' id='word_1_415' title='bbox 537 3729 625 3772; x_wconf 82' lang='lat' dir='ltr'>sarttin</span> <span class='ocrx_word' id='word_1_416' title='bbox 637 3725 784 3786; x_wconf 76' lang='lat' dir='ltr'>edificatione</span> <span class='ocrx_word' id='word_1_417' title='bbox 871 3723 912 3784; x_wconf 80' lang='lat' dir='ltr'>to)</span> <span class='ocrx_word' id='word_1_418' title='bbox 933 3722 989 3770; x_wconf 80' lang='lat' dir='ltr'>ltean</span> <span class='ocrx_word' id='word_1_419' title='bbox 1007 3723 1033 3770; x_wconf 81' lang='lat' dir='ltr'>lsi</span> <span class='ocrx_word' id='word_1_420' title='bbox 1050 3722 1117 3782; x_wconf 78' lang='lat' dir='ltr'>llat,</span> <span class='ocrx_word' id='word_1_421' title='bbox 1148 3722 1207 3773; x_wconf 86' lang='lat' dir='ltr'>dein</span> <span class='ocrx_word' id='word_1_422' title='bbox 1227 3723 1279 3773; x_wconf 78' lang='lat' dir='ltr'>tate</span> <span class='ocrx_word' id='word_1_423' title='bbox 1296 3737 1320 3785; x_wconf 89' lang='lat' dir='ltr'>p.</span> <span class='ocrx_word' id='word_1_424' title='bbox 1337 3722 1386 3778; x_wconf 86' lang='lat' dir='ltr'>illi,</span> 
     </span>
     <span class='ocr_line' id='line_1_43' title="bbox 213 3784 1388 3853; baseline 0.004 -21"><span class='ocrx_word' id='word_1_425' title='bbox 213 3784 314 3834; x_wconf 84' lang='lat' dir='ltr'>eiusdem</span> <span class='ocrx_word' id='word_1_426' title='bbox 334 3789 403 3834; x_wconf 83' lang='lat' dir='ltr'>tarsis</span> <span class='ocrx_word' id='word_1_427' title='bbox 428 3803 471 3849; x_wconf 86' lang='lat' dir='ltr'>per</span> <span class='ocrx_word' id='word_1_428' title='bbox 498 3789 556 3837; x_wconf 84' lang='lat' dir='ltr'>illas</span> <span class='ocrx_word' id='word_1_429' title='bbox 581 3793 684 3853; x_wconf 72' lang='lat' dir='ltr'>viraines</span> <span class='ocrx_word' id='word_1_430' title='bbox 710 3791 783 3841; x_wconf 85' lang='lat' dir='ltr'>leonti</span> <span class='ocrx_word' id='word_1_431' title='bbox 816 3798 865 3839; x_wconf 90' lang='lat' dir='ltr'>tum</span> <span class='ocrx_word' id='word_1_432' title='bbox 883 3790 1070 3850; x_wconf 71' lang='lat' dir='ltr'>aedificationem</span> <span class='ocrx_word' id='word_1_433' title='bbox 1091 3791 1197 3839; x_wconf 77' lang='lat' dir='ltr'>eiusdem</span> <span class='ocrx_word' id='word_1_434' title='bbox 1221 3791 1302 3839; x_wconf 82' lang='lat' dir='ltr'>larris.</span> <span class='ocrx_word' id='word_1_435' title='bbox 1337 3787 1388 3838; x_wconf 78' lang='lat' dir='ltr'>Cir.</span> 
     </span>
     <span class='ocr_line' id='line_1_44' title="bbox 214 3855 1387 3919; baseline 0.003 -19"><span class='ocrx_word' id='word_1_436' title='bbox 214 3858 266 3901; x_wconf 79' lang='lat' dir='ltr'>etant</span> <span class='ocrx_word' id='word_1_437' title='bbox 284 3855 344 3902; x_wconf 83' lang='lat' dir='ltr'>sicut</span> <span class='ocrx_word' id='word_1_438' title='bbox 360 3855 452 3916; x_wconf 80' lang='lat' dir='ltr'>prioris.</span> <span class='ocrx_word' id='word_1_439' title='bbox 815 3871 888 3919; x_wconf 87' lang='lat' dir='ltr'>supra</span> <span class='ocrx_word' id='word_1_440' title='bbox 912 3872 933 3904; x_wconf 85' lang='lat' dir='ltr'>e.</span> <span class='ocrx_word' id='word_1_441' title='bbox 954 3857 975 3906; x_wconf 91' lang='grc'>1.</span> <span class='ocrx_word' id='word_1_442' title='bbox 1010 3856 1133 3906; x_wconf 78' lang='lat' dir='ltr'>Obseruet.</span> <span class='ocrx_word' id='word_1_443' title='bbox 1152 3857 1195 3905; x_wconf 90' lang='lat' dir='ltr'>ll.:</span> <span class='ocrx_word' id='word_1_444' title='bbox 1221 3855 1352 3919; x_wconf 80' lang='lat' dir='ltr'>Postquam</span> <span class='ocrx_word' id='word_1_445' title='bbox 1372 3855 1387 3903; x_wconf 92' lang='lat' dir='ltr'>ii</span> 
     </span>
     <span class='ocr_line' id='line_1_45' title="bbox 267 3919 1388 3987; baseline 0.004 -18"><span class='ocrx_word' id='word_1_446' title='bbox 267 3920 308 3983; x_wconf 89' lang='grc'>11)</span> <span class='ocrx_word' id='word_1_447' title='bbox 333 3919 503 3982; x_wconf 73' lang='lat' dir='ltr'>Significantnr</span> <span class='ocrx_word' id='word_1_448' title='bbox 528 3923 622 3972; x_wconf 83' lang='lat' dir='ltr'>llontiui</span> <span class='ocrx_word' id='word_1_449' title='bbox 648 3924 781 3987; x_wconf 83' lang='lat' dir='ltr'>prophatae</span> <span class='ocrx_word' id='word_1_450' title='bbox 816 3922 922 3985; x_wconf 86' lang='lat' dir='ltr'>lapides,</span> <span class='ocrx_word' id='word_1_451' title='bbox 951 3923 990 3986; x_wconf 88' lang='lat' dir='ltr'>qul</span> <span class='ocrx_word' id='word_1_452' title='bbox 1011 3923 1088 3974; x_wconf 88' lang='lat' dir='ltr'>iustos</span> <span class='ocrx_word' id='word_1_453' title='bbox 1111 3924 1250 3973; x_wconf 83' lang='lat' dir='ltr'>demortuos</span> <span class='ocrx_word' id='word_1_454' title='bbox 1269 3930 1324 3974; x_wconf 84' lang='lat' dir='ltr'>ante</span> <span class='ocrx_word' id='word_1_455' title='bbox 1342 3922 1388 3973; x_wconf 85' lang='lat' dir='ltr'>sd-</span> 
     </span>
     <span class='ocr_line' id='line_1_46' title="bbox 214 3986 1388 4052; baseline 0.007 -19"><span class='ocrx_word' id='word_1_456' title='bbox 214 4000 242 4033; x_wconf 85' lang='lat' dir='ltr'>se</span> <span class='ocrx_word' id='word_1_457' title='bbox 260 3986 362 4035; x_wconf 90' lang='lat' dir='ltr'>ministri</span> <span class='ocrx_word' id='word_1_458' title='bbox 380 3987 405 4035; x_wconf 84' lang='lat' dir='ltr'>ll.</span> <span class='ocrx_word' id='word_1_459' title='bbox 417 3988 443 4037; x_wconf 89' lang='grc' dir='ltr'>Τ.</span> <span class='ocrx_word' id='word_1_460' title='bbox 462 3987 510 4038; x_wconf 86' lang='lat' dir='ltr'>Clr.</span> <span class='ocrx_word' id='word_1_461' title='bbox 527 3990 589 4038; x_wconf 91' lang='lat' dir='ltr'>inlra</span> <span class='ocrx_word' id='word_1_462' title='bbox 608 4006 629 4039; x_wconf 87' lang='lat' dir='ltr'>e.</span> <span class='ocrx_word' id='word_1_463' title='bbox 651 3993 688 4040; x_wconf 83' lang='lat' dir='ltr'>lb.</span> <span class='ocrx_word' id='word_1_464' title='bbox 815 3998 910 4039; x_wconf 81' lang='lat' dir='ltr'>ventum</span> <span class='ocrx_word' id='word_1_465' title='bbox 928 3989 1016 4039; x_wconf 84' lang='lat' dir='ltr'>Cltristi</span> <span class='ocrx_word' id='word_1_466' title='bbox 1034 3991 1182 4052; x_wconf 77' lang='lat' dir='ltr'>significant,</span> <span class='ocrx_word' id='word_1_467' title='bbox 1199 3989 1223 4038; x_wconf 87' lang='lat' dir='ltr'>in</span> <span class='ocrx_word' id='word_1_468' title='bbox 1240 3996 1388 4041; x_wconf 72' lang='lat' dir='ltr'>samosatam</span> 
     </span>
     <span class='ocr_line' id='line_1_47' title="bbox 266 4054 1388 4120; baseline 0.003 -18"><span class='ocrx_word' id='word_1_469' title='bbox 266 4054 307 4116; x_wconf 79' lang='grc'>12)</span> <span class='ocrx_word' id='word_1_470' title='bbox 327 4056 480 4103; x_wconf 83' lang='lat' dir='ltr'>ascenderunt</span> <span class='ocrx_word' id='word_1_471' title='bbox 497 4071 522 4119; x_wconf 94' lang='lat' dir='ltr'>p.</span> <span class='ocrx_word' id='word_1_472' title='bbox 540 4059 624 4106; x_wconf 70' lang='lat' dir='ltr'>eleum</span> <span class='ocrx_word' id='word_1_473' title='bbox 642 4065 695 4106; x_wconf 82' lang='lat' dir='ltr'>aust</span> <span class='ocrx_word' id='word_1_474' title='bbox 713 4058 763 4107; x_wconf 74' lang='lat' dir='ltr'>lat.</span> <span class='ocrx_word' id='word_1_475' title='bbox 817 4057 890 4107; x_wconf 83' lang='lat' dir='ltr'>turris</span> <span class='ocrx_word' id='word_1_476' title='bbox 902 4057 975 4120; x_wconf 88' lang='lat' dir='ltr'>positi</span> <span class='ocrx_word' id='word_1_477' title='bbox 986 4064 1061 4116; x_wconf 86' lang='lat' dir='ltr'>erant,</span> <span class='ocrx_word' id='word_1_478' title='bbox 1080 4057 1195 4105; x_wconf 84' lang='lat' dir='ltr'>llominus</span> <span class='ocrx_word' id='word_1_479' title='bbox 1208 4057 1278 4108; x_wconf 85' lang='lat' dir='ltr'>atlatn</span> <span class='ocrx_word' id='word_1_480' title='bbox 1291 4055 1388 4119; x_wconf 77' lang='lat' dir='ltr'>lepidas</span> 
     </span>
     <span class='ocr_line' id='line_1_48' title="bbox 266 4120 1388 4187; baseline 0.004 -19"><span class='ocrx_word' id='word_1_481' title='bbox 266 4120 308 4182; x_wconf 82' lang='lat' dir='ltr'>ta)</span> <span class='ocrx_word' id='word_1_482' title='bbox 323 4122 481 4185; x_wconf 75' lang='lat' dir='ltr'>quadruplata</span> <span class='ocrx_word' id='word_1_483' title='bbox 505 4123 598 4171; x_wconf 74' lang='grc' dir='ltr'><strong><em>ΙΙΙ-ι</em></strong></span> <span class='ocrx_word' id='word_1_484' title='bbox 616 4123 664 4171; x_wconf 85' lang='lat' dir='ltr'>llat.</span> <span class='ocrx_word' id='word_1_485' title='bbox 686 4124 781 4187; x_wconf 87' lang='lat' dir='ltr'>punctis</span> <span class='ocrx_word' id='word_1_486' title='bbox 815 4125 974 4185; x_wconf 84' lang='lat' dir='ltr'>ornantibus,</span> <span class='ocrx_word' id='word_1_487' title='bbox 992 4125 1009 4174; x_wconf 89' lang='lat' dir='ltr'>i.</span> <span class='ocrx_word' id='word_1_488' title='bbox 1029 4139 1050 4173; x_wconf 92' lang='lat' dir='ltr'>e.</span> <span class='ocrx_word' id='word_1_489' title='bbox 1068 4123 1152 4173; x_wconf 86' lang='lat' dir='ltr'>lldeles</span> <span class='ocrx_word' id='word_1_490' title='bbox 1171 4139 1184 4173; x_wconf 87' lang='lat' dir='ltr'>e</span> <span class='ocrx_word' id='word_1_491' title='bbox 1200 4123 1299 4186; x_wconf 88' lang='lat' dir='ltr'>populis</span> <span class='ocrx_word' id='word_1_492' title='bbox 1320 4124 1388 4173; x_wconf 86' lang='lat' dir='ltr'>ebri-</span> 
     </span>
     <span class='ocr_line' id='line_1_49' title="bbox 213 4187 1146 4256; baseline 0.003 -20"><span class='ocrx_word' id='word_1_493' title='bbox 213 4192 292 4236; x_wconf 76' lang='lat' dir='ltr'>temen</span> <span class='ocrx_word' id='word_1_494' title='bbox 322 4187 485 4239; x_wconf 84' lang='lat' dir='ltr'>additamento</span> <span class='ocrx_word' id='word_1_495' title='bbox 513 4188 658 4252; x_wconf 83' lang='lat' dir='ltr'>suppositis,</span> <span class='ocrx_word' id='word_1_496' title='bbox 684 4191 709 4240; x_wconf 91' lang='lat' dir='ltr'>in</span> <span class='ocrx_word' id='word_1_497' title='bbox 734 4191 780 4239; x_wconf 88' lang='lat' dir='ltr'>tlne</span> <span class='ocrx_word' id='word_1_498' title='bbox 815 4192 906 4254; x_wconf 77' lang='lat' dir='ltr'>adonis,</span> <span class='ocrx_word' id='word_1_499' title='bbox 927 4192 1050 4256; x_wconf 83' lang='lat' dir='ltr'>apportari</span> <span class='ocrx_word' id='word_1_500' title='bbox 1069 4191 1146 4240; x_wconf 85' lang='lat' dir='ltr'>iussit.</span> 
     </span>
     <span class='ocr_line' id='line_1_50' title="bbox 212 4254 1387 4324; baseline 0.006 -26"><span class='ocrx_word' id='word_1_501' title='bbox 212 4255 283 4300; x_wconf 79' lang='lat' dir='ltr'>larris</span> <span class='ocrx_word' id='word_1_502' title='bbox 302 4254 412 4302; x_wconf 80' lang='lat' dir='ltr'>eiusdem.</span> <span class='ocrx_word' id='word_1_503' title='bbox 435 4257 539 4319; x_wconf 77' lang='lat' dir='ltr'>Apparet</span> <span class='ocrx_word' id='word_1_504' title='bbox 558 4268 586 4303; x_wconf 82' lang='lat' dir='ltr'>er</span> <span class='ocrx_word' id='word_1_505' title='bbox 604 4254 652 4303; x_wconf 87' lang='lat' dir='ltr'>llis.</span> <span class='ocrx_word' id='word_1_506' title='bbox 669 4256 693 4317; x_wconf 82' lang='lat'>3,</span> <span class='ocrx_word' id='word_1_507' title='bbox 711 4258 735 4307; x_wconf 87' lang='lat' dir='ltr'>b.</span> <span class='ocrx_word' id='word_1_508' title='bbox 757 4265 782 4306; x_wconf 87' lang='lat' dir='ltr'>et</span> <span class='ocrx_word' id='word_1_509' title='bbox 866 4261 908 4324; x_wconf 86' lang='lat' dir='ltr'>ll)</span> <span class='ocrx_word' id='word_1_510' title='bbox 924 4262 1043 4312; x_wconf 79' lang='lat' dir='ltr'>montibus</span> <span class='ocrx_word' id='word_1_511' title='bbox 1061 4259 1154 4322; x_wconf 81' lang='lat' dir='ltr'>lapides</span> <span class='ocrx_word' id='word_1_512' title='bbox 1172 4259 1247 4311; x_wconf 80' lang='lat' dir='ltr'>uariis</span> <span class='ocrx_word' id='word_1_513' title='bbox 1264 4257 1387 4309; x_wconf 75' lang='lat' dir='ltr'>coloribus</span> 
     </span>
     <span class='ocr_line' id='line_1_51' title="bbox 175 4315 1075 4391; baseline 0.014 -29"><span class='ocrx_word' id='word_1_514' title='bbox 175 4374 177 4379; x_wconf 28' lang='grc' dir='ltr'>Ι</span> <span class='ocrx_word' id='word_1_515' title='bbox 212 4315 270 4366; x_wconf 87' lang='lat' dir='ltr'>Sim.</span> <span class='ocrx_word' id='word_1_516' title='bbox 288 4320 312 4379; x_wconf 83' lang='grc'>9,</span> <span class='ocrx_word' id='word_1_517' title='bbox 333 4319 383 4376; x_wconf 70' lang='lat' dir='ltr'>lb,</span> <span class='ocrx_word' id='word_1_518' title='bbox 408 4320 453 4369; x_wconf 91' lang='lat' dir='ltr'>bos</span> <span class='ocrx_word' id='word_1_519' title='bbox 471 4336 524 4371; x_wconf 86' lang='lat' dir='ltr'>esse</span> <span class='ocrx_word' id='word_1_520' title='bbox 540 4321 670 4384; x_wconf 76' lang='lat' dir='ltr'>Apostolos</span> <span class='ocrx_word' id='word_1_521' title='bbox 688 4330 712 4373; x_wconf 88' lang='lat' dir='ltr'>ct</span> <span class='ocrx_word' id='word_1_522' title='bbox 730 4323 779 4372; x_wconf 82' lang='lat' dir='ltr'>llo·</span> <span class='ocrx_word' id='word_1_523' title='bbox 813 4333 835 4375; x_wconf 87' lang='lat' dir='ltr'>et</span> <span class='ocrx_word' id='word_1_524' title='bbox 855 4332 1006 4391; x_wconf 78' lang='lat' dir='ltr'>apportantes</span> <span class='ocrx_word' id='word_1_525' title='bbox 1025 4327 1075 4376; x_wconf 79' lang='lat' dir='ltr'>Vat.</span> 
     </span>
     <span class='ocr_line' id='line_1_52' title="bbox 160 4378 1066 4459; baseline 0.017 -33"><span class='ocrx_word' id='word_1_526' title='bbox 160 4397 162 4401; x_wconf 51' lang='lat'>&gt;</span> <span class='ocrx_word' id='word_1_527' title='bbox 212 4387 291 4433; x_wconf 80' lang='lat' dir='ltr'>storea</span> <span class='ocrx_word' id='word_1_528' title='bbox 308 4378 496 4447; x_wconf 74' lang='lat' dir='ltr'>praedicationis</span> <span class='ocrx_word' id='word_1_529' title='bbox 517 4388 571 4438; x_wconf 79' lang='lat' dir='ltr'>titii</span> <span class='ocrx_word' id='word_1_530' title='bbox 588 4388 640 4439; x_wconf 88' lang='lat' dir='ltr'>llei.</span> <span class='ocrx_word' id='word_1_531' title='bbox 867 4393 913 4458; x_wconf 79' lang='lat' dir='ltr'>ts)</span> <span class='ocrx_word' id='word_1_532' title='bbox 929 4409 1002 4459; x_wconf 66' lang='lat' dir='ltr'>anan.</span> <span class='ocrx_word' id='word_1_533' title='bbox 1015 4393 1066 4443; x_wconf 79' lang='lat' dir='ltr'>llst.</span> 
     </span>
    </p>
   </div>
   <div class='ocr_carea' id='block_1_7' title="bbox 0 0 1448 4882">
    <p class='ocr_par' dir='ltr' id='par_1_7' title="bbox 0 0 1448 4882">
     <span class='ocr_line' id='line_1_53' title="bbox 0 0 1448 4882; baseline 0 1"><span class='ocrx_word' id='word_1_534' title='bbox 0 0 1448 4882; x_wconf 95' lang='lat' dir='ltr'> </span> 
     </span>
    </p>
   </div>
  </div>
 </body>
</html>
