2886 4882
294 243 431 301 Hennae
455 245 592 301 PASTOR.
635 245 731 302 Ltssttt
753 246 797 302 lli.
840 245 976 304 Sililbl'l.
997 245 1027 304 V.
1046 241 1090 318 (B)
1214 240 1274 302 495

104 410 137 464 Et
158 402 191 463 si¹
213 412 443 465 consummaveris
467 411 604 477 ieiunium,
627 418 657 465 ut
678 412 799 467 mandavi
820 410 885 479 tibi,
907 411 996 466 hostia
1025 420 1069 467 tua
1091 419 1202 485 accepta
1224 411 1277 468 erit

104 492 177 565 apud
201 492 350 560 bominum,
373 504 400 548 et
421 493 556 549 scribetur
585 494 714 549 ieiunium
739 503 813 550 tuum
834 503 862 550 et
884 495 963 549 statio
985 502 1044 561 tua,
1068 494 1131 565 quia
1152 496 1192 549 sie
1215 510 1276 550 eum

105 575 238 629 hilaritate
261 584 336 647 gesta
359 585 409 643 est,
432 584 459 631 et
481 578 531 631 erit
553 584 664 647 accepta
686 575 808 632 Domino.
852 575 924 632 llaec
948 586 975 632 tu
997 577 1020 630 si
1043 577 1191 632 servaveris
1215 592 1276 632 eum

106 656 197 713 liberis
221 659 274 712 tuis
297 667 325 713 et
347 666 402 713 tota
432 659 512 713 donm
537 667 595 724 tua,
619 658 681 713 ielis
704 660 773 726 eris,
794 669 822 714 et
850 668 877 714 tu
908 667 934 714 et
963 659 1118 732 quicunque
1149 658 1222 713 audit
1249 666 1277 715 et

106 740 226 795 custodit
248 757 287 808 ea,
311 740 405 796 beatus
428 742 486 807 erit,
510 750 537 796 et
559 741 688 814 quiequid
710 751 811 814 petent,
833 760 848 796 a
869 742 981 797 homino
1004 741 1145 812 accipient

189 852 226 924 (n)
250 854 291 909 lV.
334 856 425 928 itaque
449 857 611 929 deprecatus
634 873 694 911 sum
718 856 801 924 iilum,
822 866 851 912 ut
880 856 945 912 mihi
972 855 1127 929 explanaret
1156 854 1276 911 similitu·

107 938 196 993 dinem
219 938 290 993 iilam
322 939 354 993 de
382 940 465 994 irrndo
494 940 658 1010 dominoque
690 948 717 994 et
748 941 823 995 vinea
851 948 877 994 et
904 956 1001 1006 serve,
1033 940 1079 1012 qui
1108 938 1279 1011 depalaverat

107 1022 219 1086 vineam,
241 1020 395 1093 herbasque
418 1030 568 1077 extraxerat
599 1022 632 1076 de
656 1020 751 1076 eadem
774 1024 866 1090 vinea,
889 1031 916 1077 et
937 1020 993 1076 idio
1022 1021 1184 1094 amicisque,
1208 1035 1277 1092 quos

108 1105 132 1157 in
164 1103 279 1158 consilio
308 1103 476 1158 adhibuerat.
521 1103 639 1158 intellexi
662 1105 752 1171 enim,
775 1104 839 1160 iilud
862 1121 922 1160 esse
940 1103 1148 1158 similitudinem.
1190 1102 1222 1157 Et
1243 1101 1280 1157 ait

109 1186 190 1239 mihi:
211 1186 296 1240 audax
318 1185 395 1241 vaide
418 1203 448 1241 es
471 1187 503 1240 ad
527 1187 756 1257 interrogandum.
799 1187 869 1242 llihii
893 1188 1002 1242 omnino
1026 1178 1141 1241 debetis¹
1163 1187 1278 1240 interro·

109 1284 191 1336 gare3
214 1284 274 1322 nam
297 1269 320 1323 si
344 1269 497 1341 oportuerit
512 1268 701 1334 tiernenstrari
720 1270 766 1323 tibi
790 1269 1027 1324 demonstrabitur.
1054 1268 1175 1335 bomine,
1199 1282 1279 1338 quae·

109 1366 217 1421 cunque
239 1351 392 1406 ostenderis
420 1351 500 1419 mihi,
529 1353 551 1406 si
576 1368 630 1405 non
650 1351 885 1418 demonstraveris,
908 1353 1008 1407 frustra
1030 1358 1117 1417 erunt,
1140 1351 1202 1422 quia
1224 1364 1278 1426 non

109 1432 229 1503 intelligo
262 1433 387 1505 quidnam
410 1435 478 1500 sint,
512 1441 539 1489 ot
560 1433 759 1500 similitudines,
783 1451 850 1506 quas
873 1435 938 1490 utilii
960 1434 1156 1506 proposueris,
1179 1432 1280 1488 frustra

109 1514 221 1569 audiero
244 1532 298 1570 eas.
341 1515 373 1570 Et
395 1515 459 1571 dixit
479 1516 560 1571 mihi:
591 1517 745 1588 quicunque
769 1515 815 1571 liei
837 1534 932 1573 servus
955 1524 1011 1583 est,
1034 1515 1230 1587 hominumque
1253 1514 1279 1569 in

109 1597 276 1671 praecordiis
299 1597 396 1664 habet,
419 1599 486 1670 petit
507 1598 540 1653 ab
563 1615 595 1654 eo
619 1589 799 1654 intellectum¹
822 1608 849 1655 et
870 1599 983 1672 accipit,
1005 1615 1166 1670 omnemque
1188 1593 1280 1652 simili·

109 1680 228 1735 tudinem
251 1680 338 1745 solvit,
361 1688 388 1734 et
407 1681 531 1753 inteiligit
545 1680 752 1748 vertebantur,
775 1698 843 1755 quae
866 1683 993 1738 dieantur
1008 1682 1035 1736 in
1049 1677 1280 1736 similitudinibus.

108 1762 267 1833 (laticumque
289 1779 352 1817 vero
376 1763 477 1819 inertes
499 1771 562 1819 sum
583 1765 708 1837 pigrique
732 1765 765 1819 ad
788 1764 936 1832 orandum,
960 1763 998 1819 iiii
1031 1763 1155 1819 dubitant
1184 1769 1279 1835 petere

110 1862 124 1898 a
147 1843 269 1899 homino.
313 1844 377 1900 Cum
401 1846 436 1901 sit
457 1855 546 1903 autern
577 1847 704 1903 Dominus
735 1846 861 1921 profusae
889 1847 1032 1909 bonitatis.
1066 1844 1191 1901 omnihus
1213 1860 1229 1899 a
1249 1857 1280 1900 se

110 1926 262 1998 petentibus
284 1929 342 1983 sine
365 1929 565 1986 intermissione
588 1931 697 1986 tribuet.
739 1931 778 1986 'lu
801 1947 882 1999 vero,
913 1931 958 2003 qui
982 1928 1159 1985 confirmatus
1181 1927 1213 1983 ab
1232 1925 1280 1983 illo

110 2008 256 2064 venerabili
278 2011 373 2066 nuntio
394 2014 524 2084 accepisti
546 2015 697 2070 orationem
720 2021 772 2069 tam
795 2021 952 2088 potentem,
974 2029 1035 2069 cum
1055 2011 1135 2084 piger
1155 2027 1210 2067 uon
1233 2010 1281 2079 sis,

110 2107 159 2145 eur
180 2107 235 2146 non
258 2110 272 2146 a
293 2093 406 2150 homino
430 2095 593 2151 intellectum
623 2097 693 2171 petis
716 2104 742 2150 ct
763 2096 884 2170 accipisi
906 2095 982 2151 l'une
1005 2095 1059 2150 dixi
1080 2093 1133 2149 ilii:
1162 2094 1281 2161 domine,

110 2190 170 2227 cum
193 2184 364 2248 praesentem
387 2185 412 2232 te
428 2176 550 2244 habeam,
573 2194 688 2234 necesso
710 2187 796 2233 estut
818 2186 873 2233 ate
896 2185 986 2248 petam
1000 2185 1081 2247 teque
1098 2177 1280 2247 interrogem

111 2264 138 2310 tu
161 2258 231 2311 enim
262 2259 326 2312 mihi
349 2260 471 2313 ostendis
502 2261 590 2315 omnia
621 2268 648 2315 et
668 2259 790 2330 loqueris
811 2268 840 2314 tu
863 2275 977 2313 meeum.
1020 2256 1085 2312 llam
1112 2257 1137 2311 si
1166 2258 1224 2312 sine
1253 2265 1281 2312 to

111 2330 154 2392 σι’
175 2339 305 2405 viderem,
327 2348 389 2394 tune
406 2340 552 2395 liominum
575 2357 708 2414 rogarem,
730 2348 760 2395 ut
780 2340 979 2395 demonstraret
1000 2338 1073 2393 mihi.

197 2439 235 2513 (a)
249 2445 278 2498 V.
302 2445 333 2501 m
356 2446 420 2501 dixit
442 2447 519 2501 mihi:
543 2447 594 2502 iam
616 2455 643 2502 et
666 2445 746 2518 paulo
769 2453 830 2501 ante
854 2444 972 2501 dixeram
991 2445 1046 2513 tibi,
1069 2451 1135 2501 teet
1157 2442 1282 2500 callidum

113 2545 174 2583 esse
199 2537 225 2581 et
248 2528 388 2596 audacem,
412 2530 458 2599 qui
480 2529 630 2584 solutiones
646 2527 850 2584 similitudinum
873 2528 1033 2601 interrogas.
1076 2527 1130 2582 Sed
1146 2518 1284 2600 quatinus¹

114 2612 148 2664 ita
165 2610 287 2682 pertinax
309 2628 348 2685 es,
372 2610 505 2666 exsolvam
529 2612 575 2666 tibi
598 2621 625 2667 ct
647 2612 715 2667 hane
739 2626 818 2683 quam
841 2610 981 2666 desideras
1004 2609 1208 2666 similitudinem
1225 2608 1283 2682 agri

112 2702 139 2746 et
161 2692 296 2760 omnium,
321 2702 348 2748 ut
371 2693 496 2749 omnibus
520 2702 583 2749 nota
613 2694 697 2749 iacias
727 2710 766 2749 ea.
809 2693 878 2748 dudi
899 2710 980 2761 nune,
1003 2694 1098 2768 inquit,
1121 2702 1149 2749 et
1170 2692 1283 2765 percipe

112 2776 210 2831 anime.
255 2775 354 2832 Orbem
376 2786 510 2832 terrarum
541 2775 677 2849 significat
706 2777 750 2832 hic
780 2776 895 2844 isandus,
918 2778 964 2848 qui
995 2777 1020 2832 in
1045 2776 1219 2832 similitudine
1241 2782 1284 2833 esi

114 2859 225 2930 positus.
269 2857 398 2915 dontinus
422 2868 509 2914 autem
532 2860 626 2925 fundi,
649 2861 695 2932 qui
719 2861 817 2916 creavit
838 2867 935 2914 cuncta
955 2867 983 2915 et
1001 2859 1082 2926 lecit,
1103 2861 1283 2933 virtutemque

114 2940 165 2994 iliis
186 2941 267 2996 dedit
311 2942 411 2998 Servus
435 2960 497 2998 vcro
522 2943 589 2998 iilius
613 2943 659 2999 liei
681 2951 738 3012 est,
760 2943 838 2998 vinea
852 2950 940 2997 autem
964 2941 1088 3015 populus,
1111 2941 1284 3015 quempian·

115 3101 181 3148 iihxnt
193 3104 300 3150 nuntium
309 3102 362 3151 lici.
373 3104 422 3151 vult
436 3119 488 3150 esse
503 3107 604 3151 immitem
617 3105 683 3151 iilam
767 3100 794 3163 d)
815 3103 835 3149 is
853 3101 921 3149 deest
933 3100 956 3148 in
965 3101 1022 3160 liat,
1038 3101 1125 3149 ibidem
1138 3101 1180 3149 ille
1191 3116 1215 3161 p.
1225 3100 1286 3151 tttta.

115 3172 260 3229 speciosam,
290 3171 319 3216 de
338 3186 386 3232 qno
409 3185 488 3217 sermo
517 3173 542 3218 ht
560 3171 606 3218 Vis.
625 3172 682 3226 2‘4
769 3169 796 3229 5)
816 3168 865 3216 Sub
895 3168 1026 3217 turribulo:
1057 3170 1160 3232 Spiritus
1189 3174 1284 3217 sanciat

115 3243 138 3282 et
158 3236 205 3282 Vis.
222 3238 245 3294 3,
267 3238 296 3285 iii
309 3252 375 3299 sqq,
400 3245 453 3284 eta
476 3253 524 3298 qno
543 3237 640 3285 missum
657 3253 683 3285 se
718 3235 755 3283 hic
774 3235 875 3295 intelligi
896 3237 999 3284 divinam
1020 3235 1104 3285 Christi
1127 3242 1235 3285 autorem
1253 3233 1285 3285 τὸ

116 3317 168 3349 esse
187 3305 313 3364 protitetur
331 3302 429 3362 arrigeins
444 3304 466 3350 in
481 3304 560 3350 habitu
578 3304 683 3351 Pastoris
717 3304 798 3352 θεῖον
816 3301 846 3352 ἐν
864 3304 990 3367 Χριστῷ,
1010 3303 1097 3351 dvrccnt
1115 3303 1175 3363 ittig.
1193 3301 1208 3350 l.
1223 3317 1242 3350 c.
1260 3314 1285 3365 p.

116 3368 139 3415 in
158 3369 266 3417 Proocm.
287 3370 459 3417 blandatornm.
484 3369 598 3430 Equidem
616 3369 685 3417 Chri·
722 3370 776 3417 159.
797 3369 978 3431 (praeeuntibus
997 3369 1094 3429 Grotio,
1112 3369 1181 3416 Bulio
1199 3376 1221 3416 et
1240 3368 1286 3416 tte-

116 3443 176 3482 stum
205 3437 250 3483 hoe
277 3436 372 3484 nomine
401 3434 530 3495 significari
549 3449 593 3496 pro
619 3442 684 3483 certo
720 3435 871 3497 nedietinis)‚
891 3436 1030 3494 bitinscher,
1056 3434 1149 3482 llandb.
1168 3434 1191 3481 d.
1210 3435 1237 3482 l).
1257 3433 1284 3482 G.

118 3502 202 3559 habeo,
222 3502 261 3564 qni
281 3503 405 3554 blandit.
431 3504 451 3550 l.
472 3502 542 3549 ctiam
561 3504 685 3550 sarnetissi-
720 3503 746 3551 Τ.
759 3500 1185 3565 l.p.390.etllanmgarten-Crusius,
1198 3499 1285 3550 Lehrb.

116 3585 166 3615 invias
192 3570 286 3616 rivirrtins
306 3577 348 3617 cst.
385 3570 433 3619 Cir.
452 3577 500 3616 not.
520 3569 542 3617 tt.
560 3569 589 3616 ad
608 3569 685 3617 hand.
721 3567 1025 3629 domationem.
1056 3565 1144 3614 Contra
1162 3567 1286 3616 lachman-

118 3635 277 3681 i‘rnoeniinm.
721 3651 765 3683 nus
784 3636 799 3683 l.
820 3652 840 3683 c.
860 3649 884 3697 p.
902 3634 941 3681 it).
960 3641 983 3680 et
1000 3633 1040 3682 li.
1061 3633 1156 3682 tertiam
1173 3633 1286 3684 trinitatis

171 3702 211 3758 iiii
234 3701 264 3747 Ta
290 3703 350 3748 enim
371 3703 428 3749 mihi
446 3704 524 3750 onraio
544 3704 646 3751 ostendis
665 3709 687 3751 ci
719 3717 846 3765 personam
860 3701 937 3747 verbis
954 3699 1003 3746 illis
1015 3699 1143 3761 signiiicari
1155 3700 1286 3750 contendit.

117 3769 222 3830 loqueris
240 3769 308 3815 nriivi·
327 3770 400 3816 eudes
420 3769 470 3817 Vnt.
720 3769 768 3817 Sed
788 3784 815 3816 ox
833 3781 885 3828 cap.
903 3781 953 3828 seq.
979 3766 1043 3815 clare
1062 3767 1154 3827 elucet,
1183 3770 1286 3817 diuinam

173 3834 215 3897 tt)
234 3850 284 3881 cont
301 3835 350 3882 vm.
720 3835 807 3882 Christi
825 3841 932 3881 naturam
950 3833 988 3881 hic
1002 3849 1014 3882 a
1029 3835 1116 3883 Nostro
1131 3833 1238 3894 intelligi.
1256 3832 1285 3884 ll.

168 3936 216 3982 Cu)
244 3935 260 3981 v
305 3936 330 3996 l)
348 3942 370 3984 e,
388 3935 467 3985 adseri
487 3936 507 3984 si
525 3953 552 3986 ex
572 3939 620 3986 hb
648 3939 676 3987 St
719 3899 1008 3976 diiilamentiodliibei,
1026 3901 1284 3964 quispiritussanctus

119 3951 235 4062 anitii,
252 3972 275 4050 ib
294 4018 341 4066 quo
361 4011 382 4049 te
400 3952 512 4052 colliditur
530 4021 582 4054 erae
601 3974 683 4054 dau:
718 3975 756 4025 ω’
775 3968 798 4014 h'
817 3967 832 4014 ι
851 3968 874 4015 in
888 3965 951 4028 Pal.;
969 3967 1011 4015 Μ
1030 3968 1118 4016 ibidem
1136 3968 1165 4015 de
1178 3982 1207 4016 ⁰⁰
1219 3966 1284 4016 ἀπο

119 4071 199 4118 docem
217 4072 256 4133 qai
282 4072 406 4119 solutionis
427 4072 593 4120 similitudines
611 4075 683 4119 inter·
719 4034 844 4082 ‘mserum
860 4049 883 4082 ¹¹¹
901 4048 954 4096 αφ’
971 4041 1094 4098 ὅθφωῃιθ·

118 4152 197 4197 repes.
770 4133 827 4197 Cap.
846 4135 884 4184 lll.
920 4132 946 4196 1)
963 4137 996 4183 tie
1014 4134 1064 4183 Pal.

170 4201 197 4264 2)
217 4205 383 4265 poenatavit.
402 4205 435 4252 lle
454 4202 585 4265 pertinacia
604 4203 627 4250 in
641 4217 684 4265 pe-
770 4201 826 4265 Cap.
845 4202 881 4251 lli.
919 4202 945 4262 li
983 4199 1103 4250 hinloerim
1123 4199 1199 4249 debes.

120 4268 192 4317 tende
211 4269 239 4316 ll.
257 4272 361 4320 conlerri
380 4271 429 4319 vnit
447 4272 503 4319 Luc.
527 4270 565 4329 il,
584 4269 607 4319 8.
767 4268 794 4331 2)
813 4270 942 4318 intellectus
960 4267 1010 4316 Pal.

170 4335 196 4395 3)
215 4338 248 4384 eie
276 4339 364 4398 [andos
394 4353 418 4400 p.
451 4337 540 4399 sunder
572 4338 611 4385 iiie
635 4337 684 4387 lat.
770 4336 797 4396 3)
815 4351 865 4385 eom
882 4335 933 4385 Pal.

121 4400 205 4451 Scribe
224 4402 309 4452 saitem
326 4405 361 4454 irie
378 4407 466 4466 [mdes
486 4420 507 4454 c.
524 4401 575 4453 Pal.
769 4403 827 4467 Cap.
846 4403 871 4452 l.
908 4400 933 4466 l)
947 4399 980 4450 ita
996 4413 1044 4451 aer.
1062 4399 1114 4452 t’nt.

1251 4493 1256 4501 ι
