2886 4882
250 246 390 308 unauna
413 248 552 307 unsrun.
595 249 694 307 ιιιιιιι
716 249 759 308 ιιι.
801 220 934 309 srutuu.
960 240 1055 324 nutltt
1181 239 1240 312 nti
1302 197 1304 204 ¹

153 444 190 516 (e)
213 447 254 502 lV.
297 448 339 501 lit
362 454 450 503 autem
473 447 538 503 mihi
562 447 604 504 ille
626 457 734 521 pastor:
756 446 869 504 viriliter
891 447 916 502 io
940 447 1089 507 ministerio
1108 450 1242 508 hennon·

71 548 188 598 versare,
209 537 236 585 et
258 530 330 584 omni
348 530 450 585 homini
465 531 553 586 indica
568 529 796 604 magnificentiam
808 529 922 599 Domini,
942 536 970 586 et
984 526 1108 588 hahebis¹
1130 534 1242 606 gratiam

70 615 96 669 in
119 615 172 668 lion
195 612 353 668 ministerio.
397 611 555 687 Quicunque
578 630 643 686 ergo
675 613 701 667 in
725 613 766 669 his
789 612 920 669 mandatis
954 611 1145 682 ambulaverit,
1172 615 1244 673 rivet

70 705 97 752 et
120 695 182 751 leliu
201 696 270 758 erit3
294 695 449 767 quicunque
472 712 537 751 vero
559 712 613 751 non
636 696 798 752 intellexerit
820 712 865 760 en,
889 709 942 749 non
963 686 1061 761 vivet?
1084 696 1183 751 eterit
1205 698 1242 753 io·

71 780 164 834 lensus
193 780 219 833 in
244 778 295 832 vita
324 795 380 833 sua.
429 780 475 834 [lie
502 777 643 845 omnibus,
671 786 700 834 ut
729 779 774 851 qui
802 785 918 850 possunt
944 785 1019 832 recte
1050 776 1157 844 lacere,
1188 793 1242 834 non

71 869 197 932 cesseulj
228 860 324 915 bonam
355 877 465 933 operam
493 877 622 917 exercere
653 860 717 917 utile
748 869 790 917 est
810 860 870 916 illis.
913 859 978 914 llieo
1001 867 1104 928 autem,
1135 875 1242 916 omnem

70 944 208 999 homiuem
231 942 264 998 ile
286 943 459 999 incommodo
482 935 622 1018 oportere⁸
651 943 728 1016 eripi.
768 942 832 998 Nam
855 953 882 998 et
904 933 957 1009 is,⁴
982 943 1028 1016 qui
1052 937 1157 1016 [eget,]
1187 943 1243 1015 agit

71 1027 148 1081 vitam
166 1024 349 1098 quotidianam
365 1026 391 1081 in
406 1043 503 1099 magno
517 1033 652 1083 tormento
666 1033 694 1082 et
709 1026 888 1094 necessitnte3
911 1034 938 1081 et
959 1025 1114 1082 huiusmodi
1127 1026 1242 1080 animam

72 1109 117 1180 qui
130 1107 237 1174 liberat,
251 1124 376 1180 magnum
389 1108 441 1164 sibi
455 1110 581 1182 gaudium
597 1108 730 1185 adquiret.
773 1108 822 1177 Qui
838 1111 909 1163 euim
921 1107 1054 1164 eiusmodi
1069 1107 1242 1163 incommodo

69 1198 196 1256 vexatur,
225 1190 264 1246 sie
290 1191 441 1259 cruciatur,
471 1191 609 1264 quomodo
637 1190 680 1248 ille
717 1191 763 1264 qui
795 1191 820 1245 in
842 1190 956 1247 vinculis
978 1199 1029 1248 est.
1075 1190 1147 1246 llulli
1171 1191 1243 1245 enim

73 1271 228 1329 liuiusmoili
257 1274 427 1329 vexationem
449 1291 503 1329 non
534 1273 721 1330 substinentes
749 1282 863 1329 mortem
893 1274 945 1329 sibi
972 1272 1136 1329 adsciscunt.
1178 1269 1242 1342 [Qui

71 1357 146 1412 novit
168 1348 276 1429 ιςιῑιιι]ὗ
304 1359 455 1429 angustiam
477 1358 554 1426 eius,
576 1365 679 1414 elnon
708 1357 816 1412 redimit
843 1372 921 1419 eum,
949 1372 1074 1426 magnum
1104 1365 1243 1429 peccatum

71 1439 193 1505 admittit,
216 1445 243 1492 et
264 1437 295 1493 llt
316 1455 379 1494 rens
401 1440 540 1512 sanguinis
563 1439 630 1495 eius.
672 1439 761 1494 Facite
784 1438 884 1511 aliquid
899 1438 972 1504 boni,
995 1438 1152 1511 quicunque
1167 1454 1242 1494 acue·

71 1521 150 1595 pistis
176 1520 278 1577 bouum
301 1538 315 1577 a
338 1521 459 1579 llomlno.
501 1520 590 1576 Nolite
611 1521 688 1577 tarde
703 1521 802 1583 lacere.
827 1536 860 1575 ne
882 1528 1086 1577 consummetur
1106 1528 1243 1578 structura

72 1605 163 1672 turris,
185 1611 212 1660 et
232 1619 279 1659 vos
301 1604 335 1660 tle
356 1611 493 1659 structura
514 1603 706 1676 reprobemini.
749 1602 803 1658 lam
825 1602 875 1657 alia
897 1603 981 1658 turris
994 1618 1049 1658 non
1067 1601 1243 1670 aedificatum

70 1694 187 1760 propter
208 1700 256 1740 vor
272 1693 361 1743 autem
376 1686 541 1742 intermissio
556 1686 625 1740 laeta
641 1692 683 1741 est
699 1683 896 1741 aedificationis
917 1684 1038 1742 eiusdem
1052 1685 1143 1742 turris.
1186 1685 1244 1742 Nisi

72 1781 138 1839 orgo
161 1767 348 1825 festinaveritis
369 1767 460 1827 lacere
477 1777 560 1836 reete,
582 1767 665 1824 turris
679 1767 918 1824 consummabitur.
961 1767 994 1824 ui
1015 1775 1159 1842 postquam
1175 1767 1244 1825 liaeo

71 1850 178 1908 loeutus
207 1857 262 1918 est,
290 1852 409 1909 surrexit
429 1868 444 1907 a
464 1852 553 1919 lacto,
583 1850 811 1923 adprehensoque
839 1849 885 1907 illo
914 1860 1024 1925 pastore
1046 1857 1074 1909 et
1094 1850 1243 1923 virginibus

73 1932 254 2001 mitilineus
267 1934 331 1991 mini
344 1935 450 2003 iterum,
459 1950 489 1992 se
502 1935 647 1995 musarum
659 1941 797 2007 pastorem
810 1934 963 2008 etvlrgines
975 1934 1001 1990 in
1013 1933 1122 1991 domum
1134 1924 1245 1991 manin-⁶

73 2075 282 2089 u*-

72 2171 189 2215 atructuru
214 2164 299 2212 turris·
329 2169 422 2227 propter
444 2162 506 2210 euim
532 2175 570 2210 eoa
588 2158 639 2212 Vat.
724 2159 781 2223 Cap.
800 2160 834 2208 tv.
873 2158 898 2223 1)
916 2162 987 2210 itales
1006 2176 1030 2223 p.
1043 2169 1066 2209 et
1083 2161 1178 2210 lobonis
1195 2159 1244 2210 Pal.

71 2231 123 2282 tiu.
141 2231 199 2280 Sim.
217 2231 241 2290 9,
260 2231 283 2278 5.
726 2226 753 2287 2)
771 2229 827 2274 vivit
844 2253 878 2260 —
895 2229 950 2276 viril
971 2227 1020 2276 Pul.
1044 2246 1054 2260 ·

124 2330 165 2394 ¹⁰)
184 2328 337 2379 esctuutmtot
354 2334 405 2376 erat
421 2326 445 2375 io
462 2326 512 2375 Vnt.
725 2293 755 2415 {q
771 2292 904 2407 ‹qqqnqfllinl

127 2411 169 2474 Η)
187 2411 271 2489 ”illm
297 2417 375 2459 “llum
389 2411 454 2489 ,mlll'
479 2423 640 2489 “mmmm
724 2422 751 2485 5)
769 2425 835 2473 Loco
848 2440 914 2473 voce.
924 2425 992 2474 uncis
1002 2425 1149 2475 inclusorum
1157 2439 1244 2474 occur·

72 2487 192 2548 tt⁰⁸l⁰l⁸m
221 2479 289 2526 'llam
317 2485 338 2525 ‘l
369 2491 472 2538 ⁰¹lll¹¹ll⁸
500 2491 524 2554 Ψ
549 2477 641 2524 ‘imnum
674 2491 705 2542 rit
724 2490 807 2539 lncnua
826 2490 849 2540 in
869 2491 917 2540 Pal.
937 2489 1244 2541 luidernmunvireutmet

72 2564 147 2597 menni
165 2544 243 2595 luunt
261 2543 313 2593 unii
330 2544 379 2592 Vnt.
399 2558 452 2593 cnm
470 2542 614 2605 epigraphe:
674 2558 698 2607 qn
717 2560 818 2609 redimit,

75 2632 177 2696 Explicit
191 2630 361 2691 lilerpnstnrie
373 2627 487 2691 illaoipuli
502 2627 564 2674 lenti
573 2626 641 2689 paoli
726 2626 753 2686 6)
772 2626 863 2675 Puneto
876 2633 933 2690 post
949 2640 1023 2675 meum
1035 2623 1117 2687 posito
1135 2625 1244 2689 sequitur

188 2695 297 2761 Apostoli
361 2695 410 2744 Deo
430 2697 527 2757 oratioe.
677 2689 752 2760 ἀμὴν
768 2693 793 2741 in
811 2693 862 2744 eu.
