2886 4882
14 275 73 325 t'lll
476 258 728 319 rhothbertus.

96 421 211 482 Foedus
238 420 315 499 quod
336 420 429 479 luerat
448 419 620 481 ludaeorum
648 427 780 480 nostrum
801 426 847 480 est
867 418 986 489 lactrrm,
1008 418 1073 497 qrria
1095 428 1189 481 trans-

12 502 171 585 grediendo
192 502 222 562 in
244 509 416 582 perpetuum
427 502 615 584 perdidemnt
627 502 664 571 id,
677 503 754 581 quod
772 502 870 563 llloses
884 501 1003 579 aceepit.
1018 500 1188 564 Tabularum

15 596 101 649 tenen
126 604 180 665 per
207 586 310 646 llosen
339 584 551 647 conlractarurn
581 584 689 644 Christi
711 584 864 645 dilectione
886 583 1053 644 novissimis
1075 591 1189 664 tempo-

12 668 93 730 ribus
113 667 144 727 in
166 668 347 746 praecordiis
367 669 478 731 nostris
499 667 694 743 consignatus.
736 667 796 728 llac
818 687 890 727 nora
911 667 972 744 lege
994 667 1118 727 irridetis
1141 687 1189 728 re-

11 749 174 811 sistendum
202 759 248 813 est
269 750 371 831 lniqno
400 752 519 831 eiusque
545 749 760 810 tentationibus
803 750 862 810 Ast
883 769 919 810 ne
942 748 1078 809 inllentur
1100 750 1188 828 spiri-

11 832 89 894 tilcri
119 833 201 912 (masi
230 835 314 914 plene
340 831 500 906 iustificati,
528 832 579 893 sed
606 831 636 891 iu
659 831 765 893 timore
786 833 838 893 Dei
861 831 1027 893 custodiant
1048 833 1188 894 maudata.

9 915 39 977 ls
67 916 147 977 enim
172 935 232 977 non
258 922 374 995 accepta
401 934 539 996 persona,
569 913 620 974 sed
650 913 806 975 seumdum
836 933 925 994 opera
946 913 1060 975 iudicat.
1102 915 1188 977 Fides

9 1006 112 1059 nosha
140 998 288 1059 adiuvatur
316 998 422 1059 timore
452 1017 486 1058 ac
512 997 699 1069 sustinentia3
731 997 756 1057 ei
787 1006 983 1075 corrrpugnant
1003 997 1140 1074 patientia
1160 1007 1188 1060 et

9 1080 191 1141 continentia
218 1079 255 1159 (c.
276 1082 322 1158 l),
352 1081 424 1142 lidos
446 1080 608 1160 caritasque
628 1080 795 1158 coniugatae
816 1078 854 1157 (c.
881 1082 939 1156 ll).
982 1078 1138 1155 ligilemus
1159 1089 1205 1142 et·

7 1168 88 1225 recte
116 1163 308 1241 intelligamus
339 1170 415 1224 talita
437 1163 518 1241 signa
539 1160 727 1240 ac'portenta
748 1163 777 1223 in
798 1161 904 1241 poptdo
923 1161 1093 1221 ludaeorum
1114 1164 1186 1224 lacta

8 1243 164 1323 (excidium
191 1245 406 1324 llierosolprnac
433 1255 462 1307 et
488 1244 611 1324 reliqua)
640 1244 709 1325 quid
730 1245 784 1305 sibi
812 1244 907 1304 velint.
949 1243 1118 1313 Careanurs,
1148 1266 1186 1306 no

7 1327 141 1389 vecordia
172 1327 389 1389 obdormientes
417 1327 607 1389 nihilominus
628 1328 798 1406 perdamur,
828 1326 912 1387 sicuti
933 1325 1037 1386 veteris
1058 1327 1185 1388 foederis

28 1409 258 1488 omma

7 1428 68 1491 pp
92 1492 135 1553 lix
162 1511 219 1572 quo
242 1492 421 1572 intelligitur,
443 1500 589 1555 auctorem
611 1491 755 1571 imprimis
777 1491 894 1572 quidem
914 1498 1015 1552 contra
1036 1491 1184 1553 ludaizan-

9 1582 55 1637 tca
80 1575 156 1636 inter
184 1574 366 1636 Christianos
396 1595 528 1649 mouere,
559 1576 631 1655 legis
658 1582 754 1635 antem
781 1574 905 1635 erriusris
933 1574 1120 1652 despectores
1143 1576 1182 1637 uti

9 1658 131 1719 salutern
164 1656 241 1719 haud
274 1658 370 1719 urinas
403 1658 599 1739 periclitantes
633 1657 741 1737 apertis
777 1656 871 1717 rerbis
906 1655 1075 1735 signilloare.
1124 1657 1183 1719 Lex

48 1739 116 1819 ippo
143 1739 268 1801 lllosaica
298 1740 324 1800 ei
355 1741 425 1802 tanti
454 1749 514 1815 est,
544 1751 574 1801 ut
600 1739 700 1820 guosis
721 1740 751 1799 in
773 1739 835 1819 ipsa
856 1758 960 1799 riorarn
981 1739 1072 1817 legem
1095 1733 1183 1818 (νέαν

7 1757 138 1901 britolio
157 1840 182 1882 c.
204 1822 237 1900 9)
259 1821 410 1884 intueatur.
447 1824 544 1885 Novus
564 1830 661 1884 autem
681 1822 806 1902 populus
828 1839 893 1882 cum
916 1840 1015 1881 turrim
1035 1821 1086 1882 llei
1107 1832 1182 1884 tem-

7 1904 86 2049 plum
115 1904 167 1976 sit,
193 1924 293 1966 rerum
320 1925 434 1986 quoqne
462 1906 634 1967 sacrificium
664 1905 694 1965 in
715 1905 803 1965 corde
825 1904 850 1964 is
872 1904 953 1965 solus
975 1904 1060 1964 ollerl
1081 1903 1119 1983 (c.
1141 1906 1183 1984 3).

21 1986 115 2049 emm
137 1986 202 2047 heic
224 2006 288 2048 vera
309 1989 366 2048 rita
384 1989 488 2049 huitur
509 1986 547 2066 (c.
563 1988 601 2066 l),
622 1997 690 2066 post
712 1986 910 2047 tribulationes
930 1994 1016 2066 atque
1036 1990 1183 2066 angrrstias

7 2068 112 2131 rutrltas
133 2068 163 2129 in
185 2088 275 2149 regno
296 2070 418 2131 llessiae
440 2070 478 2148 (c.
505 2072 554 2149 15)
575 2070 710 2131 universo
733 2070 840 2130 nrurrrlo
863 2069 1062 2129 dominaturus
1084 2069 1122 2147 (c.
1141 2071 1183 2148 ὃ).

5 2150 49 2213 lta
76 2151 170 2213 edocti
199 2152 235 2211 de
261 2151 313 2224 iis,
341 2173 413 2233 quae
438 2154 663 2232 praeterierunt,
699 2171 785 2213 rrenm
813 2152 844 2211 in
864 2151 936 2211 retia
959 2151 1101 2223 incurrat,
1131 2155 1183 2215 sed

6 2252 82 2295 noro
103 2234 220 2295 loedere
246 2243 363 2296 renatus
383 2235 529 2297 intellectu
549 2235 661 2314 polleat.
704 2235 848 2311 Cogitanti
868 2241 951 2313 atque
972 2235 1112 2295 memoria
1132 2255 1181 2297 re-

6 2316 116 2395 petenti
141 2334 214 2395 (puae
243 2317 358 2378 luerunt
378 2336 412 2379 ac
434 2337 505 2398 quae
527 2324 608 2389 sunt,
638 2316 745 2378 Christi
765 2316 922 2396 expiatoria
944 2325 1040 2377 morte
1059 2317 1181 2381 ludaeos

7 2416 73 2461 osse
94 2397 243 2472 iudicatos,
266 2419 321 2460 rros
342 2408 438 2461 aulem
460 2402 583 2462 salvatos
603 2399 760 2478 apparebit.
791 2399 879 2478 ldque
901 2398 941 2460 ita
962 2399 1023 2460 sieri
1046 2399 1181 2462 debuisse

5 2479 64 2541 iam
84 2480 263 2559 Prophetae,
288 2482 401 2544 divinae
421 2483 551 2564 loquelae
572 2500 694 2561 organa,
720 2482 825 2543 iterum
846 2481 1007 2562 itemmque
1028 2483 1180 2544 murnrrtia-

5 2568 81 2625 runt
123 2562 167 2624 Ex
194 2583 295 2626 eorum
326 2584 413 2627 sensu
442 2565 579 2627 ieirutimn
607 2566 638 2625 l'.
669 2565 714 2639 T.,
744 2563 857 2624 lrirc-mn
879 2573 909 2625 et
929 2584 1043 2626 raccant
1064 2564 1181 2627 rubram

5 2642 154 2707 Christian
176 2656 306 2724 spectare
327 2656 428 2709 auctor
449 2648 509 2708 suis
530 2648 703 2727 persuadere
725 2655 838 2707 tentans
865 2646 903 2724 (c
924 2645 1028 2724 5-8),
1055 2647 1180 2707 ch'crrm-

4 2724 145 2787 cisionem
177 2728 367 2807 spiritualiter
395 2729 609 2807 intelligendam
636 2747 726 2807 aeque
754 2746 789 2788 ac
809 2727 942 2787 mandata
963 2728 999 2789 dc
1020 2727 1106 2799 citis,
1128 2729 1179 2789 ba-

4 2807 142 2951 ptismum
169 2818 199 2869 et
225 2829 339 2871 cnrcem
366 2810 422 2872 iarn
451 2810 481 2871 in
509 2812 540 2871 v.
569 2810 601 2870 T.
627 2810 848 2890 praefiguratam
867 2818 955 2889 atque
975 2810 1180 2885 anrruntiatam,

17 2910 119 2953 oetam
148 2891 258 2955 Christi
286 2900 384 2971 typum
415 2892 501 2954 docet
529 2891 568 2971 (c.
590 2892 726 2970 9-12).
769 2891 848 2964 Quae
869 2910 936 2951 cum
959 2891 998 2952 ita
1019 2893 1092 2959 sint,
1119 2912 1180 2955 non

3 2972 116 3045 ludaei,
147 2973 199 3035 sed
221 2975 377 3037 Christiani
399 2975 450 3037 liei
471 2974 598 3036 foederis
619 2974 678 3035 reri
701 2973 857 3047 lraerules,
883 2992 973 3034 sensu
994 2981 1127 3055 typorum
1149 2977 1179 3037 V.

4 3054 37 3117 Τ.
58 3056 181 3128 recluso,
200 3056 258 3118 iam
280 3057 430 3119 consututi
450 3057 619 3137 probantur.
647 3056 729 3118 Unde
750 3064 960 3131 testamentum,
983 3058 1060 3138 quod
1081 3057 1179 3119 lloses

1 3156 19 3197 a
48 3136 173 3199 Domino
202 3139 313 3219 accepit
340 3140 539 3220 contriiitqnc,
561 3140 597 3201 ad
619 3159 674 3201 nos
695 3138 832 3219 pervenit
860 3139 981 3201 ludaeos
1002 3148 1097 3201 autern
1118 3160 1179 3203 non

2 3218 66 3283 eiua
87 3220 225 3282 haeredes
247 3242 311 3283 esse
332 3223 420 3284 etiam
440 3242 475 3287 ex
496 3242 531 3283 eo
554 3221 729 3301 intelligitur,
750 3221 828 3303 quod
840 3240 939 3283 reruni
954 3221 1104 3284 sabbatum
1118 3242 1179 3285 non

1 3300 139 3376 habeant,
170 3322 263 3384 neque
284 3306 423 3385 templum
444 3306 505 3367 Deo
528 3313 693 3385 acceptmn,
722 3323 782 3365 non
803 3304 860 3365 nisi
881 3304 910 3364 in
933 3305 1075 3384 spirituali
1094 3306 1177 3367 habi-

3 3384 96 3445 taculo
127 3393 255 3459 exstasis,
283 3387 312 3449 id
338 3396 384 3449 cst
410 3388 440 3448 in
468 3387 588 3450 ccclesia
616 3386 772 3449 eluistiana
799 3384 836 3465 (c
867 3388 951 3449 13—
966 3386 1025 3465 17).
1067 3388 1177 3462 Quibus

0 3504 6 3531 a
47 3480 144 3540 r’deors
173 3470 379 3547 speciminibus
405 3470 568 3551 athurrgitnr
596 3470 776 3549 paraenetica
801 3488 869 3548 pens
898 3468 935 3546 (c.
966 3468 1113 3546 tlt—21)
1142 3470 1178 3531 de

33 3575 35 3601 1
63 3549 137 3612 locis
158 3557 188 3611 et
206 3552 398 3614 tenebramm.
439 3554 496 3614 l‘er
517 3554 594 3614 illam
614 3552 661 3633 qui
682 3552 864 3632 gradiuntur,
894 3551 978 3611 bortis
1000 3552 1176 3631 quibuscun-

7 3650 56 3695 =uo
84 3632 220 3713 operibus
247 3654 300 3713 per
327 3635 444 3715 γνῶσιν
465 3636 546 3697 lacile
566 3635 738 3715 peragendis
759 3652 865 3713 scopus
885 3635 1042 3713 petendus3
1071 3635 1101 3695 in
1123 3636 1176 3696 hac

16 3722 143 3795 agantur,
165 3717 214 3795 qni
234 3736 251 3778 a
272 3719 332 3780 Deo
353 3718 467 3781 alienati
489 3719 565 3780 vitiis
584 3718 708 3779 animam
731 3716 927 3796 perdide-runt.
970 3717 1021 3779 hei
1044 3719 1176 3779 rnandata

6 3822 16 3849 ν
40 3798 201 3859 todienda:
225 3801 360 3863 ornnibus
381 3802 444 3865 dies
466 3799 665 3862 retributionis
686 3807 734 3859 aut
754 3798 926 3878 perditionis
948 3799 1043 3861 instat.

83 3881 112 3942 2.
142 3880 185 3941 Ex
210 3884 343 3961 genuinis
373 3903 462 3964 aeque
490 3904 523 3945 ac
549 3882 730 3962 interpolatis
752 3882 903 3942 elementis
924 3882 1084 3962 Epistulam
1107 3905 1174 3946 coa-

9 3961 101 4033 nisse,
130 3981 190 4022 nou
218 3966 280 4026 sine
310 3966 407 4027 iudicii
436 3966 567 4028 aeurnine
595 3973 624 4025 et
644 3964 892 4044 argumentatione
913 3965 998 4027 docta
1022 3967 1175 4027 osternlerc
1263 3962 1267 3971 '

2 4044 109 4107 tuduit
128 4045 198 4106 Dan.
219 4046 403 4127 Sclrenkel.¹)
445 4049 519 4111 Eum
541 4047 725 4109 corrhrtarunt
748 4045 886 4124 Helelc⁸)‚
908 4054 936 4108 et
958 4047 1089 4109 subtilius
1111 4050 1173 4111 llil—

45 4254 75 4280 *
91 4259 171 4311 ''eber
189 4261 235 4312 den
248 4259 315 4310 Briel
327 4260 369 4310 des
381 4260 510 4320 llamahas,
529 4259 567 4308 ein
652 4260 680 4324 3)
700 4261 747 4310 llas
771 4259 964 4310 Sendschreiben
992 4261 1034 4311 des
1060 4262 1171 4325 alpostels

143 4326 264 4389 leronem
283 4327 367 4378 Theoi.
386 4328 453 4379 Stud.
470 4344 493 4377 u.
507 4326 566 4378 llrit.
600 4327 722 4378 Barnabas
740 4328 867 4378 anlsh'eee
880 4329 1029 4388 uatersucht,
1051 4329 1172 4379 ubersetzt

141 4392 203 4447 tS.
221 4395 364 4447 oar-686.
599 4395 819 4447 aeternatur.
845 4394 905 4444 rut.
925 4395 998 4447 lato.
1015 4409 1039 4461 p.
1059 4396 1170 4463 llltisqq.
