2886 4882
425 232 625 293 utillud!
646 233 676 293 S.
696 234 828 293 tudltss.
857 234 913 293 vlt
1204 231 1266 296 217

87 405 120 462 de
142 404 192 472 iis,
211 418 283 477 quae
304 400 374 458 lacta
396 399 513 469 lucrant,
534 408 626 458 certos
648 399 764 465 laceret,
785 417 909 458 essemus
930 404 1048 476 precati,
1071 418 1104 457 ac
1125 400 1262 476 paululum

88 485 339 552 nhdnrmissemus3
367 483 413 540 alii
426 485 515 540 statim
528 483 678 541 adstantem
693 500 755 539 cum
776 499 882 556 nosque
898 485 1122 559 complectentem
1138 485 1264 555 vidimus,

87 571 130 628 alii
141 586 242 627 rursus
255 566 397 643 pronubis
410 574 534 623 orantem
546 566 797 639 heatumlgnatium
808 567 1008 641 conspeximus,
1022 568 1066 624 alii
1080 583 1145 623 vero
1160 569 1263 627 sudore

88 652 240 721 stillanlm¹
262 659 389 724 tanquam
411 666 426 705 a
447 649 532 706 multo
551 648 644 706 lahcre
666 648 853 705 advenientem
874 657 955 722 atquc
977 650 1126 707 adstantem
1140 649 1262 709 hominu.

89 737 152 794 Cum
173 750 242 809 erun
263 732 348 790 mvilto
371 749 433 790 cum
452 732 552 806 gaudio
574 733 625 789 ista
648 732 826 798 vidissemus,
856 740 884 788 et
901 733 1070 791 somniorum
1090 733 1148 788 visa
1169 743 1263 790 contu·

89 819 233 885 lissemvn,
262 816 348 874 licum
376 816 498 873 datorem
528 814 664 873 hunorum
685 814 869 882 laudavimus,
896 823 1019 873 sanctum
1045 815 1132 872 virum
1153 812 1262 873 beatum

88 900 317 976 pnedicavimus,
337 898 415 955 vohis
437 906 464 954 et
486 898 558 955 diem
578 904 606 954 ct
627 905 734 972 tempus
756 894 976 970 significavimus,
998 907 1028 956 ut
1049 894 1173 970 tempore
1192 914 1261 954 mnr-

90 984 149 1058 tyrii
170 984 232 1040 eins
253 982 448 1040 convenientes
476 982 694 1039 communionem
715 987 836 1038 nostram
864 979 1044 1039 testihccmur
1072 997 1135 1038 cum
1164 979 1263 1038 athleta

90 1075 116 1124 et
134 1082 273 1142 generoso
293 1072 412 1140 martyre
434 1064 549 1134 Christi,
581 1065 627 1137 qui
655 1062 824 1120 conculcavit
851 1062 989 1121 diabolum
1011 1071 1039 1122 et
1061 1063 1191 1121 desiderii
1211 1064 1263 1133 sui,

92 1167 122 1207 cx
146 1165 240 1206 amore
269 1147 369 1204 Christi
400 1147 532 1220 protecti,
560 1163 668 1204 cursum
700 1145 831 1219 explevit,
857 1146 884 1202 in
908 1144 1017 1205 Christe
1039 1145 1116 1215 lesu,
1148 1145 1262 1204 llomiuo

91 1240 202 1302 nuncu,
230 1247 384 1306 perquem
406 1237 516 1287 etcum
537 1246 591 1304 qun
614 1229 688 1285 Patri
707 1229 744 1284 sit
765 1227 851 1302 gloria
873 1236 901 1285 et
920 1231 1042 1303 potentia
1074 1245 1136 1287 cum
1158 1226 1264 1302 Spiritu

92 1322 192 1381 uncto,
215 1314 243 1370 in
265 1313 364 1370 secuda.
405 1311 505 1370 Amen!

143 1541 170 1605 5)
196 1542 268 1592 Vetus
304 1539 349 1590 lnt
380 1538 461 1589 Cnieu.
488 1552 541 1588 cvm
572 1537 661 1601 Spiritu
694 1539 806 1588 cetum.
826 1530 979 1589 luven=dv
996 1538 1030 1610 τῇ
1049 1534 1116 1605 ἁγίᾳ
1131 1533 1263 1607 ἐκκλησίᾳ

94 1611 185 1671 smil,
206 1611 332 1659 incuncta
350 1606 456 1658 Ecclesia
473 1609 498 1657 iu
520 1607 600 1655 secute
624 1619 663 1655 se·
698 1604 739 1664 εἰς
756 1601 821 1664 τοὺς
839 1604 945 1662 αἰῶνας
962 1606 1021 1658 τῶν
1037 1602 1156 1658 αἰώνων.
