2886 4882
303 204 429 263 tonanti
452 204 613 262 untsrott
636 205 680 262 tn
699 200 872 261 repostos.
899 202 950 260 XV.
971 200 1038 260 XVI.
1058 203 1136 263 xttt.
1246 205 1308 269 885

214 404 268 463 XV.
312 403 409 461 llelius
437 412 479 459 est
508 404 588 478 igitur
609 413 699 460 tacere
723 411 750 463 et
772 417 850 470 csse,
881 417 961 473 quam
990 401 1082 460 dicere
1109 411 1306 478 elnonense,

131 489 273 563 quianon
295 487 321 541 in
343 486 427 542 verbo
449 495 623 560 estreguum
646 486 702 553 Ilei,
725 485 774 543 scd
797 486 824 541 in
842 478 962 542 virtute.¹
1004 485 1102 554 ,Corde
1125 490 1195 547 enim
1218 493 1305 549 eredi-

130 581 176 627 tur
198 570 232 626 ad
247 570 386 637 iustitiam,
410 559 473 625 ore'
495 576 583 626 autem
606 570 744 627 confessio
766 567 797 625 lit
818 567 851 623 ad
873 566 1008 626 salutem‘
1051 569 1154 627 Burrum
1171 576 1307 650 estigitur

131 654 250 723 docere,
278 653 327 708 sed
357 654 378 708 si
402 652 497 708 lecerit
519 669 550 709 ea
579 671 647 726 quae
671 653 774 708 dixerit.
816 649 873 719 ,Qui
901 652 972 706 enim
1001 652 1125 709 docuerit
1152 663 1180 711 et
1200 656 1305 724 lecerit,

131 737 176 793 lric
198 751 314 810 magnus
337 726 491 791 vocabitur³
511 736 537 791 in
567 752 651 809 regno
680 725 848 792 caelorum‘⁴
890 733 1018 789 Dominus
1045 743 1133 791 autem
1155 746 1250 796 noster
1278 750 1306 797 et

130 819 202 875 deus
225 819 301 874 lorus
325 816 458 884 Christus,
480 820 526 891 qui
547 827 589 875 cst
612 811 695 876 filius⁶
717 816 763 873 llei
785 817 844 883 vivi,
866 815 955 890 primo
976 817 1102 874 uidelicet
1123 819 1196 889 lecit,
1218 830 1246 878 et
1266 825 1306 880 sic

130 903 239 969 docuit,
261 903 334 956 sicut
361 898 520 957 testificatur
541 902 642 967 Lucas,
665 902 752 970 ,cuius
781 899 838 956 laus
860 906 904 955 est
924 900 951 955 in
972 899 1117 974 Evangelio
1138 920 1190 977 per
1211 921 1307 962 omues

130 975 299 1041 Ecclesia-‘⁶
341 982 430 1039 Nichil
450 986 521 1041 enim
543 983 609 1040 latet
630 985 779 1048 Dominum,
802 981 852 1039 sed
874 983 954 1038 etiam
976 982 1082 1040 occulta
1100 994 1194 1043 nostra
1215 1004 1306 1045 coram

132 1069 193 1141 ipso
216 1074 288 1122 sunt.
331 1067 426 1122 Omnia
450 1083 516 1139 ergo
539 1067 668 1125 faciamus
689 1076 818 1139 tanquam
845 1066 905 1139 ipso
935 1066 961 1120 in
984 1066 1065 1122 nobis
1087 1063 1253 1137 lralritante,¹
1275 1079 1306 1127 ut

131 1152 218 1207 simne
240 1152 298 1207 eius
321 1149 434 1222 templa,
466 1159 493 1205 ct
516 1151 574 1222 ipse
595 1151 697 1207 habitet
720 1151 746 1205 in
766 1148 855 1204 nobis.
898 1147 1026 1204 Dominus
1058 1150 1148 1224 itaque
1170 1147 1307 1210 Christns‘

133 1233 160 1288 in
181 1232 262 1290 nohis
284 1231 420 1304 loquatur,
443 1233 514 1288 sicut
535 1241 562 1287 et
583 1235 610 1289 in
631 1234 729 1290 Panlo:
752 1231 869 1306 Spiritus
891 1231 1006 1288 Sanctus
1030 1248 1079 1289 nos
1102 1235 1212 1305 doceat,
1235 1253 1305 1310 quae

132 1325 199 1371 sunt
220 1315 331 1381 Christi,
352 1315 523 1389 respondere
545 1315 664 1372 adiuncti
686 1315 731 1373 illi.

216 1480 281 1536 xvi.
325 1481 411 1538 Nolite
434 1498 536 1546 errare,
560 1483 658 1538 iratres
688 1483 756 1550 mei,
789 1489 816 1537 et
838 1497 871 1537 ne
894 1483 952 1538 sitis
974 1481 1156 1539 masculomm
1177 1485 1305 1542 concubi·

132 1573 223 1632 tores,
254 1564 317 1637 quia
346 1565 500 1620 huiusmodi
529 1581 643 1638 regnum
664 1565 711 1621 llei
739 1580 794 1620 uon
824 1557 1023 1638 possidebunt¹
1065 1565 1116 1633 Qui
1138 1569 1209 1624 euim
1233 1567 1306 1625 liabi-

133 1647 221 1705 ucula
242 1648 358 1705 humana
380 1656 566 1722 corrumpunc
589 1649 669 1704 morti
684 1646 963 1721 condempnabuntur.
992 1647 1135 1715 Quomodo
1150 1666 1205 1707 non
1220 1652 1306 1724 magis

133 1730 180 1802 qui
204 1729 303 1787 Christi
325 1730 476 1787 doctrinam
501 1722 691 1805 corrumperc'
713 1737 853 1797 conantur,
875 1731 1066 1804 sempiternam
1090 1732 1307 1807 dampnationem

131 1813 302 1886 percipient,
331 1821 444 1886 propter
472 1830 582 1870 enicem
610 1822 637 1870 et
659 1822 789 1884 mortem,
820 1831 901 1887 quam
930 1814 1059 1871 sustinuit
1078 1815 1207 1873 Dominus
1228 1817 1307 1875 lesus

133 1896 289 1969 unigenitus
309 1896 356 1952 nei
378 1894 471 1952 filiusi
499 1897 577 1953 cuius
600 1897 750 1955 doctrinam
773 1897 929 1971 quicunque
952 1890 1166 1970 depravaverit,⁸
1187 1899 1308 1958 abiectus

132 1987 160 2034 et
180 1978 300 2053 pollutus
322 1980 347 2034 in
369 1978 520 2052 gehennam
540 1973 722 2053 prolicietur.⁴
763 1978 893 2038 Similiter
921 1988 1010 2037 autem
1038 1990 1065 2037 et
1095 1982 1182 2040 omnis
1216 1983 1307 2051 homo,

133 2061 181 2135 qni
203 2054 321 2135 spemit⁶
342 2061 416 2134 quod
438 2079 453 2117 a
476 2061 530 2119 lieo
553 2063 675 2137 accepit,
697 2062 878 2121 damnabitur.
920 2063 971 2132 Qui
993 2064 1146 2137 imperitum
1168 2073 1307 2142 pastorem

134 2152 247 2201 secutus
269 2144 364 2212 luerit,
392 2152 419 2200 et
441 2145 534 2202 lalsam
554 2145 668 2219 gloriam
697 2155 823 2221 tanquam
850 2163 940 2202 veram
969 2148 1138 2221 susceperit,
1170 2149 1307 2222 particeps

135 2218 249 2284 clarinti⁰
272 2244 334 2283 esse
356 2242 411 2283 non
433 2229 542 2301 poterit.
585 2228 668 2296 ,Quae
697 2230 769 2286 onim
790 2229 908 2287 societas
930 2227 986 2286 luci
1008 2245 1069 2284 cum
1091 2229 1232 2287 tenebrisl
1261 2239 1308 2288 aut

135 2309 244 2367 Christo
267 2327 328 2367 cum
352 2308 434 2366 Belial
443 2303 466 2366 'l'
489 2319 535 2367 aut
556 2328 625 2384 quae
646 2328 710 2385 pars
739 2311 811 2368 lideli
834 2327 895 2367 cum
918 2309 1039 2366 iulidelil
1067 2320 1114 2368 aut
1135 2312 1237 2385 templo
1259 2311 1308 2369 [tei

135 2409 197 2449 cum
218 2390 330 2449 idolisl‘
362 2392 426 2450 Ilico
457 2402 546 2450 autem
568 2403 596 2450 ot
616 2411 680 2468 ego:
712 2394 785 2462 Quae
807 2393 1014 2451 communicatio
1042 2385 1159 2449 veritati⁸
1179 2393 1214 2451 ad
1234 2409 1307 2450 men-

134 2475 263 2533 daciuml
293 2485 338 2533 aut
365 2493 434 2549 quae
461 2479 578 2534 societas
606 2477 724 2534 iustitiae
752 2493 814 2534 cum
842 2475 990 2532 iniustitial
1029 2483 1076 2531 ant
1103 2491 1183 2532 verae
1204 2475 1307 2548 gloriae

135 2575 197 2616 cnm
218 2558 287 2615 lalaa
307 2557 413 2632 glorial

218 2725 294 2781 111111.
337 2727 483 2800 Propterea
505 2735 672 2800 unguentum
694 2725 799 2799 accepit
819 2723 949 2780 llominus
970 2724 995 2780 in
1018 2724 1116 2828 capite,
1139 2733 1169 2781 ut
1188 2723 1310 2783 Ecclesia

139 2801 253 2882 lragrct¹
265 2810 477 2882 incormptione.
509 2808 686 2882 ‚Unguentum
707 2799 792 2865 enim¹
815 2808 979 2865 exinanitum
993 2802 1067 2875 est,‘
1088 2807 1184 2881 iuquit,
1199 2824 1308 2875 ‚nomen

138 2901 227 2963 tuum;
256 2900 402 2966 propterea
431 2892 649 2950 adolescentulae
680 2891 829 2949 dilexerunt
858 2899 899 2960 te,
929 2897 1096 2947 attraxerunt
1128 2899 1154 2946 te
1183 2890 1309 2946 naribus:

137 2983 200 3048 post
220 2983 248 3030 te
277 2975 303 3030 in
327 2966 452 3032 odorem⁴
473 2982 671 3050 unguentorum
700 2983 809 3032 tuorum
831 2970 991 3031 curremus·‘
1031 2971 1070 3029 Nc
1098 2963 1226 3047 ungatur⁶
1248 2973 1310 3046 quia

138 3056 226 3114 letone
255 3051 408 3114 doctrinoe⁶
435 3059 515 3116 liniue
543 3057 644 3115 seculi:
678 3065 770 3116 sancta
799 3056 846 3113 liei
866 3055 988 3113 Ecclesia
1016 3072 1070 3112 nun
1101 3054 1252 3129 captivetur
1277 3054 1310 3112 alr

139 3141 236 3197 astutia
258 3140 344 3210 illius,
372 3142 442 3199 sicut
462 3144 549 3217 prima
578 3141 675 3199 mulier
694 3140 756 3198 Eva.
800 3131 983 3215 Quapropter*
1005 3155 1066 3197 cum
1087 3138 1172 3197 simus
1194 3137 1311 3197 rationa-

191 3369 248 3433 Cup.
268 3369 313 3418 XV.
353 3368 573 3432 1)1(ἰοῐ.4,20.
794 3364 821 3428 5)
840 3372 932 3429 spernet
950 3368 1005 3429 lleg.

194 3435 220 3499 2)
239 3438 287 3485 oria
306 3435 369 3494 Pal,
392 3435 447 3485 dein
469 3438 536 3499 offert
558 3438 582 3483 lo
600 3435 706 3494 amntem,
795 3433 810 3483 o
840 3434 920 3482 christi
934 3436 1054 3499 particeps
1078 3440 1167 3499 uanep.
1187 3433 1236 3484 eu.
1255 3433 1311 3495 neg.

144 3502 199 3566 lleg.
216 3505 241 3565 fit
261 3506 286 3552 in
305 3504 411 3554 rolntern.
437 3503 472 3551 Cl.
491 3504 557 3552 llum.
578 3503 616 3561 10,
637 3501 674 3552 10.
795 3498 810 3547 ’1
842 3498 920 3550 2Cor.
939 3500 962 3558 θ,
981 3500 1076 3564 llsqq.

192 3569 219 3631 3)
237 3577 271 3618 ost
291 3568 341 3617 Pal.
795 3565 810 3615 8
837 3567 944 3615 veritatis
963 3566 1054 3615 eratin
1072 3567 1122 3616 Pel.

190 3637 218 3700 4)
235 3639 273 3687 dei
291 3635 341 3685 Pal.
359 3637 414 3700 fleg.
441 3636 477 3686 Cl.
498 3636 577 3686 llattlr.
598 3636 621 3697 5,
643 3634 681 3684 19.
794 3631 851 3695 Cap.
869 3632 936 3681 XVll.
973 3630 999 3696 l)
1018 3632 1064 3683 Pro
1082 3636 1171 3700 sropret
1185 3635 1269 3686 lacuna
1287 3636 1311 3684 in

193 3703 221 3768 5)
241 3706 281 3768 oni
301 3711 336 3752 ert
353 3705 452 3755 coortus
470 3706 534 3764 filino
552 3702 603 3753 Pal.
744 3699 803 3761 Pit,
820 3700 928 3761 inflopret
948 3699 1003 3763 lieg.

191 3771 220 3835 ti)
238 3772 258 3820 11
269 3770 324 3820 Cor.
343 3770 366 3832 8,
388 3769 424 3820 18.
794 3765 821 3827 2)
839 3767 901 3813 eninr
921 3780 967 3816 om.
980 3765 1037 3828 fleg.
1062 3766 1210 3821 Ceterumcl.
1222 3766 1310 3817 Contio

192 3838 219 3901 t)
237 3840 261 3887 in
286 3839 353 3887 nolis
379 3838 495 3887 reuelante
522 3835 709 3900 (subnotatum)
748 3833 864 3895 1,³sqq.
883 3832 949 3881 11111.

141 3905 258 3954 dubitante
277 3905 333 3964 llcg.
795 3898 823 3961 3)
840 3904 875 3947 erl
894 3912 940 3948 om.
958 3899 1029 3961 llos..
1052 3915 1080 3952 ex
1097 3917 1145 3967 qno
1162 3909 1185 3950 ct
1202 3898 1251 3948 Pel.
1270 3912 1310 3945 ac·

193 3971 219 4036 8)
239 3974 303 4020 ieros
327 3970 391 4030 rat..
419 3969 548 4032 postmodo
567 3971 668 4036 loquitur
686 3984 711 4032 p.
746 3965 1021 4030 coronamentorum.

144 4039 261 4102 loquatur.
795 4033 822 4094 4)
841 4034 912 4082 odore
930 4032 986 4097 Reg.

196 4102 328 4168 Capilli.
366 4101 391 4167 l)
408 4104 656 4167 possidebitorerileg.
675 4102 711 4153 Cl.
795 4098 822 4162 5)
842 4107 959 4162 onpoator
976 4098 1035 4160 Pel,
1053 4105 1152 4162 copulor
1169 4096 1225 4161 llcg.

143 4171 220 4223 lCor.
239 4173 263 4232 6,
280 4173 342 4236 deq.
796 4165 823 4229 o)
843 4168 936 4217 iustitie
956 4166 1005 4215 Pal.
1030 4164 1136 4214 Subinde
1154 4163 1224 4211 simol
1240 4162 1309 4212 deine

193 4239 219 4302 2)
238 4240 368 4300 dirumpere
387 4238 445 4297 Pal,
464 4240 606 4302 dirrumpere
624 4236 680 4297 Reg.
746 4234 819 4283 accoli
839 4233 895 4299 iles.

193 4306 221 4368 3)
238 4307 402 4368 perrimooerit
423 4304 472 4353 Pol.
491 4305 547 4367 Reg.
794 4298 823 4362 ’1)
843 4299 981 4365 Ouipropter
998 4297 1060 4357 eat,
1085 4312 1100 4345 a
1124 4308 1204 4358 cupre.
1239 4291 1275 4342 Cl.
1296 4292 1311 4359 2

195 4373 222 4434 4)
240 4374 264 4418 in
282 4371 426 4433 phenennam
443 4374 557 4434 proicitur
577 4370 632 4433 lleg.
746 4366 802 4416 Gor.
823 4365 862 4425 11,
881 4366 905 4415 3.
1176 4412 1179 4417 .
