2886 4882
308 228 447 287 maure
468 229 605 288 rasroa.
647 232 745 290 tram
766 234 797 291 u.
839 234 984 299 samar.
1003 238 1035 300 r.
1052 237 1097 314 (a)
1225 244 1291 310 att-

112 396 177 454 sede
200 396 352 453 habitantes
374 397 488 454 invicem
514 400 644 454 contrarii
671 406 699 454 ct
724 400 831 458 inutiles
852 411 930 470 siant,
952 412 979 460 et
1006 405 1075 462 male
1105 416 1148 465 est
1172 411 1285 484 homini,

113 481 139 536 in
168 496 223 552 quo
251 479 360 551 utrique
387 479 516 535 habitant.
560 477 604 536 Sic
633 482 770 553 quomodo
798 485 823 540 si
853 486 881 541 in
909 501 971 542 vase
1002 486 1089 544 mellis
1117 490 1284 555 amnium

111 563 222 631 adicias,
245 561 339 634 utique
362 561 558 635 plenitudinem
589 562 690 620 vasculi
713 566 860 623 dulcissimi
883 568 1053 641 corrumpis,
1080 572 1152 643 qma·
1174 591 1283 635 omnen

112 645 284 704 dulcedinem
305 661 382 700 suam
405 663 437 699 en
459 645 566 700 modico
589 648 774 705 amaritudinis
796 650 893 706 amittit
912 658 939 705 et
953 649 1057 707 desinet
1068 654 1180 724 gratiam
1193 657 1281 716 melda

111 729 210 786 labere
232 727 305 801 apud
328 727 467 783 dominum
490 744 568 784 suum
591 746 633 797 eo,
654 731 728 803 quod
749 733 813 789 vitio
835 732 1020 789 amaritudinis
1033 750 1112 790 usum
1127 736 1169 792 sui
1182 739 1282 800 amisit

111 812 176 867 Nam
198 811 221 866 si
242 809 404 865 absinthium
426 827 480 866 non
510 813 636 884 iungatur
668 814 749 882 melli,
779 815 833 871 mel
865 814 943 870 dulce
975 817 1134 884 invenietur,
1167 827 1195 875 et
1216 819 1282 878 utile

112 893 159 951 liet
180 893 225 961 illi,
247 910 261 949 a
284 910 339 965 quo
362 902 546 967 comparatum
570 903 619 950 est.
664 896 744 953 Vides
767 913 849 970 ergo,
879 898 953 970 quod
979 898 1169 972 longanimitas
1200 900 1281 967 mella

111 976 217 1032 dulcior
239 984 297 1042 est,
320 983 348 1030 ct
369 985 410 1031 est
433 977 588 1033 necessaria
609 977 679 1046 lleo,
703 980 765 1052 quia
787 981 814 1034 in
835 979 882 1036 illa
906 979 1024 1049 habitat,
1057 983 1097 1038 ira
1126 991 1215 1040 autem
1237 992 1283 1043 est

110 1075 199 1115 amara
220 1066 248 1115 et
268 1058 380 1114 inutilis.
424 1058 450 1113 Si
473 1076 539 1130 ergo
562 1061 688 1133 iungatur
717 1063 937 1135 aequanimitati,
958 1080 1014 1120 non
1036 1066 1089 1121 erit
1117 1065 1190 1122 utilis
1224 1067 1280 1125 Dec

110 1142 197 1199 oratio
218 1141 299 1197 illius.
343 1140 375 1196 Et
397 1140 448 1196 dixi
471 1143 510 1197 ei:
533 1141 650 1210 domine,
671 1144 792 1201 volebam
826 1162 1005 1218 cognoscere,
1026 1164 1096 1222 quae
1123 1157 1188 1205 sunt
1208 1150 1279 1208 uras

109 1224 272 1292 iracundiae,
295 1231 324 1279 ut
345 1224 449 1297 possim
471 1224 504 1279 an
526 1223 578 1281 illis
599 1226 745 1283 abstinere.
788 1228 864 1295 dudi,
886 1229 988 1301 inquit:
1011 1230 1063 1286 nisi
1084 1231 1129 1287 illa
1148 1232 1279 1302 carueris,

109 1314 138 1364 et
157 1315 186 1364 tu
208 1315 236 1364 et
256 1307 353 1362 domus
376 1314 420 1362 tua
442 1308 559 1378 perdetis
581 1325 689 1366 omnem
711 1327 788 1384 spem
809 1311 912 1367 salutis.
956 1311 1011 1369 Sed
1028 1312 1162 1370 abiuneta
1184 1314 1218 1370 ab
1230 1330 1279 1383 εις

109 1407 160 1465 ego
181 1398 271 1446 autem
294 1397 383 1445 tecum
407 1406 474 1445 sum.
517 1389 622 1448 Caeteri
645 1409 754 1466 quoque
784 1410 878 1450 omnes
906 1393 1037 1451 emebant
1056 1394 1117 1462 illa,
1139 1396 1185 1469 qui
1206 1396 1279 1454 bona

109 1464 176 1530 lide⁸
197 1481 225 1529 et
247 1480 304 1528 toto
325 1473 414 1530 animo
437 1474 629 1545 poenitentiam
651 1476 764 1547 egerint
808 1473 874 1533 Cum
897 1477 964 1549 ipsis
991 1478 1063 1533 euim
1085 1470 1146 1534 ero⁴
1167 1485 1195 1533 et
1217 1495 1278 1535 cus·

110 1556 203 1613 todilio
227 1573 283 1612 eos.
327 1557 425 1612 omnes
450 1557 521 1611 enim
553 1556 708 1613 huiusmodi
740 1559 864 1614 liomines
894 1559 1103 1616 asanctissimo
1136 1559 1279 1618 nuntioitt

108 1656 221 1696 numero
244 1638 393 1711 proborum
417 1638 593 1711 recipiuntur.

193 1815 231 1888 (a)
253 1818 283 1875 ll.
325 1821 392 1877 Audi
415 1838 495 1890 nunc,
519 1839 588 1894 quae
611 1821 709 1878 malitia
722 1822 758 1878 sit
779 1817 944 1881 iracundiae¹
965 1822 1104 1892 calliditas,
1121 1832 1148 1880 et
1161 1825 1278 1898 qualiter

110 1918 204 1959 servos
228 1901 275 1959 llei
297 1913 432 1977 pervertat
461 1905 599 1979 nequitia,
623 1914 650 1961 et
672 1906 899 1978 quemadmodum
922 1906 982 1965 illos
1005 1905 1038 1962 ali
1060 1907 1160 1963 iustitia
1180 1907 1277 1984 abigat.

109 1984 162 2041 Sed
185 2001 240 2040 non
263 1985 345 2060 abigit
367 2005 415 2045 eos
437 1988 483 2061 qui
516 1987 589 2061 pleni
611 1997 674 2044 sunt
696 1987 774 2058 fidei,
797 2007 848 2047 uec
875 1997 964 2065 potest
989 1990 1016 2045 in
1038 1988 1090 2046 illis
1120 1991 1172 2046 vim
1201 2007 1277 2049 sunm
1333 1998 1343 2010 ’

107 2084 243 2135 exercere,
266 2071 328 2142 quia
348 2072 433 2126 virtus
456 2072 559 2127 Domini
583 2088 643 2127 cum
666 2071 721 2128 illis
744 2081 801 2144 est;
831 2074 925 2129 avertit
947 2082 1036 2128 autem
1065 2071 1124 2128 illos
1147 2075 1193 2145 qui
1216 2080 1280 2131 sunt

106 2150 178 2207 leves
199 2159 227 2207 et
248 2152 348 2226 duplici
371 2163 399 2208 et
420 2155 523 2209 incerta
537 2154 632 2208 anima.
675 2153 740 2210 Cum
755 2172 822 2228 ergo
837 2155 994 2212 huiusmodi
1011 2154 1134 2212 homines
1153 2156 1277 2224 incurrit,

106 2235 284 2290 constantiam
306 2235 413 2290 illorum
434 2236 539 2300 evertit,
560 2235 623 2290 etin
633 2251 682 2290 cor
692 2236 797 2292 illorum
808 2243 940 2309 penetrat,
962 2243 990 2291 et
1005 2251 1038 2290 ex
1053 2236 1170 2292 minimis
1193 2237 1276 2297 retus

106 2318 218 2373 maritus
240 2317 279 2372 vel
302 2316 399 2372 mulier
422 2317 535 2370 invicem
557 2316 711 2371 irascuntur
733 2333 814 2372 causa
841 2317 883 2372 rel
904 2332 998 2371 earum
1021 2331 1128 2384 rerum,
1151 2333 1221 2390 quae
1242 2318 1277 2377 st

103 2400 204 2456 victum
227 2398 415 2469 quotidianum
438 2396 592 2469 pertinent,
623 2396 663 2451 vel
693 2397 773 2451 etiam
795 2413 829 2451 ex
856 2395 973 2467 qualibet
998 2397 1105 2452 modica
1128 2399 1276 2456 occasione

104 2490 150 2537 aut
172 2481 251 2535 etiam
273 2468 425 2533 intentionc¹
448 2477 595 2533 amicorum
618 2477 705 2546 iacta,
726 2486 772 2533 aut
794 2478 827 2533 de
849 2475 952 2545 dando,
976 2484 1022 2530 aut
1045 2477 1077 2532 de
1106 2477 1277 2551 accipiendo,

103 2571 149 2619 aut
170 2561 303 2617 eiusmodi
327 2560 469 2616 simillimis
497 2558 587 2615 stultis
609 2557 700 2615 rebus.
744 2557 838 2614 Omnia
869 2558 940 2614 enim
969 2558 1036 2614 haec
1066 2557 1138 2614 latua
1159 2569 1223 2616 sunt
1250 2567 1278 2621 at

104 2645 193 2702 inania
215 2651 243 2699 et
264 2643 354 2718 inepta
385 2651 412 2699 et
440 2642 543 2699 inutilia
572 2642 658 2698 servis
687 2640 750 2709 llei;
779 2641 974 2715 aequanimitas
1005 2648 1094 2697 autem
1124 2656 1220 2714 magna
1248 2648 1277 2703 ot

105 2727 185 2783 lortis
207 2734 256 2794 est,
280 2735 306 2782 et
326 2726 440 2783 validam
463 2734 490 2783 et
510 2726 639 2800 grandem
660 2726 785 2781 virtutem
813 2724 943 2799 possidet,
976 2732 1003 2780 et
1034 2730 1076 2780 est
1107 2739 1217 2797 semper
1248 2725 1276 2783 itt

105 2809 251 2867 securitate
269 2809 416 2866 hilaritatis
440 2817 466 2866 et
489 2809 515 2865 in
538 2807 713 2882 amplitudine
735 2809 777 2863 sui
800 2806 961 2882 composita,
983 2806 1052 2863 laeta
1075 2812 1102 2863 et
1123 2805 1225 2876 hilaris,
1247 2814 1276 2865 at

106 2917 260 3004 ἇπσπλανᾷ
282 2915 349 2992 τοὺς
370 2914 522 2999 διψύχους.
555 2914 651 2980 Ὅταν
677 2911 732 2998 γὰρ
753 2915 802 3002 top
823 2911 892 2989 τοὺς
918 2911 1067 2988 τοιούτους
1096 2910 1278 2996 teopompi

106 3000 337 3076 εὐσταθοῦντας,
367 2999 561 3085 παρεμβάλλει
581 2995 686 3080 ἑαυτὴν
714 2999 755 3073 είς
782 2994 836 3079 τὴν
863 3000 987 3079 καρδίαν
1013 3003 1067 3060 τοῦ
1097 2993 1276 3103 ἄνθρωπον·

105 3086 155 3152 καλ
176 3083 268 3159 οὕτως
288 3088 469 3166 πικραίνεται
489 3082 648 3166 ἅνθρωπος
669 3081 765 3146 taenea
783 3085 927 3163 βιωτικῶν
946 3076 1130 3164 πραγμάτων,
1151 3106 1170 3162 η
1187 3083 1278 3160 φίλων

104 3165 192 3244 τινὸς,
213 3167 233 3250 ἢ
254 3170 319 3248 περί
341 3167 449 3244 δόσεως
468 3169 518 3231 καλ
538 3167 663 3250 λήψεως,
685 3162 706 3246 ἢ
726 3190 762 3229 πε
781 3161 946 3229 isernoros
966 3170 1078 3248 μιαρῶν
1091 3160 1276 3265 πραγμάτων.

110 3257 207 3316 Ταῦτα
234 3248 329 3314 πάντα
360 3249 443 3333 popei
464 3253 540 3315 ἐστιν
559 3250 610 3314 καί
628 3245 699 3313 κενὰ
727 3192 779 3312 eal
798 3245 954 3331 ἀσύμφορα
984 3255 1046 3324 τοῖς
1076 3249 1193 3324 doctore
1223 3253 1277 3315 rod

109 3339 194 3399 Θεοῦ.
235 3331 272 3396 Ἡ
291 3334 324 3397 dl
344 3337 533 3418 μακροθυμία
554 3329 659 3417 μεγάλη
682 3330 740 3395 lori
760 3333 810 3396 καί
831 3330 929 3414 ὀχυρὰ,
951 3333 1054 3413 ίχονσα
1074 3328 1129 3412 τὴν
1150 3327 1276 3414 δύναμιν

107 3415 225 3501 ἰσχυρὰν
245 3419 296 3482 καί
315 3419 487 3499 καθημένην
507 3418 539 3481 ἐν
556 3421 713 3499 πλατυσμῷ
734 3412 854 3502 μεγάλην·
878 3412 981 3498 ἱλαρὰ,
1002 3413 1205 3497 ἇγαλλιοομίνη,
1226 3414 1277 3481 καί

156 3656 183 3720 3)
203 3657 236 3706 lta
255 3657 313 3714 lat,
333 3653 426 3707 Quoties
446 3653 504 3700 caim
524 3650 580 3700 Fali.
593 3650 627 3698 St.
648 3665 671 3713 p.
707 3655 777 3698 notae
796 3648 842 3697 isto
861 3661 932 3695 seusu
948 3652 1078 3708 usurpatur
1093 3659 1121 3694 et
1135 3643 1274 3699 dcllnitlont

106 3723 168 3786 vulg.
191 3724 281 3778 Oriotics
300 3727 385 3770 uatem.
421 3718 485 3767 ldem
504 3719 584 3768 initiet
602 3732 627 3765 se
648 3717 672 3764 in
707 3713 756 3763 Cic.
775 3715 796 3764 2.
817 3714 906 3763 lavent.
926 3711 966 3760 st.
984 3711 1116 3775 Amplitudo
1136 3719 1170 3762 cst
1188 3721 1274 3778 poten·

106 3793 176 3840 corda
195 3792 317 3839 tonitrium.
343 3788 368 3835 ln
388 3786 437 3834 l’el.
458 3792 533 3835 estet
553 3800 582 3833 ec
599 3785 671 3832 mini·
707 3785 763 3839 tine,
786 3789 825 3829 cut
845 3780 995 3841 maiestatis,
1015 3785 1055 3828 out
1074 3780 1173 3829 aliorum
1192 3782 1274 3843 copia·

106 3860 149 3905 inis
167 3860 235 3906 retus
253 3863 308 3919 pet
327 3856 354 3902 de
372 3853 454 3902 nitito.
479 3853 539 3902 Dein
556 3867 598 3915 pro
615 3867 670 3900 cos·
706 3864 757 3897 rum
772 3847 1022 3908 owpaoctuottuatic.
1040 3844 1274 3896 incontinent.

106 3928 164 3973 victo
183 3930 223 3973 eut
241 3939 284 3985 pro
302 3923 350 3971 utto
366 3921 445 3982 utiquo
461 3920 672 3984 absqnesq.sorte
708 3915 841 3977 Amplitudo
862 3914 941 3963 iatmt.
967 3912 1015 3962 Clr.
1040 3909 1206 3975 πλατυσμὸς
1223 3911 1273 3960 lul

105 3991 170 4049 liat,
189 3999 237 4039 tum
264 3992 344 4053 utiquc
364 3989 455 4045 amico,
482 3995 505 4035 et
531 3988 558 4034 dc
585 3987 621 4034 liis
647 3999 672 4048 p.
709 3980 782 4030 Clam.
800 3980 867 4029 dom.
885 3979 916 4030 ad
935 3980 989 4031 Cor.
1009 3996 1029 4030 o.
1047 3979 1071 4029 3.

135 4060 212 4107 citis.

105 4073 133 4121 W
156 4125 184 4183 ll
201 4125 360 4187 Animequitoa
379 4124 439 4170 enim
459 4129 480 4170 et
497 4120 576 4169 noddo
587 4133 611 4182 p.
628 4117 673 4166 Ac-
759 4114 786 4177 8)
807 4114 891 4163 troam
907 4115 976 4176 fidem
994 4112 1043 4163 Pal.
1075 4176 1080 4190 .
1239 4178 1243 4189 .

107 4194 248 4255 qunoimitns
266 4198 344 4239 cutem
360 4190 441 4238 aalide
460 4194 493 4236 est
507 4187 570 4244 tat,
588 4191 673 4247 postea
758 4180 788 4244 l)
805 4196 858 4230 cero
870 4181 955 4231 cratin
966 4180 1023 4238 Pal,
1040 4177 1081 4227 ubi
1095 4178 1137 4226 int
1150 4176 1272 4228 custodibo

107 4264 127 4306 et
147 4260 253 4308 sedetis
280 4257 456 4319 amplitudinem
473 4266 581 4314 maguam
598 4251 675 4311 lotari
709 4248 816 4300 ollendit

106 4327 198 4388 inpure
216 4326 320 4387 pandens
340 4323 392 4371 sine
411 4323 435 4369 io
454 4318 606 4368 anteomoic.
626 4315 674 4366 tex
759 4316 818 4379 Cap.
837 4316 865 4365 ll.
903 4314 927 4377 l)
947 4314 1059 4363 Fortasse
1077 4316 1100 4361 et
1126 4309 1273 4363 addendum

107 4393 236 4456 amplitudo
255 4406 268 4440 a
288 4387 447 4453 scriptoribus
459 4397 555 4451 quoque
569 4383 674 4451 optimae
760 4382 788 4447 2)
809 4384 951 4433 mentionem
969 4378 1037 4443 prius
1055 4377 1106 4430 ru.

1242 4578 1353 4595 Α.
