2886 4882
278 229 417 301 amasa
434 228 574 297 aaaron.
617 232 713 291 arnan
735 234 754 290 1.
797 233 887 293 vasto
905 235 950 301 att
969 232 1016 311 tt)
1166 234 1227 299 ean

139 389 220 464 (Μ.
251 394 364 462 Quando
387 403 477 452 autem
499 398 738 472 emseaitloqueos
757 415 872 468 mecum,
893 410 1025 459 venerunt
1038 419 1086 461 ser
1099 405 1156 470 viri,
1179 407 1225 478 qni

57 474 238 535 aedificabant
259 486 369 534 turrem.
410 478 442 534 Et
463 480 583 538 tulerunt
604 498 663 538 eam
679 482 706 537 in
723 489 834 555 turrem,
860 489 888 539 et
909 480 952 538 alii
968 492 1096 556 quattuor
1107 484 1228 545 trdmunt

57 551 215 617 scamnum.¹
256 560 359 617 ilerum
381 578 527 634 personam
557 580 612 620 uon
640 564 709 632 vidi,
739 565 867 638 quoniam
895 565 982 621 aversi
1012 574 1096 623 erant.
1139 569 1227 628 danto

56 649 144 701 autem
179 633 236 700 itta*
269 643 488 719 interrogabam,
521 654 551 701 ut
580 647 644 702 milri
677 646 812 705 revelaret
845 648 877 703 do
910 642 999 703 tribus
1028 651 1169 721 personis,
1197 652 1228 709 in

56 725 155 800 quibua
177 726 244 782 milri
266 727 363 799 paruit
406 726 478 793 Quae
501 729 672 801 respondens
695 730 761 786 disit
783 730 864 785 mihi:
894 728 928 786 de
958 730 1000 788 lais
1024 738 1120 804 postea
1141 732 1226 789 debes

56 809 289 883 aaeintorrogare,
311 818 341 865 ut
361 809 410 879 tibi
433 810 573 867 reveletur.
616 811 677 867 Visa
700 813 771 868 enim
787 812 853 868 mibi
866 819 918 879 est,
932 810 1039 880 iratres,
1060 813 1147 886 prima
1169 816 1226 888 qui·

57 891 242 962 demptisioua
265 892 390 949 annotina
413 894 478 948 satis
502 893 604 960 senior,
624 903 651 949 et
663 911 746 967 super
769 895 899 951 cathedra
912 895 1020 951 sedens.
1063 896 1122 951 ntia
1137 905 1226 953 autem

55 974 159 1030 risione
186 973 283 1032 faciem
311 974 415 1031 iuvenis
438 974 569 1043 babebat,
599 960 721 1032 ceruem⁸
742 985 831 1034 autem
854 983 881 1033 et
905 977 1020 1050 capillos
1042 979 1173 1048 senioris,
1199 987 1228 1036 et

56 1054 132 1114 stans
152 1056 315 1129 loquebatur
336 1057 417 1125 mibi3
439 1056 551 1114 hilarior
572 1067 660 1116 autern
683 1067 741 1115 erat
760 1077 842 1132 quam
864 1068 934 1116 aute.
976 1060 1065 1116 Tertia
1078 1069 1165 1118 autem
1188 1064 1226 1119 ri-

56 1138 134 1198 sictto
153 1139 210 1196 visa
230 1148 273 1196 est
293 1139 358 1196 mibi
379 1148 434 1197 tota
458 1141 561 1196 iuvenis
582 1149 611 1198 et
632 1141 752 1199 lormosa
773 1143 884 1216 specie,
904 1142 1095 1215 columnatam
1112 1145 1229 1217 capillos-

56 1221 172 1279 scaioris
194 1220 318 1278 babebat.
360 1222 459 1279 llilaris
481 1230 569 1279 autem
592 1224 618 1279 in
642 1222 795 1281 decuteret
815 1234 843 1282 et
863 1226 1225 1298 superscamnumsedens.

56 1303 172 1376 l’ropter
196 1303 249 1376 boe
271 1304 337 1361 satis
359 1305 445 1361 tristis
468 1322 557 1370 eram,
586 1313 615 1361 ut
637 1323 832 1379 cognoscerem
853 1307 999 1379 visionemj
1013 1308 1099 1365 istane
1141 1309 1226 1366 Video

57 1387 147 1459 itaque
174 1386 309 1442 seniorem
340 1379 437 1459 ipsem⁴
466 1389 490 1442 iu
520 1388 625 1445 risione
652 1389 788 1447 dicentem
818 1389 900 1444 milri:
929 1390 1017 1447 omnis
1046 1391 1223 1466 interrogatio

56 1460 221 1524 bumilitate⁶
242 1485 312 1542 opus
335 1469 424 1525 habet,
467 1470 553 1525 Crede
575 1487 642 1543 ergo
665 1479 692 1527 et
713 1471 840 1544 accipies,
862 1471 936 1545 quod
959 1473 1067 1544 quaeris
1089 1472 1122 1527 ad
1136 1473 1224 1530 llomi·

55 1564 126 1616 snm.
169 1549 285 1609 ieiunam
307 1567 360 1607 nna
383 1544 447 1608 die.⁸
490 1552 522 1607 bt
549 1552 605 1626 ipse
636 1560 717 1609 nocte
744 1553 818 1608 risus
841 1561 884 1609 est
907 1554 1009 1609 iuvenis
1030 1558 1060 1609 et
1091 1555 1128 1610 ait
1158 1557 1224 1612 mibi

55 1633 181 1706 moniam
202 1640 232 1690 tu
254 1632 304 1691 s'nb
324 1651 406 1690 masau
436 1635 569 1708 petiturus
593 1653 623 1691 es
644 1635 763 1691 visiones
785 1636 813 1690 iu
834 1652 926 1709 prece,
949 1636 1063 1693 udone
1088 1637 1154 1693 satis
1175 1640 1222 1712 pec

55 1723 115 1772 teus
137 1716 239 1772 doceas
259 1718 334 1772 carni
353 1710 434 1774 tatas-²
478 1716 623 1774 Suldciunt
644 1718 692 1774 tibi
712 1717 832 1775 visiones
847 1718 929 1774 istae:
950 1734 984 1774 ns
998 1726 1076 1792 putes
1093 1719 1224 1777 tortiores

54 1797 174 1853 visiones
196 1796 248 1866 bis,
270 1797 368 1871 qnibns
389 1800 489 1867 vidisti,
509 1801 610 1857 ridere.
652 1800 831 1875 Respondeas
852 1808 942 1856 antem
965 1800 1017 1856 diri
1041 1801 1083 1857 ei:
1105 1801 1228 1872 dominat

55 1879 109 1935 boe
124 1878 211 1935 solum
226 1894 327 1954 quaero
341 1880 377 1938 de
392 1884 479 1941 tribus
500 1882 595 1940 lorrnis
616 1884 788 1957 praedicatae
812 1883 939 1950 senioris,
963 1891 993 1938 ut
1012 1882 1081 1939 visio
1102 1885 1226 1957 perlecta

56 1959 112 2016 bet.
155 1961 335 2037 Respondeas
357 1973 445 2022 aomar
467 1966 532 2022 dixit
553 1966 635 2022 mibi:
658 1982 738 2039 qnam
762 1966 807 2022 diu
829 1966 959 2022 insensati
981 1966 1067 2021 estisl
1109 1966 1175 2024 llam
1197 1975 1228 2024 et

55 2043 208 2101 dubietates
237 2046 350 2110 restrae?
373 2049 448 2121 ipsae
478 2065 525 2105 voa
556 2050 709 2106 insensatos
745 2048 862 2116 lacinnt,
884 2055 912 2104 et
939 2046 1013 2121 quod
1041 2064 1097 2104 non
1124 2048 1227 2107 habea-¹

56 2126 90 2182 tie
112 2143 161 2183 cor
181 2137 300 2185 vestrum
323 2137 445 2203 paratum
466 2131 499 2186 nd
521 2132 671 2187 bominum.
713 2129 890 2203 despondeas
907 2128 1035 2186 diai'illir
1057 2148 1072 2186 a
1092 2138 1120 2188 te
1134 2141 1224 2190 autem

57 2207 166 2267 domine
188 2211 344 2285 diligentius
367 2224 397 2268 ea
419 2228 589 2284 cognoscere
609 2213 748 2268 debemus.

137 2353 225 2427 (nllll.
267 2360 352 2427 dudi,
375 2359 475 2431 inquit,
505 2360 539 2415 do
567 2359 678 2425 termis,
709 2353 772 2426 [de]
815 2357 916 2429 quibus
937 2358 1099 2432 interrogas.
1132 2360 1223 2421 Prima

58 2440 168 2513 quidem
190 2439 293 2494 visione
322 2447 436 2513 propter
464 2440 528 2512 quid
559 2440 651 2496 senior
673 2439 722 2495 tibi
743 2439 868 2511 apparuit
896 2439 923 2495 iu
950 2438 1078 2497 eadredra
1104 2440 1222 2500 rodensi

56 2520 186 2590 Quoniam
208 2515 331 2593 spiritus¹
354 2523 448 2578 senior
469 2530 497 2578 et
521 2522 644 2593 fatigatus
668 2529 695 2576 et
716 2535 769 2575 uon
794 2520 897 2576 hebens
927 2520 1055 2575 virtutem
1077 2538 1092 2576 a
1111 2522 1224 2580 luxuriis

55 2605 154 2660 restris
176 2610 204 2658 et
225 2603 417 2661 dubietatibus.
460 2602 537 2661 Sicut
558 2612 647 2661 antem
669 2602 793 2660 seniores
817 2619 870 2658 nou
893 2601 1025 2658 babentes
1045 2620 1121 2676 spcm
1144 2622 1223 2662 reno·

55 2687 112 2742 vari
134 2686 201 2741 nihil
225 2685 298 2742 aliud
320 2695 446 2761 sperant,
469 2688 495 2742 ui
517 2679 706 2743 dormitionem
726 2687 878 2759 propriam:
908 2685 948 2740 sic
969 2691 997 2739 et
1014 2701 1063 2741 vos
1085 2686 1187 2760 fatigati
1208 2704 1224 2745 a

55 2767 226 2825 secularibus
245 2770 351 2827 actibus
372 2770 521 2827 tradidistis
543 2785 591 2826 ros
613 2766 793 2825 anxietatibus
814 2774 841 2824 et
861 2783 917 2824 non
934 2766 1089 2841 proiecistis
1102 2770 1225 2828 solicitu-

56 2851 145 2907 dinem
165 2862 282 2908 vestram
304 2854 330 2908 iu
356 2852 512 2920 bominum3
539 2852 588 2908 sed
611 2851 724 2907 obtusus
749 2858 791 2906 est
818 2866 916 2906 sensus
944 2856 1036 2906 vester
1056 2859 1084 2907 et
1103 2846 1224 2910 veteres'

56 2933 118 2990 laeti
140 2935 206 2990 eatis
229 2935 256 2990 in
285 2935 495 3010 cogitationibus
516 2935 622 2992 restris.
662 2933 695 2991 bt
715 2932 770 2989 dixi
792 2932 832 2991 ei:
860 2939 973 3006 propter
1006 2933 1071 3006 quid
1100 2951 1166 3009 ergo
1196 2937 1223 2992 in

56 3015 186 3073 cathedra
214 3017 337 3086 sederat,
366 3018 429 3075 volo
458 3032 628 3090 cognoscere
656 3015 773 3072 domine.
816 3014 866 3082 Qui
895 3014 960 3070 dinit
984 3015 1065 3071 mihi:
1096 3019 1224 3089 quoniam

57 3098 147 3155 omnis
162 3106 305 3172 aegrotans
327 3103 355 3157 in
376 3101 504 3157 cathedra
528 3099 605 3156 sedet
626 3104 741 3172 propter
761 3096 959 3170 aegritudinem
980 3111 1066 3165 suem,
1087 3106 1117 3154 ut
1137 3101 1223 3156 conti

56 3189 154 3238 nestor
176 3181 346 3238 imbecillitas
368 3184 493 3256 corporis
514 3183 583 3239 eius.
625 3179 714 3237 Habes
735 3179 849 3237 lormam
869 3179 982 3236 visionis
1002 3181 1113 3254 primes.

113 3408 155 3471 ta)
175 3408 371 3465 drodmanniae,
390 3422 442 3455 roc.
461 3408 552 3455 cisione
571 3413 624 3455 autc
707 3403 736 3466 3)
755 3404 919 3454 oceidinsl'at
945 3405 1065 3455 Fortassis
1083 3410 1223 3456 anxietates.

57 3477 214 3526 revelationes
233 3483 358 3537 expuncto.
710 3470 737 3535 4)
755 3487 880 3521 comesses
900 3471 949 3520 Vnt

111 3543 151 3604 13)
172 3544 300 3592 Videorne
320 3543 416 3590 cirillum
437 3541 486 3589 Vnt.
712 3537 738 3599 5)
757 3540 853 3598 inamata
872 3538 922 3585 Vet.

110 3608 152 3671 14)
169 3609 202 3659 ¹¹³
222 3608 272 3658 Μ·
291 3608 349 3667 vm,
366 3609 410 3657 Μ’
429 3607 492 3668 '¹¹¹⁸'
709 3636 766 3700 Cep.
786 3638 813 3686 ll.
850 3634 875 3698 l)
893 3635 919 3684 ln
937 3635 987 3686 Pal.
1010 3635 1145 3688 enunciatio
1170 3637 1224 3689 lau·

114 3674 157 3736 ¹5)
177 3676 239 3738 dm
256 3675 305 3723 vn·
657 3710 725 3764 guel:
743 3710 763 3752 st
782 3705 884 3753 tolerarat
903 3717 954 3751 eom
971 3705 997 3753 itt
1013 3718 1041 3754 ets
1059 3711 1080 3754 rt
1099 3706 1222 3769 adigam·

112 3739 153 3802 ¹⁶)
171 3741 241 3789 vm·
273 3741 333 3788 ⁰¹⁶⁰
364 3741 388 3819 Ψ
414 3742 464 3790 m
487 3742 622 3818 in⁸⁶⁸⁸⁰¹9⁸
657 3778 708 3820 tuor
727 3772 827 3819 tolerant
851 3783 986 3819 aromatum·
1010 3777 1033 3820 et
1051 3771 1222 3823 toleraturum

58 3820 118 3868 acs,·
136 3822 188 3855 cum
201 3804 286 3855 eodem
299 3807 392 3856 debetis
404 3822 429 3870 p.
438 3807 623 3869 vulgltobectas.
662 3838 666 3847 ·
977 3807 982 3823 ¹

112 3875 153 3938 Π)
172 3871 274 3922 Praetuli
293 3872 420 3922 lectionem
431 3874 480 3922 Vnt.
496 3888 624 3937 eognosca-
657 3852 683 3885 ”⁸
701 3843 772 3887 lum·

709 3902 736 3968 2)
754 3902 820 3951 idom
839 3909 890 3951 eret
909 3902 933 3951 in
952 3903 1001 3953 Pel.

59 3956 110 3992 mos
127 3941 189 4003 ralg.
208 3954 380 4002 cognoscemus.
707 3968 734 4030 3)
752 3984 820 4018 cmg
837 3968 887 4017 pat.

112 4040 169 4103 Cap.
190 4041 227 4090 lll.
264 4041 289 4103 1)
305 4043 382 4103 priori
398 4057 422 4105 p.
440 4045 465 4091 im
481 4044 557 4106 primo
574 4040 625 4087 Vet.
710 4034 878 4100 iJipsePal.

111 4108 137 4171 2)
155 4109 189 4158 lte
208 4108 258 4157 llat
284 4114 308 4156 et
327 4109 383 4159 aaa.
403 4110 438 4159 St.
461 4123 484 4172 p.
511 4104 623 4156 cotelerii
709 4100 736 4162 5)
754 4103 907 4152 bumilitatem
922 4103 973 4153 Pal.

61 4176 141 4235 etiarn,
156 4189 216 4237 guae
234 4174 307 4224 lectio
326 4185 428 4227 mentem
439 4172 566 4237 scriptoris
575 4186 624 4220 aon
709 4169 736 4230 6)
754 4171 818 4231 Lege
837 4169 918 4233 potius
934 4185 1004 4219 enom
1021 4170 1090 4218 diem.

59 4238 147 4289 reddit
171 4239 217 4290 Via.
235 4242 259 4303 2,
275 4242 300 4292 t.
323 4242 454 4294 senectutis
479 4254 550 4289 causa
574 4244 626 4288 erat
711 4236 738 4298 'lt
756 4252 847 4286 comem
864 4242 927 4286 tuom
945 4235 995 4284 Pal.

60 4305 192 4358 ecclesiast
208 4311 319 4372 cadmiam
337 4313 440 4362 omnium
455 4308 532 4372 prima
546 4306 625 4354 creola
710 4301 768 4367 Cap.
785 4304 821 4353 xl.
859 4302 884 4365 1)
902 4304 987 4365 spirits
1001 4298 1054 4353 rat.

60 4382 103 4424 est.
709 4369 737 4435 2)
753 4373 839 4422 ceteris
858 4368 908 4419 Pel.
939 4432 944 4441 ¹

1143 4462 1372 4602 ι
