2886 4882
304 215 329 274 1.
351 214 545 275 flammis
565 217 608 274 tu
632 217 704 275 COR.
732 218 916 276 1111111111.
939 216 1027 280 xxvt.
1047 216 1148 275 xxvu.
1281 213 1320 277 ’13

143 382 213 440 mv.
256 383 407 440 Futurum
435 384 662 440 resurrectionen
684 385 759 443 uem
771 388 899 443 continue
920 386 998 442 nobis
1018 387 1049 442 in
1069 393 1173 444 uetera
1195 389 1320 445 ostendit·

210 501 458 567 Consideremus,
481 500 586 569 dilecti,
607 502 835 575 quemadmodum
858 502 985 558 Dominus
1015 501 1130 558 luturarn
1160 507 1318 562 resurrecti·

89 604 92 609 ·
143 605 207 643 emm
229 586 376 641 continuo
398 583 480 640 nobis
502 584 635 653 ostendat,
657 587 733 642 cirins
756 588 888 661 primitias
911 585 1051 640 bominum
1073 586 1161 642 lesuin
1183 588 1318 646 Christum

143 671 199 736 lecit,
223 670 373 724 suscitans
397 684 491 723 cuma
513 669 636 724 mortuis.
680 668 841 738 lutueaumr,
866 669 965 735 dilecti,
989 669 1224 737 resurrectionem,
1248 690 1317 745 qnae

143 755 201 809 anui
229 761 367 825 tempore
396 750 434 805 ut
477 751 538 806 llies
567 760 594 807 ot
623 768 674 807 nox
704 754 936 811 resurrectionem
966 750 1046 806 nobis
1069 753 1228 820 ostenduam
1266 772 1318 811 nox

142 838 224 897 ¹nbat.
258 834 373 908 exurgit
405 833 479 901 dies3
508 833 564 890 abit
594 835 668 902 dies,
698 853 752 892 nox
779 839 881 911 ingruit
907 845 934 891 ot
962 836 1123 907 insequitur.
1166 836 1319 894 intueamur

142 922 236 993 lagen
261 918 415 975 seminatio
437 918 513 991 grani
527 919 664 990 quomodo
689 918 742 975 liat.
785 921 917 995 Egressus
938 926 981 975 est
1002 920 1156 986 seminator,
1179 926 1205 973 et
1225 937 1317 975 semen

143 1008 286 1059 uterrarn
311 1002 396 1069 iecit,
423 1009 451 1058 et
472 1001 549 1056 iactis
572 1001 720 1058 seminibus
750 1021 818 1076 quae
841 1003 912 1059 nuda
933 1010 960 1057 et
982 1001 1057 1057 arida
1087 1002 1112 1056 in
1145 1009 1243 1058 terram
1275 1019 1318 1057 ee·

141 1087 258 1142 eidemint
288 1085 487 1142 dissolvuntur.
542 1084 640 1141 Deinde
664 1102 696 1141 ea
716 1087 894 1145 dissolutione
917 1102 1012 1159 uragna
1043 1085 1147 1141 divinae
1176 1085 1317 1159 providen-

141 1180 181 1226 tae
201 1170 336 1244 potentia
359 1185 392 1225 ea
413 1168 568 1234 resuscitat,
589 1185 619 1224 ac
642 1186 675 1225 ex
696 1187 750 1224 arno
774 1170 850 1243 plura
873 1169 948 1237 fiunt,
972 1176 1000 1224 et
1022 1168 1139 1224 lructum
1153 1168 1317 1242 producunt.

365 1299 441 1356 XXV.
483 1300 607 1358 Phoenix
629 1305 837 1358 resurrectionis
859 1310 969 1359 alost-rae
991 1304 1092 1375 imopo.

212 1418 445 1492 Contemplemur
466 1420 572 1491 signum
593 1418 730 1485 mirabile,
754 1419 828 1492 aprrod
851 1419 875 1472 in
900 1419 1022 1491 partibus
1051 1420 1180 1485 orientis,
1213 1418 1318 1474 scilieet

137 1521 158 1558 m
176 1503 283 1559 Arabia
309 1510 337 1557 et
358 1502 473 1568 viciniis,
496 1500 533 1556 lit.
573 1502 633 1556 aris
656 1511 698 1557 est
720 1519 788 1575 quae
811 1502 930 1557 Phoenix
956 1511 1073 1558 uocatur.
1116 1502 1186 1557 llaec
1202 1502 1317 1574 unigena

135 1589 254 1642 tristem
278 1601 369 1640 annos
392 1585 556 1657 quingentos
578 1586 652 1651 vivit,
676 1603 812 1658 aptatamque
832 1586 883 1639 iarn
906 1595 991 1641 morte
1022 1583 1193 1640 dissolvenda
1223 1592 1279 1651 est,
1303 1601 1317 1640 e

134 1671 229 1737 thure,
251 1668 371 1742 myrrha
389 1676 418 1723 et
438 1668 551 1740 reliquis
570 1669 735 1725 aromatibus
755 1668 872 1723 lucidum
896 1668 947 1723 sibi
971 1669 1056 1735 struit,
1080 1685 1158 1740 rprern
1181 1667 1316 1741 completo

132 1770 269 1809 annonam
296 1751 384 1824 spatio
408 1751 565 1824 ingreditur,
588 1760 615 1807 et
636 1753 713 1807 vitam
737 1752 857 1824 deponit.
899 1751 935 1806 Er
957 1769 1038 1808 carue
1059 1767 1123 1806 vero
1146 1752 1204 1807 cius
1227 1759 1317 1824 putre·

131 1837 200 1892 lacta
227 1835 338 1892 vermis
366 1835 475 1906 quidam
506 1834 642 1900 nascitur,
673 1837 718 1908 (pn
757 1834 878 1890 animalis
909 1835 1029 1892 defuncti
1060 1835 1173 1891 humore
1200 1837 1316 1891 nutritus

130 1920 293 1993 plumescit.
335 1917 427 1973 ductis
454 1924 548 1990 postea
575 1917 677 1973 viribus
706 1917 823 1973 loculum
854 1918 937 1987 tollit,
966 1921 993 1975 in
1021 1936 1075 1993 quo
1105 1935 1168 1974 ossa
1195 1920 1316 1992 parennis

130 2003 283 2060 recondita
305 2009 384 2067 sunt,
407 2016 493 2073 eaque
516 2009 625 2073 portans
648 2001 700 2057 iter
721 2017 752 2057 ex
774 1999 886 2057 draliiea
925 2005 1035 2077 regione
1064 2004 1090 2058 in
1113 2005 1264 2076 Aegyptum
1291 2011 1319 2058 et

130 2087 239 2154 urbemn
264 2100 338 2158 quae
360 2082 508 2158 Heliopolis
533 2085 640 2151 dicitur,
661 2083 776 2157 perlicit
819 2086 856 2140 dc
880 2088 1065 2160 spectantibus
1076 2085 1201 2142 omnibus
1218 2088 1315 2142 diurno

130 2180 262 2243 tempore
286 2167 431 2236 advolans,
454 2184 537 2240 super
558 2167 642 2223 altare
663 2152 733 2224 Sdlis
756 2168 799 2224 illa
823 2168 952 2239 collocat,
983 2179 1064 2242 atque
1094 2170 1144 2234 ita,
1172 2170 1244 2224 uude
1274 2186 1315 2224 ve·

130 2262 227 2321 serat,
252 2249 418 2324 regreditur.
460 2250 622 2307 Sacerdotes
645 2253 854 2308 eontinentarios
885 2261 1036 2328 temporum
1065 2252 1208 2324 diligenter
1227 2251 1316 2325 inspi-

131 2338 226 2405 ciunt,
252 2342 282 2391 et
302 2334 411 2407 impleto
433 2351 504 2393 anno
527 2335 743 2407 quingentesimo
766 2334 881 2389 rediisse
904 2335 973 2392 illam
997 2335 1175 2407 comperiunt.

259 2451 363 2522 10111.Ι
387 2468 571 2541 Resurgernns
592 2468 697 2540 igitur,
720 2468 794 2538 quod
816 2473 839 2519 et
860 2464 887 2520 S.
908 2464 1055 2537 Scriptura
1076 2471 1199 2518 testatur.

220 2587 264 2640 An
292 2601 418 2658 magnum
446 2585 527 2657 igitur
555 2593 582 2640 et
614 2580 770 2638 admirabile
801 2580 1006 2645 arbitrabimur,
1037 2579 1059 2633 si
1083 2592 1172 2633 rerum
1197 2578 1316 2634 omnium

135 2670 232 2744 opifex
256 2684 402 2741 resurgere
426 2684 474 2723 eos
496 2668 590 2733 faciat,
614 2667 660 2738 qui
683 2666 709 2720 iu
732 2664 818 2720 lionae
842 2663 905 2720 fidei
933 2661 1097 2718 eorrsrdentia
1128 2661 1254 2735 religiose
1280 2662 1316 2719 illi

136 2752 333 2819 inservierunt,
355 2767 416 2806 carm
438 2769 488 2824 per
509 2751 644 2806 volucrem
667 2749 858 2822 promissionis
881 2765 945 2804 suae
961 2745 1187 2820 magnificentiam
1209 2746 1316 2804 abunde

136 2836 221 2892 nobis
244 2833 406 2906 patelaoiatl
442 2833 511 2889 llicit
531 2835 603 2889 enim
625 2831 741 2887 alicubi:
775 2832 928 2898 ,suscitabis
951 2849 1001 2898 rue,
1025 2840 1053 2886 et
1073 2829 1227 2886 confitebor
1241 2830 1287 2887 tibi
1298 2827 1316 2904 3‘

137 2929 179 2976 et:
213 2917 341 2985 ‚dormivi
363 2925 389 2971 et
409 2926 554 2990 soporatus
577 2934 653 2984 sum3
685 2917 804 2983 surrexi,
838 2917 899 2988 (prtia
923 2926 950 2972 tu
980 2932 1084 2971 rriucnm
1107 2911 1155 2970 esf
1199 2914 1230 2969 Et
1257 2931 1315 2970 rur·
1370 2978 1372 2983 ¹

138 3019 187 3059 sus
213 3001 262 3057 lob
292 3000 371 3056 dicit:
399 3008 436 3069 ,et
458 3016 565 3055 caruem
597 3001 667 3055 hane
696 3015 783 3054 meana
814 3000 1006 3066 resuscitabis,
1037 3014 1106 3072 (perae
1133 3000 1221 3054 omma
1249 2999 1317 3055 baec

139 3102 226 3160 passa
246 3081 307 3142 est‘

140 3217 241 3274 XXVII.
282 3217 336 3290 Spe
356 3218 566 3274 resurrectionis
587 3217 791 3273 adtiaereamus
807 3215 874 3279 Deo,
898 3216 1071 3289 onauipotenti
1091 3222 1115 3269 et
1137 3216 1316 3271 omniscienti.

225 3333 283 3389 llac
311 3333 392 3407 igitur
416 3351 464 3407 spe
493 3334 573 3388 animi
600 3334 686 3388 nostri
719 3332 751 3387 ad
775 3347 835 3386 oum
858 3331 1073 3404 adstringantur,
1096 3332 1142 3405 qui
1166 3331 1253 3387 lidelis
1275 3339 1318 3387 est

141 3419 168 3474 in
194 3417 438 3490 promissionibus,
461 3426 489 3473 et
511 3417 597 3472 iustus
621 3417 646 3470 in
672 3416 787 3471 iudiciis.
831 3414 879 3482 Qui
902 3415 1007 3470 mentiri
1031 3415 1127 3484 vetuit,
1155 3414 1239 3472 multo
1269 3415 1317 3470 mi·

140 3580 184 3629 27.
206 3577 325 3628 Pbilustr.
344 3578 368 3626 V.
388 3578 413 3626 il.
431 3576 459 3633 ³,
481 3578 520 3627 111.
551 3578 629 3626 Tzetz.
653 3575 713 3625 Clril.
749 3574 851 3640 (1851),
875 3590 898 3638 p.
917 3575 964 3626 451
983 3591 1036 3640 sqq.
1061 3576 1200 3639 Hilgenfeld
1217 3577 1233 3626 l.
1252 3593 1272 3627 c.
1292 3593 1316 3643 p.

140 3650 172 3706 5,
191 3646 240 3696 3117
260 3661 314 3710 sqq.
341 3645 401 3693 Plin.
427 3646 454 3694 ll.
481 3646 508 3694 N.
536 3647 577 3703 to,
598 3644 620 3693 2.
645 3643 713 3691 tls-id.
748 3645 788 3692 bl.
807 3651 856 3692 raot.
878 3643 914 3692 18.

141 3715 198 3763 llet.
229 3714 271 3773 ta,
294 3712 343 3763 392
362 3727 415 3776 sqq.
446 3712 530 3775 Pomp.
557 3711 609 3761 llel.
636 3711 666 3770 3,
690 3712 712 3760 8.
800 3712 826 3775 2)
845 3712 879 3760 lta
898 3711 960 3759 coni.
979 3709 1048 3769 (Iler,
1068 3707 1191 3765 διανεύει
1211 3713 1252 3761 tls.

141 3783 204 3831 Stat
227 3781 285 3829 sits.
304 3780 327 3840 2,
337 3781 360 3829 4.
379 3782 420 3829 311.
437 3807 471 3814 -
488 3780 600 3828 Boebart.
619 3779 713 3827 llieroz.

141 3850 212 3899 Tem.
231 3849 270 3898 111.
291 3864 315 3911 p.
334 3848 391 3897 809.
418 3847 566 3895 ll'ernsdorl.
593 3846 659 3894 Poet.
684 3847 712 3894 11.
799 3846 856 3910 Cap.
875 3846 952 3896 111111.
990 3846 1014 3908 1)
1034 3845 1167 3898 Cotelerius
1192 3856 1215 3896 et
1240 3847 1314 3896 Colo-

141 3918 169 3966 T.
187 3917 212 3966 3.
232 3917 323 3980 pauo.
342 3914 393 3962 vid.
412 3915 482 3963 etiarn
501 3915 612 3972 Creuzer,
633 3913 712 3976 Spurb.
747 3914 835 3963 salesius
855 3916 913 3963 baec
930 3915 1072 3977 deprompta
1083 3917 1184 3966 crodunt
1195 3929 1222 3963 cx
1236 3915 1273 3962 Ps.
1285 3914 1315 3962 27

140 3992 165 4034 et
184 3984 317 4048 llytlrolog.
340 3981 396 4030 edit.
410 3982 448 4030 111.
470 3982 496 4030 T.
510 3982 537 4031 ll.
563 3997 586 4044 p.
608 3981 667 4040 tto,
691 3988 713 4028 et
747 3983 818 4047 (18.1,
832 3984 855 4039 7,
874 3983 1040 4045 aliiesoriptu
1051 3984 1155 4046 quodam
1167 3981 1316 4044 apocrypho.

139 4053 166 4101 ll.
188 4053 205 4101 l.
224 4053 251 4100 F.
263 4050 420 4103 llenrichsen,
440 4050 469 4098 de
486 4049 611 4098 Phoenicis
633 4048 712 4096 labula
798 4049 825 4110 21
844 4050 892 4098 Clr.
911 4051 949 4098 Ps.
967 4049 991 4105 ³.
1010 4052 1033 4099 b.

140 4120 206 4185 apud
226 4120 344 4176 Graecos,
365 4118 485 4166 llomanos
504 4115 645 4180 etpopulos
664 4117 712 4164 ori·
801 4120 829 4179 3)
848 4118 898 4166 lob.
927 4119 968 4175 111,
987 4118 1026 4166 25.
1046 4116 1084 4165 to.
1121 4114 1259 4175 lllcronym.
1284 4113 1313 4163 de

139 4188 241 4238 entales.
278 4184 418 4235 Perticalal
431 4192 454 4233 et
476 4184 503 4238 11,
524 4185 628 4234 Havriiae
649 4185 711 4233 toto
746 4187 792 4235 boe
812 4186 882 4235 locu:
901 4185 990 4241 ,nullus
1008 4194 1054 4233 tam
1069 4187 1151 4242 aperte
1171 4189 1227 4242 post
1243 4182 1313 4230 Chri-

138 4264 162 4305 et
185 4254 259 4305 1827.
279 4254 365 4315 Piper,
384 4252 530 4314 llytbologie
557 4255 600 4302 der
625 4252 713 4300 christ·
746 4262 821 4313 stum,
850 4267 920 4316 qaam
937 4252 982 4301 iste
1007 4258 1061 4299 ante
1080 4244 1200 4296 ernistum
1228 4248 1256 4298 de
1275 4265 1320 4299 re·-

138 4324 221 4373 lichen
234 4322 311 4370 llunst
329 4319 445 4380 (Weimar
462 4321 544 4381 tuat).
566 4322 581 4379 l,
601 4318 711 4383 llbsqq.
746 4322 896 4371 sarrreetioue
921 4319 1048 4381 loquitur!
1092 4311 1155 4371 0PP·
1184 4316 1212 4366 T.
1236 4317 1263 4366 11.
1293 4331 1317 4381 p.

139 4390 260 4448 Gaudert,
274 4387 411 4436 Zeitscbrilt
427 4389 465 4436 latr
478 4386 564 4439 lutber.
580 4385 712 4449 Theologie
747 4390 804 4438 435.
826 4389 863 4437 ed.
882 4385 982 4434 l'allurs.
