2886 4882
390 231 586 287 MARTYRIUM
608 228 715 300 (mm)
739 231 766 288 S.
788 232 921 294 ΙῦΝλΤΙΙ,
950 234 982 292 ΙΙ.
1213 231 1273 296 369

94 383 234 467 Ἰγνάτιος
241 381 335 448 εἶπεν·
346 384 364 449 δ
375 384 548 470 έμδςκύριος
556 391 582 451 εἰ
591 390 638 451 καί
648 386 803 461 άπέθανεν,
812 386 847 451 δι’
860 391 1030 472 οἰκονομίαν
1036 389 1191 471 αἰπέθανεν,
1199 393 1269 459 άλλύ

100 466 148 530 διά
157 475 246 548 τριῶν
256 466 374 551 ἡμερῶν
382 472 499 552 ἀνέστη·
524 469 965 554 οίδέύμέτεροιθεοίάπέθανον
975 472 1200 559 μένάςθνητολ,
1214 476 1270 544 ούιι

98 550 268 635 ἠγέρθησαν
280 553 311 615 δέ
323 551 363 627 ύς
374 558 447 618 θεοί.
470 553 574 619 αὐτίκα
584 563 656 639 γοῦν
670 555 744 630 Ζεύς
755 555 807 637 μὲν
815 558 847 619 ἐν
859 555 959 638 Κρήτη
981 558 1130 633 τέθαπται,
1149 559 1268 644 Ἀσκλή·

98 660 165 710 πιος
186 644 318 723 κεραυνῷ
336 640 458 718 βληθείς
478 640 509 701 ἐν
532 640 684 725 Ιιύθηνη,2
701 638 860 721 Ἀφροδίτη
883 642 914 704 ἐν
938 620 1039 726 ίίάφῳ
1059 639 1128 721 μετά
1138 644 1267 724 Κινύρου

97 720 248 796 τέθαπται,
270 718 414 802 Ἡρακλῆς
435 724 504 804 πυρί
526 719 677 803 άνήλωται.
696 722 835 786 τοιούτων
855 722 909 808 γάρ
929 731 1074 808 τιμωριῶν
1097 722 1171 800 άξιοι
1192 718 1268 805 ἦσαν

99 805 130 865 οί
147 804 215 866 θεολ
244 800 343 885 ύμοῖν,
375 806 437 868 ἐπεὶ
464 804 596 887 ἀκρατεῖς
622 808 671 869 καί
698 809 850 870 κακοποιοὶ
877 806 1007 888 ύπῆρχον
1027 808 1077 872 καλ
1103 805 1267 890 ἀνθρώπων
1345 812 1348 818 ’

99 895 239 969 φθορεῖς·
269 885 287 949 ύ
309 888 341 950 δέ
368 886 505 971 ἡμέτερος
534 888 633 970 κύριος
662 887 793 978 άνηρέθη
814 889 888 954 κατδι
909 891 1002 974 σάρκα
1023 888 1081 954 ύπδ
1101 888 1268 975 άνθριάπων

104 977 241 1051 πονηρῶν
261 969 297 1034 ού
324 971 472 1054 φερόντων
495 970 586 1036 αύτοῦ
612 971 680 1048 τούς
701 975 847 1058 ἐλέγχους,
868 983 966 1038 πᾶσαν
994 973 1156 1059 εύεργεσίαν
1182 999 1268 1058 παρε-

99 1052 211 1135 σχηκοῖς
233 1056 280 1116 καλ
304 1053 507 1137 άχαριστηθείς
536 1054 594 1120 ύπδ
616 1055 753 1124 άπίστων.
800 1056 944 1140 Τραϊανὸς
964 1053 1060 1122 εἶπεν·
1081 1057 1136 1163 ἐγώ
1158 1079 1203 1121 σοι
1215 1086 1269 1122 πα-

99 1145 200 1218 ραινῶ,
223 1138 350 1201 ἐκκλῖναι
370 1137 421 1203 τὸν
441 1139 582 1217 θάνατον,
604 1142 855 1223 καίπροσδραμεῖν
874 1170 909 1230 τη
931 1147 998 1229 ζωῇ.
1025 1139 1162 1226 Ἰγνατιος
1174 1138 1268 1205 είπεν·

100 1228 195 1295 καλῶς
213 1246 263 1301 μοι
283 1232 442 1305 παραινεῖς,
465 1215 640 1304 ύβασιλεῦ
661 1223 746 1328 φύγω
765 1223 819 1308 γάρ
841 1221 891 1289 τὸν
911 1222 1031 1288 αίιάνιον
1051 1224 1197 1301 θάνατον,
1220 1225 1269 1289 καλ

98 1303 273 1389 προσφεύγω
293 1308 328 1391 τῇ
350 1309 458 1392 αἰωνίῳ
479 1312 546 1394 ζωῇ,
595 1315 738 1391 Τραϊανος
754 1304 849 1371 εἶπεν·
873 1309 922 1372 καί
943 1306 1029 1372 πόσοι
1051 1311 1105 1372 εἰσὶ
1126 1306 1267 1387 θάνατοι;

96 1385 235 1471 Ἰγνάτιος
256 1385 349 1452 εἶπεν·
380 1389 448 1453 δύο’
478 1387 568 1471 ύμέν
588 1389 778 1473 πρόσκαιρος,
808 1388 876 1454 ύδέ
904 1390 1037 1465 αίιύνιος·
1068 1391 1144 1456 ούτω
1166 1391 1197 1454 δέ
1219 1393 1268 1455 καί

103 1473 171 1546 ζωαί
192 1472 262 1534 δύο·
283 1470 304 1552 ἦ
325 1472 376 1554 μέν
397 1472 603 1556 ὀλιγοχρόνιος,
622 1472 644 1554 ἦ
665 1474 696 1536 δέ
718 1471 842 1548 αίάνιος.
891 1471 1033 1556 Τραϊανὸς
1054 1471 1146 1539 εἶπεν·
1169 1481 1267 1538 θῦσον

100 1563 161 1630 τοῖς
181 1563 264 1630 θεοῖς
290 1558 338 1618 καλ
360 1555 411 1633 τάς
431 1561 568 1638 τιμωρίας
588 1559 733 1620 έκκλινον·
765 1556 801 1620 ού
832 1554 886 1640 γάρ
918 1553 947 1620 εί
973 1555 1010 1620 σύ
1035 1564 1088 1638 τῆς
1115 1559 1268 1641 γερουσίας

100 1636 232 1718 άμείνων.
268 1637 408 1722 Ἰγνάτιος
426 1638 518 1705 εἶπεν·
539 1643 636 1714 ποίοις
657 1648 740 1714 θεοῖς
760 1641 856 1714 θέλεις
876 1638 980 1718 θύσας
1002 1646 1041 1724 τῷ
1054 1643 1199 1725 δεκατρεῖς
1214 1647 1268 1723 μῆ-

100 1748 152 1797 νας
173 1720 222 1784 διά
242 1727 371 1825 μοιχείαν
392 1725 423 1787 ἐν
443 1728 525 1811 πίθῳ
547 1725 756 1807 κατειρχθέντις
784 1722 804 1805 η’
825 1731 865 1810 τῷ
886 1725 1074 1809 πεπεδημένῳ
1098 1721 1150 1799 τάς
1171 1721 1270 1805 βάσεις

100 1813 194 1890 χαλκῷ
200 1835 209 1884 ;
237 1832 256 1886 η
278 1813 317 1890 τῷ
340 1805 527 1890 ἀστοχήσαντι
548 1815 599 1890 τῆς
620 1815 760 1890 μαντικῆς
780 1808 829 1870 καί
849 1803 908 1871 ύπδ
935 1806 1074 1892 γυναικδς
1100 1808 1267 1889 νικηθέντες

100 1887 180 1974 ἢτῳ
209 1886 267 1952 ύπδ
294 1887 423 1955 Τιτάνων
455 1892 643 1978 διασπωμένῳ
674 1889 857 1979 οἰνιλρογύνῳ,Ι
893 1888 913 1972 ἢ
940 1899 1001 1965 τοῖς
1028 1890 1064 1954 τά
1090 1897 1142 1954 τοῦ
1160 1888 1268 1956 Ἠλίου

101 1971 306 2053 οίκοδομήσασι
328 1979 404 2058 τείχη
426 1978 475 2039 καλ
495 1975 546 2040 τδν
568 1974 676 2057 μισθὸν
698 1973 954 2058 άποστερηθεῖσινς
974 1972 995 2055 ἢ
1015 1983 1078 2049 ταῖς
1098 1972 1133 2038 τά
1153 1972 1269 2056 ἀνδρῶν

101 2057 169 2138 έργα
191 2059 392 2138 μιμουμένοις,
415 2057 449 2122 τά
471 2061 502 2123 δέ
528 2067 585 2124 τῶν
608 2066 755 2143 γυναικῶν
776 2060 845 2143 ἔργα
872 2059 1097 2162 ἐκλαθομέναιςς
1129 2060 1268 2139 αἰδοῦμαι

101 2141 190 2223 λέγειν
210 2140 302 2216 θεούς
329 2142 435 2244 γόητας
462 2145 511 2206 καί
532 2153 657 2226 φθορεῖς
678 2145 792 2206 παίδων
819 2141 869 2205 καλ
889 2166 1008 2223 μοιχους
1028 2145 1069 2215 εἰς
1101 2137 1186 2206 ἆετδν
1207 2142 1267 2204 καῖ’

100 2230 208 2307 ταῦρον
229 2226 278 2287 καί
298 2247 404 2307 χρυσον
433 2227 482 2288 καλ
508 2224 616 2289 κύκνον
637 2228 686 2289 καί
707 2223 868 2305 δράκοντα,
897 2223 938 2297 οἷς
958 2219 1040 2303 ὑμεῖς
1060 2222 1165 2306 λέγετε,
1187 2247 1266 2304 μετα·

100 2307 303 2388 βαλλομένους,
326 2305 382 2371 ούκ
403 2306 451 2370 ἐπ’
476 2305 582 2392 άγαθῷ
603 2307 667 2378 τινί,
689 2303 751 2368 ἄλλ’
776 2307 825 2368 έπλ
844 2304 971 2369 διαλύσει
990 2303 1147 2410 ἀλλοτρίων
1158 2305 1268 2389 γάμων,

101 2387 153 2465 οὓς
174 2393 259 2472 έχρην
278 2389 500 2470 βδελύττεσθαι,
522 2388 587 2469 ούχλ
608 2388 640 2452 δέ
661 2388 711 2450 καλ
731 2395 913 2469 προσκυνεῖν.
934 2385 1048 2461 τούτοις
1067 2395 1150 2468 υμῶν
1171 2385 1267 2468 τύχον-

100 2499 146 2535 ται
167 2477 200 2536 αί
219 2480 366 2557 γυναῖκες,
398 2474 447 2536 ίνα
477 2471 545 2552 ύμῖν
567 2468 620 2553 τὴν
648 2467 842 2553 σωφροσύνην
870 2465 1074 2548 φυλάττωσιν.4
1123 2466 1269 2551 Τραϊανὸς

101 2553 194 2619 είπεν·
224 2552 279 2638 ἐγύ
301 2577 346 2618 σοι
366 2558 517 2636 παραίτιος
536 2562 572 2618 τῖ
574 2581 589 2630 ς
610 2555 651 2629 είς
671 2578 740 2628 τους
759 2549 851 2625 θεοὺς
876 2553 1062 2632 βλασφημίας
1079 2551 1199 2656 γέγονα,
1226 2547 1268 2633 μὴ

101 2635 287 2717 αίκισάμενύς
308 2660 346 2702 σε.
386 2636 523 2720 Ἰγνάτιος
545 2582 639 2702 είπεν·
675 2634 777 2720 ε’ίρηκά
803 2657 850 2698 σοι
877 2635 926 2698 καί
946 2632 1050 2710 πάλαι,
1078 2660 1124 2698 οτι
1150 2635 1270 2716 ἑτοίμως

102 2725 155 2803 ἔχω
176 2720 249 2802 πρὸς
269 2729 366 2785 πᾶσαν
385 2725 484 2785 αἰκίαν
504 2723 553 2786 καλ
575 2728 714 2785 παντοῖον
734 2717 869 2783 θανάτου
889 2715 1007 2800 τρόπον,
1031 2716 1130 2798 ἐπειδὴ
1152 2715 1269 2782 σπεύδω

101 2804 175 2888 πρὸς
196 2803 247 2870 τὸν
268 2804 419 2868 ἀθάνατον
440 2804 522 2870 θεάν.
559 2802 702 2888 Τραϊανὸς
724 2800 816 2867 εἶπεν
845 2799 896 2866 ἐάν
918 2799 957 2883 μὴ
978 2799 1095 2879 θύσεις,
1117 2809 1270 2885 μεταμελη-

102 2888 192 2975 θήσγ.
220 2890 290 2971 πρὶν
313 2881 366 2953 ούν
387 2899 505 2966 παθεῖν,
527 2899 625 2968 φεῖσαι
646 2894 778 2951 σεαυτοῦ.
808 2883 948 2970 Ἰγνάτιος
967 2882 1062 2950 είπεν·
1085 2889 1111 2949 εί
1131 2883 1171 2966 μὴ
1192 2887 1269 2965 ἐφει-

102 2970 197 3052 δόμην
222 2974 367 3053 ἐμαυτοῦ,
400 2975 520 3037 ἐποίουν
547 2972 563 3037 ὃ
593 2973 786 3054 προσέταττες.
841 2968 985 3052 Τραϊανὸς
1006 2965 1100 3032 εἶπεν·
1134 2977 1197 3042 ταῖς
1219 2994 1267 3047 μο-

101 3058 244 3136 λυβδίσινέ
279 3059 406 3120 αἰκίσατε
432 3056 523 3120 αὐτοῦ
550 3054 586 3120 τά
611 3055 782 3139 μετάφρενα.
832 3051 858 3115 Ἰ
874 3051 970 3127 νάτιος
1000 3049 1093 3116 εἶπεν·
1124 3049 1269 3125 ἐπέτεινάς

102 3164 160 3221 μοι,
183 3143 317 3222 βασιλεῦ,
344 3138 394 3202 τὸν
423 3143 463 3215 είς
486 3139 559 3204 θεὸν
587 3139 694 3203 πόθον.
740 3080 883 3220 Τραϊανδς
903 3132 998 3199 εἶπεν·
1027 3143 1087 3209 τοῖς
1115 3130 1197 3210 ὄνυξι
1218 3130 1269 3210 τάς

101 3221 226 3302 πλευράς
247 3221 337 3286 αύτοῦ
359 3221 533 3298 καταξάνατε
555 3225 603 3285 καί
624 3221 706 3285 άλσιν
728 3219 913 3302 άνατρίψατε.
939 3216 1077 3302 Ἰγνάτιος
1088 3213 1179 3280 εἶπεν·
1201 3215 1269 3292 ὅλος

102 3331 158 3386 μου
182 3303 199 3369 ά
220 3309 291 3379 νοῦς
311 3304 384 3387 πρὸς
406 3304 480 3369 θεὸν
501 3304 681 3386 άνατέταται,
705 3296 815 3367 καλιάν
835 3300 934 3382 πάσχω
956 3299 1042 3386 λύγον
1062 3297 1098 3364 ού
1119 3307 1268 3382 ποιοῦμαι.

106 3385 249 3470 Τραϊανὸς
270 3385 364 3452 εἶπεν·
396 3396 493 3452 θῦσον
521 3396 582 3463 τοῖς
611 3396 701 3461 θεοῖς.
741 3383 879 3469 Ἰγνάτιος
908 3381 1000 3448 εἶπεν·
1028 3382 1098 3464 τάχα
1130 3391 1191 3459 τοῖς
1210 3391 1269 3448 τοῖν

103 3475 271 3554 Αἰγυπτίων
283 3470 407 3546 κελεύεις
419 3497 453 3552 με
469 3478 562 3535 θῦσαι
573 3474 625 3551 βοῒ
634 3472 684 3533 καὶ
696 3467 803 3552 τράγου
823 3469 896 3554 ἥβχβ
905 3467 955 3530 καλ
975 3464 1095 3552 πιθὴκῳ
1105 3467 1155 3529 καλ
1168 3465 1269 3531 ιἰσπίδι

103 3553 209 3634 ίοβάλω
220 3556 269 3617 καί
281 3557 346 3617 κυνί
361 3555 462 3618 λέοντί
477 3556 526 3618 καὶ
548 3556 729 3636 κροκοδείλῳ,
750 3550 771 3631 ἢ
793 3559 833 3635 τῷ
848 3555 983 3634 Περσικῷ
996 3550 1067 3631 πυρί
1082 3547 1102 3628 ἢ
1118 3546 1269 3630 θαλάσσης

100 3620 224 3719 ύδατάῆ
247 3638 405 3724 ἐπιχθονίῳ
428 3635 603 3717 Πλάτωνιῆ
626 3634 718 3718 Ἑρμῆ
739 3635 851 3720 κλέπτη.
898 3629 1040 3714 Τραϊανὸς
1061 3627 1156 3696 εἶπεν·
1186 3628 1269 3696 είπάν

103 3741 166 3785 σοι·
188 3727 291 3785 θῦσον.
312 3728 401 3784 ταῦτα
422 3719 477 3805 γάρ
498 3741 530 3784 σε
550 3721 666 3805 λέγοντα
714 3717 765 3780 δέν
785 3713 928 3796 ὀφελήσει.
954 3712 1092 3797 Ἰγνάτιος
1113 3710 1206 3779 είπεν·
1233 3710 1268 3778 εί·

102 3801 160 3868 πάν
180 3826 242 3868 σοι·
266 3802 301 3867 ού
323 3800 398 3881 θύω,
419 3802 486 3867 ούδέ
502 3801 662 3885 άφίσταμαι
682 3807 734 3866 τοῦ
756 3806 830 3864 θεοῦ
851 3802 904 3861 τοῦ
931 3794 997 3873 ἐνδς
1026 3799 1076 3862 καί
1103 3795 1212 3879 μόνον,
1235 3793 1269 3870 δς

102 3887 237 3969 ἐποίησεν
258 3887 308 3951 τὸν
329 3885 456 3970 ούρανδν
476 3888 525 3951 καὶ
546 3885 599 3968 τὴν
619 3885 674 3971 γὴν
694 3884 756 3948 καῖ’*
782 3879 835 3963 τὴν
855 3877 1008 3945 θάλασσαν
1037 3882 1086 3944 καί
1113 3878 1207 3944 πάντα
1234 3873 1270 3940 τά

103 4007 305 4017 —0———-‚

153 4057 180 4119 2)
201 4057 235 4105 Ιίε
261 4072 307 4105 scr.
336 4056 385 4104 λὀι.
413 4057 482 4105 Forte
509 4053 540 4108 ἐν
564 4059 668 4106 Κιθιιι-
754 4052 781 4111 θλ
800 4045 900 4118 τράγω.
919 4045 961 4113 ἤβι
979 4047 1030 4097 λίοι.
1054 4047 1165 4096 Forlnsse
1176 4040 1269 4114 τράγῳ

104 4124 180 4194 ριῦνι.
703 4118 750 4168 καλ
769 4115 819 4188 ἥβη
837 4117 888 4181 (aut
908 4112 997 4181 ῖβιδι).

154 4206 182 4270 3)
202 4205 248 4254 καλ
266 4205 347 4253 addidi
366 4220 393 4252 ex
414 4205 558 4255 coniectura.
754 4186 782 4248 7)
800 4183 874 4249 ²⁰74·
891 4185 983 4234 έὲθνῐί
1000 4181 1059 4244 (ὅέέ)
1076 4180 1125 4227 vm·
1148 4178 1219 4227 F⁰s¹⁰
1232 4178 1270 4227 5¹¹·

154 4297 169 4344 4
271 4289 295 4326 ‘e
394 4296 399 4307 .
704 4251 831 4302 serendum
850 4259 886 4300 est
901 4249 955 4307 καλ,
973 4254 1013 4295 σοι
1029 4246 1182 4295 scribendum
1199 4244 1270 4309 κονλ,

172 4302 181 4358 γ
203 4298 366 4363 ηυλαςωσιν
383 4295 432 4344 λιιι.
704 4320 803 4371 Moru·

154 4385 183 4447 5)
199 4386 344 4453 μολιβέσιν
363 4386 414 4434 δἐι.
759 4386 786 4450 8)
804 4381 902 4433 Adiunxi
920 4378 965 4429 καλ
985 4379 1096 4443 copulam

171 4469 262 4516 Ιίτιικο
281 4481 364 4517 ιεοιτ.
1031 4464 1064 4514 2⁴
