2886 4882
193 250 256 314 478
367 249 505 309 usuum
526 251 666 310 emron.
707 251 805 309 rinna
830 250 860 306 n.
904 249 1046 305 ninnar.
1068 246 1122 302 xn.
1150 240 1193 316 (a)

197 421 307 494 pisccre
327 418 486 483 divitiarum,
508 407 550 472 et*
572 417 769 474 multitudinem
799 416 923 473 ciborum
955 427 1202 487 supervacuorum,
1232 417 1262 464 et
1283 409 1374 465 ebrie·

197 509 278 558 tatem
300 500 418 566 multam,
441 507 469 554 et
489 499 600 556 delicias
622 501 730 556 multas.
772 499 870 555 Fatuae
893 499 964 554 enim
985 503 1049 551 sunt
1070 495 1182 551 deliciae
1206 491 1322 558 multae,
1346 500 1376 547 et

197 584 348 656 voluptates
371 581 469 637 multae
492 598 676 655 supervacuae
699 590 763 638 sunt
783 582 869 638 servis
890 582 946 636 uei.
989 577 1062 634 llaec
1075 594 1142 650 ergo
1155 575 1289 649 cupiditas
1303 574 1374 630 mala

198 674 241 723 est
263 657 301 721 et⁸
322 664 495 736 perniciose,
517 682 587 737 quae
609 666 690 722 morti
712 666 758 722 dat
778 681 873 721 servos
895 663 950 719 Ilei.
993 662 1065 718 llaec
1093 651 1176 716 enim‘
1198 657 1335 731 cupiditas
1358 674 1374 712 a

198 746 307 804 diabolo
330 755 380 802 est
422 746 581 820 Quicunque
603 765 669 823 crgo
692 749 860 804 recesserint
881 763 895 801 a
918 746 1065 821 cupiditate
1086 742 1173 811 mala,
1195 742 1286 796 vivent
1305 739 1373 796 lieo.

198 829 264 886 llam
287 829 444 902 quicunque
460 830 576 887 subiecti
589 830 689 887 luerint
702 831 842 904 cupiditati
857 828 951 896 malae,
973 831 999 885 in
1015 834 1175 900 perpetuum
1191 824 1345 880 morientur
1355 815 1374 889 3⁵

197 912 339 969 mortifera
370 913 442 967 enim
469 921 512 968 cst
539 914 608 969 haec
637 914 771 987 cupiditas
799 912 876 969 mala.
925 913 964 967 Tu
990 927 1057 983 ergo
1084 909 1165 964 indue
1194 907 1373 980 cupiditatem

199 994 327 1063 iustitiae,
349 1000 377 1050 et
389 1003 507 1050 armatus
522 996 619 1052 timore
631 988 758 1064 llomini‚⁶
779 997 876 1051 resiste
897 994 1037 1068 cupiditati
1051 992 1143 1047 malae.
1186 991 1279 1045 Timor
1301 988 1373 1044 euim

200 1076 350 1133 habitatin
374 1077 519 1149 cupiditate
539 1071 630 1134 bona?
674 1077 707 1134 Et
727 1079 861 1151 cupiditas
881 1077 966 1146 mala,
989 1093 1050 1132 cum
1072 1074 1169 1130 viderit
1190 1081 1217 1128 tc
1240 1080 1373 1127 armatum

199 1160 296 1216 timore
320 1158 424 1214 Domini
453 1154 610 1217 resistente⁸
639 1162 705 1229 sibi,
728 1160 813 1233 lugiet
839 1178 853 1215 a
883 1168 909 1215 te
939 1160 1035 1232 longe,
1066 1166 1093 1212 et
1120 1172 1174 1211 non
1204 1154 1375 1228 comparebit

198 1250 260 1299 ente
283 1250 317 1307 te,
339 1241 436 1296 timens
458 1258 531 1298 arma
553 1251 607 1312 tua,
630 1252 657 1300 et
679 1243 814 1299 obtinebis
835 1243 984 1308 victoriam,
1007 1248 1035 1297 et
1047 1238 1222 1296 coronaberis
1240 1238 1275 1293 ob
1292 1238 1374 1305 illam,

199 1332 227 1381 et
248 1324 392 1397 pervenies
411 1323 446 1378 ad
469 1326 642 1399 cupiditatem
662 1326 770 1393 bonam,
791 1334 819 1382 et
841 1326 931 1381 trades
951 1324 1089 1379 victoriam
1112 1321 1178 1388 lieo,
1200 1338 1281 1394 quam
1295 1337 1373 1377 acce·

199 1408 284 1482 peris,
307 1413 334 1461 et
356 1409 459 1463 servies
482 1408 506 1464 ei
530 1410 677 1482 operando,
700 1410 771 1465 sicut
791 1398 932 1464 nolucris.⁰
975 1399 1026 1461 *Si
1049 1412 1139 1461 autem
1170 1403 1298 1459 servieris
1328 1419 1374 1459 cu·

199 1489 304 1564 piditati
326 1490 423 1558 bonae,
445 1499 471 1547 et
486 1485 636 1548 subditus¹⁰
657 1493 680 1549 ei
696 1492 797 1559 lueris3
818 1491 923 1564 poteris
946 1489 1079 1545 dominari
1098 1503 1182 1561 super
1195 1486 1373 1560 cupiditatem

199 1573 304 1640 malam,
328 1581 356 1628 ct
377 1573 429 1629 erit
452 1574 560 1631 subdita
580 1575 639 1644 tibi,
663 1575 735 1631 sicut
757 1575 815 1647 ipse
836 1568 973 1629 volueris‘

286 1684 326 1756 (a)
348 1687 390 1743 lll.
433 1684 573 1756 †,Vcllem¹
596 1691 683 1758 scire,
706 1690 828 1759 domine,
852 1687 1010 1762 quomodo
1040 1689 1141 1744 servire
1165 1686 1277 1743 debeam
1301 1685 1375 1759 cupi·

202 1771 276 1827 ditati
298 1767 403 1825 bonae‘
445 1764 555 1839 ,Audi‚‘²
579 1773 678 1846 inquit:
706 1773 785 1840 ‚habe
808 1773 933 1828 timorem
963 1770 1008 1825 bei
1036 1778 1064 1826 et
1091 1770 1172 1826 fidem
1201 1769 1228 1823 iu
1251 1769 1322 1836 Deo,
1348 1777 1376 1823 et

200 1853 340 1909 veritatem
363 1867 429 1919 ama,
452 1861 479 1909 et
499 1854 628 1911 iustitiam
643 1855 733 1927 dilige,
755 1863 783 1910 et
803 1854 846 1912 lac
858 1845 951 1910 bene.⁸
994 1853 1066 1908 llaec
1088 1851 1226 1926 operando
1243 1851 1375 1925 probatus

199 1934 257 1991 eris
279 1949 373 1989 seruus
397 1927 524 2002 bomini,⁴
544 1943 572 1991 et
592 1938 695 1993 servies
707 1937 779 2003 lte03
801 1946 828 1994 et
841 1954 944 2006 omnes,
967 1936 1121 2009 quicunque
1136 1935 1279 1991 servierint
1300 1935 1376 2007 eupi-

203 2015 279 2070 ditati
288 2015 383 2084 bonae,
393 2016 481 2072 vivent
495 2015 571 2076 lleo‘
591 2014 829 2082 ††Gonsummatis
843 2021 885 2076 bis
897 2019 1029 2075 mandatis
1043 2018 1187 2074 duodecim
1204 2018 1269 2073 dixit
1280 2017 1347 2072 mibi
1356 2009 1376 2071 :⁵

202 2096 297 2166 ,habes
320 2097 388 2154 baec
408 2100 541 2169 mandata,
564 2101 671 2157 ambula
692 2103 719 2157 in
739 2102 798 2170 his3
829 2111 857 2159 et
878 2103 1017 2160 audientes
1039 2101 1164 2156 homines
1192 2101 1321 2163 hortare,
1345 2109 1377 2155 ut

201 2180 397 2255 poenitentiam
412 2191 506 2255 ⁴agunt,
530 2192 557 2240 et
578 2185 746 2258 poenitentia
762 2202 857 2242 eorum
879 2185 977 2242 munda
995 2175 1052 2239 bat*
1068 2184 1181 2256 reliquis
1194 2183 1290 2239 diebus
1304 2183 1375 2238 vitae

202 2279 308 2320 eorum.
351 2262 383 2318 lit
397 2264 578 2322 ministerium
594 2268 655 2335 boc,
678 2269 752 2341 quod
766 2268 814 2324 tibi
831 2261 887 2337 do,'
909 2267 1012 2342 explica
1026 2266 1185 2340 diligentem
1219 2275 1242 2321 et
1261 2266 1376 2321 multum

203 2347 383 2419 consequeris
406 2342 545 2417 lructum,⁸
567 2358 595 2406 et
615 2351 736 2407 iuvenies
759 2352 870 2425 gratiam
893 2350 963 2424 apud
987 2366 1090 2416 omncs,
1113 2350 1159 2422 qui
1180 2348 1376 2422 poenitentiam

204 2436 285 2502 agent
306 2436 334 2485 et
354 2428 469 2486 credent
497 2432 587 2489 verbis
614 2434 678 2489 tuis.
719 2434 776 2508 Ego
806 2435 877 2490 enim
906 2442 995 2488 tecum
1029 2448 1106 2499 sum,
1136 2438 1163 2486 et
1191 2447 1285 2503 cogam
1313 2429 1376 2485 illos

203 2509 334 2569 credere!
356 2512 389 2567 lit
403 2512 455 2569 dixi
478 2515 531 2571 illi:
551 2511 736 2584 †††,domine‚
758 2518 825 2573 baec
847 2514 971 2571 mandata
984 2531 1079 2587 magna
1102 2522 1128 2570 ct
1142 2514 1281 2587 praeclara
1302 2520 1375 2580 sunt,

203 2602 232 2651 ot
253 2587 416 2651 exhilarare⁹
436 2613 487 2654 cor
510 2599 626 2655 borninis
651 2607 774 2673 possunt,
795 2600 842 2671 qui
865 2598 984 2671 potuerit
999 2597 1136 2652 custodire
1151 2596 1274 2652 mandata
1297 2595 1376 2650 haec.

204 2670 283 2733 Sed¹⁰
297 2678 400 2745 nescio,
424 2679 540 2748 domine,
563 2697 595 2736 an
619 2683 726 2753 possint
747 2681 870 2737 mandata
883 2680 950 2735 baec
964 2679 997 2735 ab
1009 2681 1117 2735 homine
1140 2675 1291 2734 custodiri‘
1319 2671 1377 2732 'Ait

203 2759 268 2816 mihi
277 2752 305 2814 :¹¹
326 2759 395 2815 hacc
414 2761 539 2817 mandata
554 2762 631 2818 lacile
651 2764 798 2831 custodies,
820 2773 848 2819 et
869 2778 924 2818 uon
946 2770 1028 2818 crunt
1044 2762 1125 2828 doru
1148 2761 1196 2817 sed
1214 2752 1262 2817 si¹²
1285 2769 1375 2816 tamen

204 2841 231 2897 iu
256 2857 304 2896 cor
328 2849 401 2897 tuum
423 2845 550 2916 posueris
571 2861 624 2900 nou
646 2861 728 2918 posse
750 2837 840 2901 baec¹³
860 2845 893 2900 ab
915 2845 1024 2900 homine
1043 2844 1183 2910 custodiri,
1207 2860 1260 2899 non
1284 2851 1376 2899 custo·

200 2922 263 2978 ¹dies
286 2915 348 2978 ea.¹⁴
389 2924 466 2981 Nunc
488 2934 578 2982 autem
601 2927 662 2982 dico
684 2927 746 2983 tibi:
776 2929 799 2982 si
829 2944 881 2982 nou
915 2926 1077 2982 custodieris
1106 2927 1173 2981 tinec
1192 2926 1317 2981 mandata
1350 2934 1379 2980 et

205 2998 363 3073 omiseris‚¹⁶
390 3024 445 3062 non
474 3009 529 3065 eris
553 3008 649 3077 salvus,
672 3025 762 3082 nequo
786 3008 832 3065 filii
856 3010 902 3078 tui,
926 3026 1013 3082 neque
1036 3008 1133 3065 domus
1148 3018 1207 3076 tua3
1230 3010 1292 3080 quia
1316 3009 1376 3080 ipse

204 3087 376 3156 indicaveris,
400 3091 473 3162 quod
495 3107 549 3146 uon
573 3093 680 3164 possint
701 3092 768 3147 baec
790 3092 913 3148 mandata
935 3091 968 3147 ab
992 3091 1100 3148 homine
1122 3088 1271 3147 custodiri!

258 3246 284 3310 2)
303 3254 325 3296 et
344 3262 392 3298 om.
409 3249 460 3296 Vat.
859 3249 916 3312 Cap.
935 3249 973 3298 lll.
1011 3248 1035 3313 1)
1056 3249 1163 3299 Volebam
1180 3249 1231 3300 lat.

233 3372 234 3376 Ἰ
257 3315 284 3377 3)
300 3314 420 3377 Copulam
438 3319 460 3362 ct
472 3314 571 3376 apllel.
580 3315 773 3379 praetermissam
856 3316 885 3380 2)
901 3318 927 3366 u
949 3317 998 3365 vm.

206 3380 300 3431 restitui
317 3396 345 3430 cx
362 3382 412 3432 Vel.
437 3381 489 3430 blox
508 3380 562 3430 dedi
581 3398 602 3430 c.
621 3381 678 3430 Feb.
697 3383 731 3432 St
750 3391 773 3431 ct
856 3381 885 3443 3)
901 3386 940 3445 soc
960 3385 1014 3431 bene
1033 3399 1060 3432 ex
1073 3384 1124 3432 Vat.
1141 3384 1285 3444 sullragnntc
1300 3380 1378 3432 Onon.

204 3446 257 3497 lat.
273 3453 344 3499 morti
364 3449 404 3500 dot
423 3463 448 3512 p.
465 3450 588 3510 mortificat
605 3449 668 3510 iulg.
806 3465 830 3513 p.
848 3451 910 3512 vulg.
927 3453 966 3512 soc
988 3452 1078 3499 bonnam.

257 3517 286 3579 4)
305 3520 388 3566 etenim
404 3533 428 3581 p.
448 3515 509 3565 llaec
526 3520 587 3566 euim
605 3516 654 3565 Vat.
859 3519 886 3580 4)
904 3519 942 3566 dei
960 3517 1018 3576 Vct,
1037 3531 1092 3565 mox
1109 3520 1149 3580 qui
1167 3531 1191 3579 p.
1209 3518 1342 3580 quiumque.

256 3582 285 3646 ὅ)
304 3586 456 3648 inperpetuo
475 3587 603 3634 moriremur
620 3584 670 3633 vat
858 3584 886 3648 5)
904 3585 960 3634 mibi
978 3598 1024 3632 om.
1043 3584 1093 3632 liat.

257 3650 285 3714 b)
304 3652 391 3700 domini
409 3654 491 3700 timore
509 3659 600 3715 trausp.
619 3651 668 3700 Vat.
859 3651 886 3714 b)
901 3653 939 3713 fiet
958 3651 1007 3700 Vnt.
1030 3651 1065 3699 Er
1083 3651 1164 3699 lioctr.
1183 3651 1213 3699 ad
1231 3651 1341 3700 Antioch.
1355 3667 1380 3700 n.

260 3716 287 3779 7)
306 3719 332 3766 iu
347 3719 500 3780 cupiditatem
518 3722 601 3769 domm
621 3718 671 3768 vat
810 3719 848 3768 13.
865 3733 891 3782 p.
909 3719 966 3768 259.

259 3783 287 3847 8)
304 3786 449 3833 resistentem
460 3784 519 3844 Vct,
532 3786 773 3848 rrbifinpitp.loqiel,
859 3785 887 3846 l)
907 3786 970 3848 quod
988 3785 1039 3834 dico
1056 3785 1100 3833 tibi
1119 3786 1148 3832 do
1167 3785 1217 3834 Vnt

207 3865 263 3901 mox
293 3852 383 3915 parebit
409 3865 433 3913 p.
459 3866 506 3900 uon
534 3855 686 3916 commonebit,
720 3852 774 3902 dein
858 3851 887 3913 8)
904 3856 1006 3914 {ructum
1024 3866 1071 3901 om.
1089 3851 1139 3900 vu.

209 3921 309 3981 decipies
328 3932 352 3981 p.
369 3918 496 3977 obtinebis,
523 3926 570 3967 tum
594 3922 622 3968 ob
640 3920 684 3969 illo
700 3934 726 3982 p.
747 3921 775 3967 ob
860 3918 887 3981 9)
906 3925 959 3967 sunt
987 3925 1008 3966 et
1032 3921 1155 3981 praeclaro
1178 3927 1200 3968 et
1224 3919 1334 3979 exipiam
1355 3933 1381 3982 p.

208 3986 282 4036 illum.
809 4001 895 4049 moqou
923 3990 945 4033 el
964 3987 1089 4048 praeclaro
1106 3994 1175 4047 suut,
1199 3992 1221 4034 et
1244 3986 1381 4034 eoebilorcre

258 4052 285 4115 9)
304 4051 372 4113 vulg.
389 4052 442 4114 ipse
468 4058 522 4099 aute
539 4051 641 4102 volueris
659 4053 777 4115 relegari·
810 4053 859 4102 Vnt.
878 4052 969 4101 Graeco
987 4051 1003 4100 l.
1023 4067 1043 4102 c.
1061 4069 1084 4102 u.
1103 4053 1142 4103 21.
1160 4068 1184 4116 p.
1202 4053 1259 4103 263.

208 4130 262 4168 ιιι
291 4134 312 4168 c.
340 4119 390 4167 Vat.
416 4117 461 4168 sub
492 4119 562 4166 linem
594 4119 776 4179 enunciationis,

210 4192 486 4313 midleiiiiiiiriusllat.
504 4251 720 4314 Fortentperotue.
744 4252 778 4301 Ex
810 4183 1382 4317 80931288)ῗὲΙθιξζῐῖξιῖτῗοξῗὲῐοιῗῗξέἕὲοέἰα

209 4315 295 4366 eodem
312 4325 336 4366 et
349 4317 367 4366 F
369 4318 406 4367 ab.
417 4320 451 4368 St
469 4317 633 4380 accessitipse
650 4316 695 4367 suh
706 4319 777 4367 lluem
810 4318 962 4381 Euangeliou,
978 4333 1041 4382 quae
1059 4318 1191 4368 admirator
1207 4328 1232 4368 et
1248 4319 1384 4382 praedicat,

209 4383 348 4433 sentcntiae.
384 4385 475 4435 Graeca
492 4384 612 4447 inumies,
634 4383 675 4435 ubi
694 4398 775 4449 cupre.
809 4385 934 4435 anemine
952 4398 1026 4450 pomo
1043 4385 1134 4434 sartari
1160 4387 1305 4451 suspicetur.
1333 4385 1383 4438 Cot.
