2886 4882
281 265 417 326 llttlttn
435 267 576 326 Pteron.
618 268 714 326 Lllldss
735 270 778 328 lll.
821 269 955 329 Sllllll'l.
977 272 1019 331 lx.
1040 269 1084 347 (B)
1209 274 1269 336 547

97 441 218 489 monstra
237 432 318 499 milri,
342 450 425 505 quare
447 450 502 489 non
525 434 592 491 lraec
613 436 697 491 turris
719 437 745 492 io
767 446 840 493 terra
864 437 1006 494 aedificata
1036 448 1092 509 est,
1115 439 1163 496 sed
1186 457 1269 514 supra

98 525 174 589 petra
195 523 223 573 ct
245 531 327 587 supra
350 515 448 588 portal
470 514 504 572 Et
523 517 559 573 uit
580 517 660 573 milri:
682 534 766 591 quare
790 519 922 594 insipiens
945 537 975 577 es
997 528 1024 576 et
1045 522 1104 578 sine
1121 522 1268 594 intellectu,

98 595 175 669 [ideo
197 593 375 670 interrogas]
418 597 450 653 Et
472 599 524 656 dixi
546 600 587 656 ei:
608 616 723 657 necesse
738 600 834 671 habeo,
857 602 975 671 domine,
998 605 1086 659 omnia
1108 613 1134 661 te
1154 605 1270 663 interro·

97 698 172 753 gare,
195 681 256 752 quia
278 679 345 735 nihil
368 682 477 736 onrnino
500 682 652 756 intelligere
676 700 805 756 possum;
827 685 916 741 omnia
937 686 1009 741 enim
1028 702 1124 759 magna
1146 695 1173 742 et
1192 704 1270 759 prae·

99 764 171 819 clara
195 770 267 829 sunt,
291 770 319 817 et
339 763 495 820 hominibus
518 764 674 821 difficillima
696 767 729 823 ad
747 767 921 834 intellectum.
963 767 993 823 Et
1017 767 1083 824 dixit
1095 768 1175 825 milri:
1198 771 1270 827 audi.

98 846 201 901 Nomen
224 844 271 899 dlii
294 845 339 902 llei
361 862 487 920 magnum
515 856 542 903 et
564 849 716 907 inmensum
738 857 795 917 est,
827 859 855 905 et
876 857 962 907 toturn
990 851 1119 907 mundum
1148 851 1206 924 ipse
1228 861 1271 910 est

100 929 145 1000 qui
164 927 287 983 sustinet
330 927 357 983 Si
387 946 453 1003 ergo
476 931 564 987 omnis
594 939 718 988 creatura
748 930 795 987 llei
824 949 875 1005 per
904 925 987 989 filium
1016 935 1180 1002 sustinetur,
1205 934 1270 1008 quid

98 1018 177 1084 putas
199 1026 248 1067 eos
271 1006 340 1080 [nou
370 1008 530 1082 sustineri,]
556 1014 602 1086 qui
633 1015 720 1071 vocati
743 1022 805 1070 sunt
827 1015 860 1071 ab
882 1014 949 1071 illol
991 1016 1094 1072 Nomen
1117 1016 1187 1072 enim
1211 1018 1271 1074 eius

100 1093 199 1162 lerunt,
222 1100 249 1149 et
270 1094 296 1148 in
318 1096 472 1169 praeceptis
493 1096 552 1151 eius
574 1096 720 1153 ambulant
767 1097 854 1162 Vides,
878 1098 973 1171 inquit,
997 1099 1135 1172 quomodo
1155 1101 1271 1156 sustinet

98 1193 155 1242 eos,
177 1176 223 1249 qui
246 1192 279 1231 er
299 1178 365 1233 totis
395 1177 565 1251 praecordiis
597 1195 696 1235 nornen
724 1180 784 1235 eius
813 1188 931 1253 portant.
975 1180 1037 1255 lpse
1067 1189 1155 1238 autem
1178 1182 1271 1238 lunda·

100 1267 218 1315 ruentum
240 1266 283 1315 est
303 1275 414 1328 eorum,
436 1268 463 1316 et
484 1260 601 1316 libenter
622 1278 670 1318 cos
693 1263 822 1329 sustinet,
845 1264 973 1336 quoniam
996 1271 1024 1321 et
1053 1264 1104 1337 ipsi
1130 1280 1185 1320 non
1208 1281 1272 1322 eru·

98 1341 215 1398 bescunt
234 1357 333 1398 nomen
355 1344 413 1399 eius
436 1343 518 1412 lerre,
540 1344 589 1400 sed
611 1343 728 1400 libenter
750 1344 816 1401 illud
839 1345 937 1402 lerunt.

183 1468 220 1542 (n)
242 1473 294 1530 lll'.
335 1474 367 1531 lit
380 1474 433 1532 dini
450 1476 492 1531 ci:
514 1477 724 1545 monstramini,
747 1476 864 1547 domine,
887 1478 996 1534 uomina
1010 1479 1143 1552 uirginum
1165 1477 1270 1550 harum,

99 1558 140 1615 vel
163 1555 267 1613 illarum
289 1557 447 1626 mulierum,
470 1575 538 1630 quae
569 1560 646 1632 nigra
677 1568 751 1616 reste
781 1561 893 1616 vestitae
923 1569 993 1617 sunt
1035 1560 1068 1617 lit
1093 1560 1159 1617 dixit
1187 1561 1272 1619 mihis

99 1640 162 1697 audi
184 1640 295 1696 uomina
316 1639 412 1698 harum
432 1641 581 1714 virginum,
604 1658 674 1715 quae
696 1648 760 1698 suut
780 1643 966 1715 potentiores,
997 1659 1123 1717 quaeque
1151 1650 1223 1699 stant
1244 1645 1272 1701 in

100 1721 205 1794 angulis
227 1730 331 1795 portae.
375 1721 446 1779 llaec
477 1732 541 1780 sunt
562 1725 670 1781 nomina
691 1741 799 1783 earum:
821 1726 909 1799 prima
929 1724 1012 1793 lidos,
1043 1725 1163 1783 secunda
1190 1726 1272 1783 absti-

101 1803 207 1868 nentia,
230 1805 308 1860 tertia
330 1806 475 1879 patientia,
498 1814 594 1881 quarta
622 1808 832 1880 magnanimitas.
875 1807 937 1864 lllae
968 1814 1058 1865 antam
1086 1808 1168 1872 aliae,
1202 1819 1272 1882 quae

101 1888 172 1944 iuxta
195 1888 269 1961 ipsae
291 1897 368 1957 sunt,
390 1889 433 1945 lris
456 1890 612 1948 nominihus
633 1899 781 1947 vocantur:
811 1890 986 1964 simplicitas,
1008 1891 1182 1959 innocentia,
1207 1907 1272 1949 con·

102 1970 204 2038 cordia,
227 1970 332 2039 caritas,
355 1973 476 2042 castitas,
499 1972 634 2042 hilaritas,
652 1975 751 2030 veritas
777 1980 806 2031 et
828 1974 981 2048 prudentia.
1022 1973 1184 2047 Quicunque
1206 1990 1273 2049 ergo

101 2061 192 2126 portat
212 2054 278 2109 haec
300 2055 409 2111 nomina
431 2065 457 2113 et
479 2073 576 2113 nomen
599 2055 645 2112 lilii
675 2055 738 2124 llei,
769 2057 796 2112 in
818 2073 932 2130 regnum
960 2056 1009 2112 Ilei
1041 2057 1143 2129 poterit
1164 2058 1273 2115 intrare.

100 2136 169 2192 dudi
190 2152 279 2204 nrrnc,
309 2138 409 2211 inquit,
439 2147 467 2195 et
496 2138 643 2195 mulierum
672 2138 775 2194 illarum
798 2140 924 2205 nomina,
953 2155 1022 2211 quae
1046 2140 1148 2212 nigram
1169 2149 1273 2197 vestem

101 2216 210 2274 habeut
252 2219 307 2274 llae
328 2227 393 2275 sunt
413 2227 542 2294 quattuor
562 2219 740 2292 potentiores,
763 2236 876 2293 quarum
899 2221 985 2292 prima
1006 2219 1130 2292 perfidia,
1153 2222 1275 2279 secunda

102 2300 325 2374 intemperantia,
353 2302 433 2357 tertia
455 2300 647 2367 incredulitas,
680 2308 775 2372 quarta
797 2300 913 2357 dulcedo
942 2299 1043 2367 seculi,
1074 2309 1102 2357 et
1126 2310 1274 2376 sequentes

103 2382 206 2437 illarum
230 2382 265 2438 ita
292 2391 436 2439 vocantur:
466 2383 615 2450 maestitia,
636 2381 770 2454 nequitia,
793 2381 894 2447 libido,
920 2381 1072 2448 iracundia,
1094 2384 1273 2455 mendacium,

102 2463 222 2532 stultitia,
246 2464 377 2520 detractio
392 2475 419 2522 et
440 2464 540 2521 odium.
583 2463 639 2520 llos
662 2464 774 2537 spiritus
791 2465 837 2537 qui
858 2471 949 2537 portat
970 2462 1017 2519 llei
1034 2480 1138 2531 servus,
1160 2482 1275 2538 rognum

103 2546 212 2620 quidem
227 2546 274 2603 llei
298 2546 406 2617 videbit,
429 2546 550 2605 sednon
571 2547 674 2621 poterit
695 2547 796 2602 intrare
811 2547 837 2603 in
855 2544 930 2602 illud.
971 2544 1005 2602 lit
1017 2545 1069 2601 dini
1092 2547 1133 2602 ei:
1155 2547 1273 2616 domine,

104 2628 141 2684 illi
162 2629 275 2703 lapides,
298 2630 343 2703 qui
367 2630 400 2688 de
421 2629 559 2705 prolundo
582 2631 609 2686 in
631 2635 795 2686 structuram
817 2630 900 2686 turris
923 2635 986 2684 eunt
1006 2628 1096 2701 aptati,
1119 2630 1166 2702 qui
1191 2632 1275 2689 eunti

104 2710 136 2767 Et
158 2712 223 2768 dirit
242 2712 324 2769 milri:
344 2712 380 2768 illi
402 2712 481 2787 primi
503 2713 606 2781 decent,
628 2713 673 2787 qui
689 2713 715 2767 in
731 2711 913 2768 fundamentis
930 2719 995 2767 sunt
1006 2710 1149 2781 conlocati,
1171 2713 1275 2786 primae

104 2795 255 2869 scripturae
270 2787 387 2869 genesis¹
408 2803 486 2863 eunt3
508 2794 545 2851 illi
561 2802 649 2852 autern
672 2803 820 2867 sequentes
840 2793 933 2868 viginti
944 2801 972 2850 ct
989 2793 1109 2868 quinque
1124 2795 1275 2854 secundum

104 2878 226 2935 seculum
255 2886 298 2935 est
324 2879 457 2935 iustorum
487 2878 621 2947 virorum3
648 2878 684 2935 illi
714 2887 802 2935 nutem
836 2877 945 2951 triginta
975 2878 1096 2950 quinquo
1124 2878 1276 2952 prophetae

106 2959 210 3018 Domini
238 2979 270 3017 ac
300 2962 431 3030 ministri;
468 2960 646 3035 quadraginta
677 2978 739 3017 vcro
772 2959 888 3034 rpostoli
921 2959 1120 3032 doctoresque:
1155 2960 1181 3015 lri
1212 2969 1276 3017 sunt

105 3043 308 3115 praedicatores
343 3043 388 3100 lrlii
417 3045 472 3102 lloi.
519 3043 551 3099 Et
578 3045 632 3100 diri
661 3043 713 3099 illi:
743 3043 866 3110 domiue,
890 3058 974 3115 quare
1002 3057 1068 3115 ergo
1097 3042 1177 3097 etiam
1206 3043 1276 3099 istos

106 3125 209 3198 lapides
231 3127 349 3198 virgines
377 3127 438 3184 illoc
461 3127 487 3182 in
510 3135 673 3183 structuram
702 3127 784 3182 turris
814 3132 1009 3199 porrexerunt,
1042 3130 1069 3180 et
1096 3141 1146 3198 per
1170 3126 1276 3198 portam

105 3224 154 3263 eos
185 3207 401 3265 transtuleruntl
434 3210 466 3266 Et
492 3210 558 3265 dixit
584 3209 663 3265 rrrilri:
693 3208 729 3263 illi
750 3216 815 3264 sunt
841 3208 936 3282 primi,
964 3207 1010 3280 qui
1041 3208 1154 3280 spiritus
1181 3208 1277 3265 lrarunt

105 3291 238 3363 virginum
260 3298 444 3364 portaverunt.
487 3291 519 3348 Et
540 3293 580 3348 sic
608 3290 777 3347 abinvicem
807 3291 917 3347 omnino
948 3307 1003 3345 non
1033 3297 1225 3358 recesserunt,
1248 3297 1279 3349 ut

158 3487 185 3548 5)
204 3493 225 3535 ct
243 3489 343 3536 neritus·
364 3484 520 3545 intellipcutio
539 3495 562 3544 p.
581 3483 673 3540 coritae,
711 3481 741 3530 dc
760 3480 891 3538 ccclesiae,
914 3480 957 3528 scd
984 3480 1013 3527 dc
1036 3478 1140 3526 virorum
1161 3479 1277 3529 iustorum

107 3554 264 3615 iutellipeutio
282 3554 332 3602 Vat.
710 3548 735 3595 V.
760 3548 786 3596 Τ.
812 3546 919 3595 securrdo
951 3544 1033 3593 seculo
1060 3544 1098 3592 lric
1124 3545 1161 3608 agi
1191 3546 1277 3596 clucet.

158 3620 184 3680 6)
203 3620 252 3668 Clr.
269 3634 342 3682 supro
361 3634 381 3667 c.
403 3617 441 3667 13.
710 3613 813 3663 Prinrurn
831 3612 937 3661 seculum
953 3607 979 3670 (d
999 3609 1201 3677 npoirornlolvl
1214 3613 1277 3662 rele-

157 3686 185 3747 ’1)
203 3684 397 3732 2α-ἰίᾱ-μ
415 3684 477 3740 l'ot.,
501 3680 603 3730 subinde
621 3682 677 3730 dul·
710 3680 810 3729 rendum
833 3693 885 3727 csse
910 3678 1004 3726 sidctnr
1020 3675 1050 3725 ad
1074 3677 1155 3728 decern
1174 3679 1278 3728 l'otrier·

108 3754 163 3803 cedo
179 3752 351 3811 intextumen.
369 3766 417 3799 sec.
431 3750 539 3812 solapius
555 3749 584 3797 ad
604 3763 678 3799 orent
711 3748 768 3795 eluas
789 3754 843 3795 anto
868 3744 981 3793 dilucium
1000 3745 1141 3807 superstites
1157 3743 1228 3808 (Gen.
1240 3744 1277 3809 5).

159 3819 186 3878 8)
204 3819 241 3867 dci
260 3833 339 3867 servos
358 3818 383 3865 in
402 3831 498 3878 repetem
516 3816 566 3865 liet.
711 3814 760 3862 Cir,
779 3811 915 3873 llilgenlold
934 3825 958 3873 p.
980 3810 1035 3860 tte.
1055 3810 1070 3859 Ι.
1089 3827 1110 3860 c.

159 3888 186 3948 p)
203 3886 239 3935 illi
261 3885 374 3944 omllet,
394 3883 434 3947 qui
454 3889 591 3933 atriolorum
603 3885 678 3947 optuli
763 3880 805 3938 12)
828 3894 854 3927 uc
873 3892 919 3926 orn.
936 3878 987 3926 vac
1014 3877 1063 3925 Cir.
1080 3891 1152 3941 sopra
1170 3893 1190 3926 c.
1208 3877 1232 3925 l.

109 3963 171 4006 ruet.
207 3956 251 4008 tlui
270 3959 323 4001 sunt
341 3953 444 4001 domine·
764 3946 806 4007 13)
825 3945 854 3993 tlt
876 3947 935 3994 enim
959 3945 1057 4008 spiritus
1075 3945 1146 4006 prinei
1165 3949 1278 4006 portere-

69 4013 76 4026 ’
164 4021 205 4082 tu)
223 4020 415 4078 sceundrtmllnt,
432 4018 462 4068 ad
480 4032 546 4067 orem
560 4032 678 4067 menses.
714 4012 909 4070 roveceastre,
944 4010 1030 4060 doindc
1054 4011 1079 4058 lri
1103 4011 1201 4072 spiritur
1225 4010 1276 4059 eirea

110 4091 221 4140 secutum.
712 4094 785 4144 osque
803 4081 829 4128 ie
847 4081 908 4128 diem
926 4080 1024 4144 quietis·
1053 4076 1097 4130 Oui
1112 4076 1161 4124 nisi
1184 4077 1208 4124 lri
1225 4077 1277 4140 epi·

162 4155 205 4220 tt)
225 4157 328 4207 sectilem
353 4154 376 4202 in
396 4159 457 4203 tortu
491 4151 603 4202 omissum
629 4163 678 4197 ecc.
711 4147 832 4196 rituales
850 4148 958 4211 spiritus,
978 4145 1001 4192 in
1022 4144 1068 4190 llere
1086 4142 1157 4190 noim
1176 4144 1255 4193 turris.

109 4237 171 4271 men.
190 4223 290 4284 margini
309 4220 438 4285 apponitur
457 4218 481 4266 in
494 4219 558 4277 liet,
576 4213 678 4264 subinde
1067 4276 1072 4287 1

111 4294 145 4336 ert
164 4294 296 4337 conderem
312 4291 413 4336 onmem
446 4283 496 4332 Cir.
515 4297 588 4346 supra
607 4293 678 4344 capp.
763 4280 821 4343 Cep.
846 4281 891 4329 xv.
936 4279 961 4339 1)
992 4290 1072 4339 peccet
1095 4273 1163 4328 Pel..
1193 4281 1278 4338 postes

110 4355 134 4404 3.
154 4355 177 4401 l.
212 4354 262 4413 Est,
281 4353 321 4418 qni
338 4353 450 4402 llennem
470 4349 577 4399 secundo
595 4347 679 4396 seculo
710 4349 919 4411 predicatoresque,
927 4341 1037 4394 lortassie
1047 4341 1199 4391 scribendum
1207 4355 1277 4406 pree-

111 4420 197 4470 rixisse
214 4420 269 4469 lrinc
291 4420 406 4470 desumat.
431 4419 472 4468 llst
491 4431 519 4468 ex
536 4432 557 4466 e.
579 4415 616 4467 tt.
634 4429 682 4464 non
718 4415 836 4465 dicotorer
853 4413 927 4474 repsi.

1015 4491 1071 4542 35·
