2886 4882
275 267 413 327 flendae
437 267 577 328 PASTOR.
620 270 718 327 blllEll
741 270 785 328 lll.
826 272 959 333 Slllllll'.
971 272 1015 334 Vl.
1036 272 1079 350 (b)
1204 273 1261 336 501

96 435 289 494 ambulaverint
311 437 338 491 in
361 437 411 504 eis,
434 434 534 493 trustra
557 446 640 511 agent
662 437 867 512 poenitentiam.
910 438 1069 514 Quicunque
1087 445 1170 518 igitur
1185 447 1264 520 agitis

95 521 302 594 poenitentiam,
338 518 436 575 abicite
457 535 472 574 a
493 520 568 576 vobis
592 537 699 576 omnem
722 521 868 594 nequitiam
890 522 974 577 seculi
997 521 1087 597 buius,
1108 543 1178 598 quae
1199 546 1263 586 eon·

93 604 174 659 sumit
195 619 252 668 vos,
275 610 303 655 et
326 601 428 657 induite
452 619 499 658 vos
522 619 629 659 omnem
644 603 769 659 virtutem
784 604 935 676 aequitatis,
958 612 986 659 ut
1000 606 1112 677 possitis
1126 610 1264 669 custodire

95 688 161 742 baec
183 686 317 750 mandata,
338 691 368 738 ut
389 701 441 739 non
464 694 559 758 postea
581 686 682 759 aliquid
711 684 832 742 adiciatis
860 686 893 742 ιιι
922 695 1034 760 peccata
1055 695 1152 743 vestra.
1192 690 1264 748 Nihil

95 770 176 842 igitur
203 767 350 822 adicientes
380 767 510 822 exceditis
539 785 554 823 a
582 768 719 843 prioribus
741 769 995 842 peccatisnostris,
1025 777 1053 824 et
1081 770 1107 824 in
1130 771 1263 827 mandatis

94 851 161 905 meis
183 848 342 915 ambulatis,
372 858 398 904 ct
425 849 516 906 vivetis
539 850 604 908 lieo.
646 851 718 908 llaec
740 844 764 906 a¹
786 868 829 907 me
851 852 922 908 dicta
945 852 1000 909 sint
1020 850 1105 906 vobis.
1149 851 1264 909 Etcum

94 935 160 988 baec
182 931 288 987 locutus
311 940 392 1000 esset,
416 933 453 987 ait
473 933 554 989 mibi:
587 951 683 990 eamus
705 935 731 989 in
746 950 849 1008 agrum,
872 942 901 990 ut
916 942 1052 1008 pastorem
1068 950 1201 1008 pecorum
1217 933 1265 991 tibi

94 1014 244 1070 ostendam.
288 1013 319 1069 Et
341 1031 392 1087 ego
415 1014 482 1070 diri:
514 1033 615 1085 eamus,
647 1017 765 1074 domine.
806 1017 935 1073 Venimus
963 1019 988 1073 iu
1018 1034 1114 1091 campo
1136 1016 1264 1089 quodam,

95 1098 140 1152 ubi
162 1097 281 1152 ostendit
302 1096 366 1151 mibi
388 1097 511 1154 iuvenem
532 1107 677 1173 pastorem,
699 1101 824 1156 vestitum
847 1099 990 1157 habentem
1010 1101 1102 1156 colore
1120 1099 1263 1155 vestimen·

95 1189 182 1235 torum
212 1180 368 1243 crocinum,
400 1189 556 1253 pascentem
584 1174 700 1256 pecora²
730 1183 849 1256 copiosa.
891 1182 982 1258 anue
1011 1199 1113 1256 pecora
1141 1182 1214 1238 vclut
1235 1181 1261 1236 in

94 1262 193 1318 delitiis
215 1270 307 1330 erant,
351 1263 463 1318 casatis
486 1263 702 1335 luxuriabantur,
730 1275 758 1322 et
779 1267 805 1321 in
828 1264 960 1323 hilaritate
982 1264 1135 1321 exultabant
1158 1265 1262 1321 discur-

94 1348 179 1401 rentia
201 1345 254 1400 buc
276 1351 303 1400 et
325 1343 397 1400 illuc.
428 1344 460 1400 Et
481 1347 540 1421 ipse
562 1357 656 1422 pastor
678 1365 801 1421 magnam
823 1365 856 1403 ex
869 1365 918 1404 suo
941 1364 1024 1422 grege
1037 1346 1206 1421 percipiebat
1217 1362 1262 1401 vo·

94 1427 237 1501 luptatem;
269 1435 296 1482 et
318 1426 407 1482 vultus
435 1428 493 1483 eius
515 1431 591 1486 valde
614 1430 707 1486 hilaris
730 1438 796 1496 erat,
818 1437 845 1484 et
866 1431 936 1485 inter
957 1446 1057 1503 pecora
1080 1428 1261 1485 discurrebat.

174 1572 211 1644 (a)
234 1575 266 1633 ll.
309 1577 353 1630 bit
374 1576 454 1631 mibi:
484 1577 576 1643 vides,
598 1578 694 1649 iuquit,
717 1586 855 1650 pastorem
875 1575 966 1631 bonel
1008 1573 1112 1644 Video,
1143 1576 1261 1648 inquam,

93 1660 210 1715 domine.
255 1657 304 1711 llic
333 1666 390 1723 est,
422 1657 523 1729 inquit,
556 1659 666 1714 nuntius
696 1658 846 1714 dulcedinis
877 1673 908 1713 ac
930 1656 1083 1730 voluptatis.
1126 1657 1175 1713 llic
1197 1674 1261 1732 ergo

93 1740 245 1811 corrumpit
267 1746 372 1793 mentes
395 1754 536 1794 servorum
559 1739 623 1805 Ilei,
652 1741 802 1814 evertitque
840 1755 888 1795 eos
910 1755 925 1794 a
946 1739 1076 1808 veritate,
1099 1747 1126 1795 et
1147 1732 1262 1796 astricti¹

92 1819 286 1894 cupiditatibus
307 1820 491 1892 nequissimis,
515 1823 541 1877 in
563 1822 662 1896 quibus
683 1831 816 1898 pereunt,
845 1821 1041 1878 obliviscuntur
1060 1821 1185 1877 mandata
1205 1822 1262 1878 veri

93 1904 149 1970 lici,
172 1911 199 1959 et
219 1902 399 1975 voluptatibus
423 1902 575 1978 delitiisque
597 1907 671 1961 vanis
695 1913 899 1962 conversantur.
942 1904 974 1959 ιιι
994 1911 1206 1976 corrumpuntur
1226 1903 1260 1960 ab

94 1987 146 2040 boc
172 1986 267 2040 nuntio
291 1979 386 2056 [aliqui
409 2003 497 2058 usque
519 1988 552 2043 ad
574 1984 713 2057 mortem],
736 1988 818 2060 aliqui
840 2002 1004 2058 verensque
1019 1986 1052 2040 ad
1069 1985 1260 2042 detectionem.

93 2068 155 2122 liico
178 2069 218 2141 ei:
261 2067 384 2133 domine,
418 2084 471 2123 non
493 2069 632 2144 intelligo,
667 2070 733 2142 quid
754 2072 789 2124 sit
810 2068 843 2124 ad
867 2075 999 2134 mortem,
1029 2067 1143 2139 etquid
1170 2066 1260 2123 ailad

94 2150 282 2205 defectionem.
325 2149 410 2216 anui,
444 2151 543 2223 inquit:
572 2168 750 2225 quaecunque
779 2166 880 2224 pecora
911 2149 1000 2205 vidisti
1027 2149 1103 2204 valde
1133 2149 1202 2205 laeta
1230 2157 1261 2206 et

91 2233 244 2300 exultantia,
269 2232 295 2286 bi
318 2239 381 2285 sunt
403 2233 448 2302 qui
480 2233 662 2306 inperpetuo
685 2250 700 2287 a
720 2232 775 2287 lieo
799 2231 965 2297 exciderunt,
988 2228 1190 2305 adhaerentque
1212 2247 1257 2287 vo·

92 2314 238 2387 luptatibus
261 2312 346 2367 seculi
368 2312 456 2366 buius.
498 2313 544 2369 llis
567 2330 632 2386 ergo
656 2331 710 2368 non
731 2322 774 2368 est
795 2313 872 2368 locus
894 2328 945 2384 per
959 2312 1151 2384 poeniteutiam
1167 2329 1259 2383 regre-

93 2395 183 2450 diendi
205 2393 238 2449 ad
260 2394 348 2447 vitam.
389 2393 550 2449 adiecerant
571 2395 641 2450 enim
664 2394 767 2450 adalia
789 2393 888 2449 delicta
908 2408 958 2448 sua
979 2394 1056 2448 etiam
1070 2394 1141 2449 aliud
1163 2393 1259 2462 maius,

93 2485 122 2533 ιιι
141 2476 246 2531 liomini
269 2490 368 2529 nomen
390 2474 514 2530 nefandis
543 2477 751 2548 insequerentur
778 2474 963 2547 blasphemiis.
1004 2473 1165 2531 lluiusmodi
1193 2490 1260 2547 ergo

23 2574 32 2591 ·
95 2559 220 2613 homines
248 2556 328 2610 morti
357 2564 420 2610 sunt
442 2555 578 2613 destinati.
630 2558 695 2612 Nam
728 2573 845 2630 pecora,
875 2572 945 2629 quae
967 2556 1056 2611 vidisti
1096 2572 1150 2610 non
1185 2554 1257 2611 exul·

91 2660 253 2742 ιιιανόμευοι
270 2668 329 2723 τῶν
342 2661 465 2725 ἐντολῶν
484 2669 537 2727 τοῦ
551 2669 656 2740 ζῶντος
667 2669 720 2726 τοῦ
733 2666 819 2737 Θεοῦ,
838 2665 887 2726 καὶ
901 2658 1093 2743 πορευόμενοι
1115 2659 1175 2738 [ἔν]
1198 2666 1262 2735 ταῖς

91 2748 225 2826 ματαίαις
245 2752 368 2825 τρυφαῖς
388 2747 436 2807 και
459 2743 583 2821 ιἰποιταις
602 2752 654 2809 τοῦ
675 2749 743 2827 βίου
763 2743 876 2809 τούτου.
919 2743 976 2808 Διὸ
1004 2746 1054 2808 και
1085 2739 1261 2807 οἰπόλλυνται

91 2826 149 2892 aiud
169 2835 222 2891 τοῦ
243 2828 363 2911 ἀγγέλου
393 2825 497 2892 τούτου
520 2832 562 2904 εἰς
583 2827 714 2892 θάνατον
741 2830 790 2892 και
811 2825 1013 2908 καταφθοράν.
1057 2827 1142 2908 Λέγω
1165 2823 1261 2910 αιίιρι·

92 2912 127 2975 οὐ
148 2909 289 2996 γινώσκω,
311 2907 400 2994 κύριε,
422 2914 450 2974 τί
471 2914 547 2976 ἐστιν
577 2914 618 2987 εἰς
638 2910 770 2975 θάνατον
791 2913 840 2975 καλ
861 2907 1064 2993 καταφθοράν,
1106 2909 1165 2971 Kal
1185 2907 1260 2991 λέγει

92 3014 157 3074 μοι·
179 2993 277 3070 dxcvi,
299 3014 397 3074 φησιν.
431 2992 471 3057 “A
492 2991 565 3070 εἶδες
585 2993 718 3078 πρόβατα
731 2993 816 3079 tanqu
836 2995 885 3057 καλ
900 3001 1065 3074 σκιρτῶντα,
1086 2982 1169 3054 οὗτοι
1187 2992 1261 3054 εἰσιν

94 3080 124 3140 οἱ
141 3075 352 3157 ἀπεσπασμένοι
374 3075 432 3141 ἀπὸ
455 3085 508 3142 τοῦ
532 3082 609 3142 Θεοῦ
631 3079 791 3162 εἰςτέλος,
814 3079 863 3140 καλ
883 3071 1120 3159 παραδεδωκότες
1139 3071 1261 3148 ἑαυτοὺς

93 3167 155 3233 ταῖς
175 3160 346 3238 ἐπιθυμίαις
365 3168 418 3224 τοῦ
447 3165 554 3235 αἰῶνος
573 3160 685 3225 τούτου.
724 3159 779 3224 Ἐν
799 3158 913 3234 τούτοις
938 3156 1075 3240 μετάνοια
1102 3161 1176 3238 ζωῆς
1205 3153 1261 3219 σιἰιι

93 3244 179 3315 ἔστιν,
201 3241 245 3305 ὅτι
266 3244 316 3304 και
336 3241 368 3305 τὸ
391 3240 483 3324 ὄνομα
504 3251 556 3307 τοῦ
581 3248 657 3308 Θεοῦ
677 3241 718 3305 δι’
747 3242 855 3318 αὐτοὺς
874 3246 1099 3324 βλασφημεῖται·
1123 3246 1182 3304 τῶν
1203 3263 1261 3302 τοι-

94 3323 187 3388 ούτων
208 3321 228 3405 ἡ
249 3322 306 3405 ζωὴ
329 3322 459 3400 θάνατός
481 3327 564 3389 ἐστιν.
599 3325 640 3388 “A
660 3325 692 3388 δὲ
713 3322 787 3401 εἶδες
808 3323 848 3406 μὴ
869 3333 1044 3410 σκιρτῶντα,
1066 3319 1138 3386 itti
1158 3322 1208 3385 καλ
1230 3322 1263 3385 ἒν

93 3409 172 3490 τόπῳ
193 3404 364 3489 βοσκόμενα,
385 3402 468 3472 οὗτοι
489 3410 561 3471 εἰσιν
582 3410 612 3470 ol
620 3406 857 3487 aequisonantiae
877 3409 1084 3516 μλντριτροφῇ
1097 3405 1147 3468 και
1163 3398 1259 3490 οἰπιιτρ

93 3489 224 3567 ἑαυτοὺς,
246 3492 287 3564 εἰς
308 3490 340 3553 δὲ
358 3489 410 3553 τὸν
431 3489 533 3572 κύριον
549 3488 588 3570 μὴ
608 3490 873 3574 βλασφημήσαντες.
916 3495 1006 3553 Ουτοι
1027 3480 1082 3551 οὖν
1096 3493 1259 3568 κατεφθαρ·

961 3415 976 3430 Β

96 3736 116 3775 τι
140 3729 277 3774 deliciantis
303 3739 348 3772 ιιιο
369 3727 395 3771 in
421 3724 487 3782 loca,
518 3739 559 3775 σει
583 3731 659 3774 tomen
693 3733 716 3774 et
737 3724 793 3773 lab.
812 3725 846 3772 St.
864 3735 951 3781 eoram,
972 3718 1034 3767 idem
1055 3731 1101 3768 om.
1119 3721 1191 3777 ικιιο,
1212 3726 1261 3768 tum

94 3795 253 3851 resultantes,
272 3792 344 3839 veteri
362 3790 487 3853 lutcrprcti
505 3792 660 3852 restituenda,
693 3792 744 3840 exli.
761 3792 805 3839 otii
824 3804 848 3851 p.
867 3789 952 3851 aliqui.

95 3879 107 3908 e
127 3860 193 3908 cuius
211 3858 321 3906 versione
339 3854 430 3905 librarii
447 3857 538 3907 incuria
550 3859 661 3907 videntur
743 3859 770 3918 4)
788 3862 809 3903 τι
828 3869 874 3902 om.
893 3854 942 3901 vat

94 3927 217 3976 excidisse.
252 3922 320 3986 apud
345 3924 424 3986 ipsum
447 3939 548 3988 namque
577 3924 660 3989 paullo
744 3924 771 3985 5)
789 3922 812 3969 bi
832 3927 886 3970 sunt
904 3923 944 3984 qui
962 3923 1116 3984 inperpetuo
1135 3917 1185 3967 ιιι.

95 4002 150 4056 post
174 3994 232 4041 baec
259 3992 384 4051 leguntur:
413 3991 475 4044 Οιιοι
502 4008 555 4040 cero
578 3991 662 4040 vidisti
745 3989 772 4050 6)
792 3987 897 4047 tervan,
917 3986 1005 4036 ibidem
1024 3989 1157 4036 adiecerant
1176 3984 1207 4032 οιι
1223 3997 1262 4032 τε·

94 4076 176 4121 pecora
194 4075 241 4107 τοι
269 4060 415 4107 exsultantia
433 4066 491 4116 eto,
518 4073 580 4122 quae
603 4071 661 4104 sanc
696 4057 753 4104 lietu
771 4055 919 4103 deliciosae
942 4056 1013 4104 etiem
1030 4068 1114 4102 οοιιιιιι
1132 4052 1220 4100 domini
1238 4051 1264 4099 ιἰι

96 4127 182 4173 omissa
201 4125 369 4188 praecedentia
388 4132 496 4185 arguunt.
516 4125 576 4172 Geli.
696 4123 805 4182 nesciretis
824 4125 897 4170 secuti
915 4127 968 4170 aunt
985 4122 1069 4169 uerbis.

147 4207 205 4269 Cap.
223 4209 250 4257 ll.
288 4208 311 4262 ll
330 4207 367 4254 Ait
384 4206 439 4253 milri
457 4207 522 4252 sides
540 4205 599 4251 ιιαιιτ
616 4217 662 4263 po·

97 4281 179 4322 storeae
187 4274 237 4320 vat.
250 4274 285 4321 ct.
298 4268 663 4321 Doctr.adllntiocb.n.18.lli.
748 4255 804 4304 Sim·
823 4255 859 4304 Vl·
897 4255 922 4316 l)
939 4254 975 4315 ,ᾱᾶ
993 4251 1043 4301 Pul·

147 4339 173 4399 ι)
193 4342 259 4386 uertit
280 4340 327 4387 vat
750 4322 777 4384 2)
796 4337 884 4385 pusaeo
902 4319 1016 4368 mendose
1034 4319 1086 4368 Pal.

147 4404 174 4467 3)
194 4407 217 4452 in
234 4404 431 4463 inluminavit,
449 4415 565 4451 mercum
578 4401 663 4451 codem
749 4405 806 4468 Cap.
826 4405 852 4453 ll.
889 4401 914 4466 l)
932 4405 1043 4452 astrictos
1062 4403 1111 4452 Pal.
