2886 4882
283 243 423 302 bruhalt
447 243 586 304 ristun.
631 245 728 303 Llllllll
751 245 795 303 lll.
836 245 970 306 Sllllbll'.
990 246 1022 307 V.
1044 243 1087 321 (a)
1211 246 1272 308 493

99 414 211 480 vineam,
234 413 308 484 quod
331 412 394 468 milii
417 413 493 469 valde
515 413 623 487 placuit.
665 412 718 468 Pro
749 411 803 467 hoe
825 413 907 484 igitur
928 411 999 469 laeto
1030 414 1091 471 volo
1117 414 1192 473 illum
1214 415 1271 474 fllia

99 512 160 551 meo
183 495 275 551 lacere
300 496 480 563 coheredem,
514 497 642 568 quoniam
664 495 750 551 sensit
781 494 845 567 quid
868 503 942 551 esset
968 496 1068 554 bonum
1097 507 1124 554 et
1143 499 1222 567 utile,
1244 507 1273 557 et

99 595 153 632 uon
174 577 352 633 dissimularit
372 578 463 634 lacere
485 578 559 634 illud.
600 577 657 634 lloe
679 577 822 633 consilium
846 578 947 633 domini
962 577 1035 635 lilius
1058 588 1085 635 et
1100 582 1178 637 amici
1199 598 1269 639 com·

99 660 291 733 probaverunt,
314 669 343 715 ut
365 659 443 716 lieret
464 661 507 717 ille
531 678 626 717 serius
648 660 704 716 filio
727 661 852 716 coheres.
893 659 960 717 Post
973 662 1031 718 dies
1047 662 1144 719 deinde
1167 679 1270 736 paucos

99 743 223 816 epulatus
245 743 436 816 paterfamilias
465 745 537 799 misit
567 744 600 799 de
630 759 714 799 coena
744 743 781 797 illi
810 760 889 799 serio
920 760 971 800 suo
1000 744 1076 802 cibus
1106 745 1270 819 complures.

99 826 173 893 Quos
194 843 254 880 cuni
278 827 430 898 accepisset
451 835 478 881 et
499 827 663 892 sustulisset,
687 825 761 897 quod
784 824 836 904 sibi
858 826 1022 894 sufficiebat,
1049 827 1184 902 reliquum
1208 845 1271 884 con·

100 909 186 963 seriis
209 907 355 963 distribuit.
399 908 436 962 llli
461 926 521 964 cuni
538 909 716 981 accepissent,
738 907 909 978 laetatisunt,
933 905 987 978 [et]
1002 918 1096 984 optare
1113 919 1271 983 coeperunt,

100 1000 129 1046 ut
150 992 279 1046 maiorem
302 992 415 1062 gratiam
455 992 525 1064 apud
548 992 688 1046 dominum
711 984 887 1063 perciperet.a
929 991 1001 1046 llaec
1024 1009 1084 1048 cum
1107 992 1203 1049 iterum
1226 1009 1271 1049 au·

100 1075 186 1129 disset
218 1073 361 1139 dominus,
391 1073 509 1145 repletus
539 1074 654 1129 marimo
677 1073 775 1145 gaudio
804 1075 962 1130 convocavit
989 1090 1085 1131 rursus
1114 1077 1215 1131 amicos
1244 1082 1273 1132 et

100 1149 191 1222 silios,⁴
213 1164 241 1211 et
262 1158 302 1211 eis
326 1155 426 1210 lactum
449 1157 520 1211 servi
543 1156 576 1212 de
600 1156 676 1223 ciliis,
699 1171 768 1227 quos
790 1156 903 1212 adeum
925 1156 1044 1224 miserat,
1066 1158 1188 1230 pertulit.
1232 1156 1272 1214 tlh

100 1246 189 1293 autem
210 1238 295 1294 multo
319 1239 404 1310 magis
427 1246 590 1311 rogaverunt
618 1237 854 1311 patremfamilias,
879 1247 908 1294 ut
938 1240 1054 1296 eundem
1084 1256 1191 1297 servum
1214 1240 1271 1296 lilio

98 1320 202 1376 faceret
222 1320 397 1377 coheredem.

182 1465 219 1540 (n)
240 1470 284 1525 lll.
325 1470 391 1525 Dico
415 1471 455 1526 ei:
479 1487 539 1543 ego,
563 1469 680 1538 domine,
705 1470 753 1526 has
776 1470 966 1526 similitudines
993 1488 1045 1528 nec
1068 1472 1211 1539 noviaco
1233 1473 1271 1527 in·

101 1552 220 1625 [elligere
243 1570 372 1625 possum,
395 1554 447 1608 nisi
477 1569 520 1609 eas
552 1561 581 1609 tu
603 1553 668 1607 milii
699 1552 831 1609 exsolvas.
875 1553 983 1621 Omnia,
1012 1556 1115 1627 inquit,
1137 1555 1272 1610 exsolvam

101 1634 157 1702 tibi,
181 1651 363 1707 quaecunque
386 1633 493 1691 locutus
515 1635 594 1691 luero
617 1642 717 1704 tecum,
738 1644 784 1691 aut
805 1635 952 1692 ostendero
974 1636 1033 1693 tibi.
1055 1637 1088 1693 Et
1108 1638 1130 1693 si
1148 1639 1272 1693 mandata

99 1717 205 1771 bomini
227 1717 404 1784 custodieris,
427 1719 482 1773 eris
504 1717 635 1790 probatus
665 1719 734 1787 beo,
756 1726 783 1774 et
811 1718 941 1775 scriberis
969 1720 996 1774 in
1023 1736 1138 1776 numero
1165 1735 1271 1787 eorum,
1371 1721 1373 1724 ‘

101 1800 148 1871 qui
170 1799 295 1854 mandata
316 1801 375 1855 eius
406 1800 604 1857 custodierunt.
648 1800 694 1857 Sic
721 1810 810 1858 autem
843 1801 944 1875 aliquid
965 1801 1029 1857 boiii
1057 1802 1157 1858 leceris
1188 1815 1272 1876 super

100 1880 254 1936 mandatum
277 1880 338 1949 boi,
360 1883 490 1940 maiorem
512 1884 670 1956 dignitatem
693 1884 739 1941 tibi
762 1884 898 1957 adquiris,
919 1891 947 1939 et
969 1885 1024 1941 eris
1045 1885 1183 1958 acceptior
1205 1885 1272 1952 lieo,

101 1980 180 2035 quam
204 1965 278 2037 quod
302 1982 363 2020 eras
386 1965 501 2022 luturus.
544 1966 572 2022 Si
594 1984 661 2039 ergo
692 1968 817 2024 mandata
840 1967 886 2022 llei
909 1967 1088 2036 custodieris,
1118 1977 1146 2023 et
1177 1983 1271 2041 super·

101 2048 226 2118 posueris
249 2048 371 2104 nonnihil
394 2049 534 2122 operibus,
557 2049 698 2121 gaudebis.
741 2050 805 2106 bico
829 2051 871 2106 ei:
893 2049 1010 2117 domine,
1042 2049 1173 2123 quicquid
1195 2066 1272 2124 prae·

101 2131 206 2202 ceperis
220 2131 294 2197 inihi,
308 2131 440 2197 seriab03
463 2132 520 2187 seio
543 2134 626 2198 enim,
647 2140 673 2188 te
688 2149 793 2188 meeum
812 2131 942 2188 laturum.
985 2131 1047 2198 Ero,
1064 2133 1159 2205 inquit,
1172 2141 1271 2200 tecum,

101 2213 164 2283 quia
185 2220 238 2268 tani
260 2212 361 2268 honuni
384 2214 554 2286 propositum
578 2214 672 2271 habes.
715 2214 770 2268 Sed
800 2221 909 2269 etcum
931 2212 1057 2268 omuibus
1078 2230 1137 2282 ero,
1159 2217 1271 2286 quicun-

101 2310 154 2365 que
178 2294 229 2349 tale
242 2295 412 2366 propositum
428 2293 580 2349 habuerint.
623 2295 754 2350 ieiunium
769 2294 823 2349 hoe
838 2294 945 2351 custodi
965 2295 992 2348 in
1004 2295 1138 2351 mandatis
1150 2294 1272 2363 llomiui3

100 2376 175 2431 valde
200 2376 273 2430 cuim
295 2377 395 2431 bouum
418 2385 468 2431 est.
511 2374 602 2432 l’rinio
626 2377 745 2431 omnium
760 2392 823 2431 eave
837 2376 869 2431 ab
886 2375 959 2430 omni
976 2375 1127 2448 obprobrio
1143 2377 1271 2450 turpique

101 2457 184 2513 verbo
207 2466 234 2512 et
256 2458 333 2512 noxia
356 2457 520 2531 cupiditate,
544 2466 570 2513 et
599 2456 714 2532 purifica
744 2475 853 2514 sensum
886 2465 960 2512 tuum
991 2457 1024 2513 ab
1055 2461 1128 2514 omni
1155 2459 1272 2514 vanitate

100 2540 183 2595 seculi
207 2540 296 2594 huius.
340 2538 368 2594 Si
398 2541 464 2595 bace
487 2541 666 2608 custodieris,
689 2541 740 2595 erit
760 2541 813 2596 hoe
840 2540 968 2596 ieiunium
996 2540 1104 2596 iustum.
1147 2540 1195 2596 lllo
1218 2540 1271 2609 die,

101 2640 155 2693 quo
179 2622 320 2689 ieiunabis,
342 2623 483 2678 custoditis
506 2624 557 2690 bis,
581 2639 648 2697 quae
672 2623 785 2691 audisti,
809 2623 849 2678 sic
870 2623 962 2679 facies.
1005 2621 1093 2677 Nichil
1115 2623 1196 2691 edes,
1219 2622 1272 2678 nisi

100 2721 197 2777 panem
220 2713 245 2760 et
266 2722 371 2778 aquam,
396 2713 422 2759 et
444 2715 570 2779 computa
592 2705 725 2780 praetium
746 2705 913 2778 reliquorum
935 2713 1098 2777 sumptuum,
1120 2706 1194 2778 quud
1212 2721 1272 2763 ero·

100 2797 211 2860 gaturus
234 2805 303 2855 cras,
325 2796 353 2843 et
375 2788 437 2843 inde
459 2789 491 2844 dn
513 2788 609 2845 viduae
641 2796 668 2844 et
690 2788 791 2862 pupillo
825 2795 852 2844 et
875 2787 956 2862 inopi.
1000 2787 1033 2843 Et
1063 2789 1102 2845 sic
1124 2788 1271 2861 perlectam

100 2869 182 2927 lacies
204 2871 380 2927 humilitatem
410 2871 513 2927 animae
542 2870 833 2945 tuae'prolieientem,
863 2878 891 2927 et
918 2872 965 2944 qui
991 2889 1006 2927 a
1036 2878 1061 2926 te
1088 2872 1272 2946 perceperint,

101 2955 198 3009 satient
218 2955 332 3009 animam
354 2971 438 3022 suam,
461 2962 487 3010 et
508 2971 558 3027 pro
579 2954 632 3009 hoc
657 2970 741 3027 opere
761 2954 839 3012 vadet
867 2953 900 3009 ad
928 2953 1070 3010 [lominum
1099 2954 1185 3010 oratio
1216 2961 1272 3014 tua.

100 3067 152 3123 τοῦ
149 3058 305 3164 ἀρίστου,
324 3086 359 3124 ou
348 3053 492 3142 ἔμελλες
522 3063 633 3125 ἐσθίειν
654 3057 719 3124 κατ’
744 3056 921 3165 ἐκείνην
891 3086 945 3142 την
968 3057 1118 3164 dpdpov,
1126 3056 1180 3135 doc
1198 3056 1273 3147 χήρᾳ

101 3140 121 3223 ἢ
143 3140 266 3247 dqtpdvqi
284 3141 305 3224 ἢ
335 3147 571 3250 oeepovpdvpi,ri
549 3144 657 3250 πρὸς
651 3141 687 3207 ὃν
717 3141 753 3225 δὴ
769 3151 901 3251 sepulc
910 3141 1059 3226 ἐμπλήσας
1088 3169 1141 3223 την
1168 3123 1273 3208 ἑαυτοῦ

101 3224 211 3306 ψυχὴν,
233 3208 344 3302 εὔξεται
364 3225 436 3311 ὖπέρ
459 3250 512 3292 σου
533 3253 608 3311 προς
621 3225 730 3311 κύριον.
769 3225 844 3291 Ἐὰν
865 3220 920 3292 οὖν
939 3224 1272 3314 τελέσῃςτὴννηστείαν,

152 3395 178 3458 2)
197 3397 319 3445 exsolvunt
331 3396 390 3455 Vnt,
407 3395 447 3443 ubi
467 3396 669 3460 expungituri
627 3396 669 3444 tibi
757 3395 784 3458 9)
803 3397 829 3444 Si
847 3397 897 3446 Vnt.

102 3470 276 3592 antesspceqrrqm
294 3530 362 3579 deest
382 3529 406 3577 iii
424 3530 474 3577 lai.
758 3493 800 3558 1⁰)
818 3497 864 3544 Cibi
885 3498 966 3544 cmm
996 3509 1063 3558 quem
1088 3497 1194 3544 eduum
1218 3510 1272 3546 em

154 3598 180 3656 4)
199 3598 240 3644 sm
260 3605 337 3646 amm
361 3604 455 3660 praem
475 3611 503 3643 w
521 3609 590 3657 quam
609 3594 672 3656 quod
705 3562 786 3611 diebos
807 3568 938 3624 auniptiium
953 3561 1001 3610 Vat.
1030 3561 1063 3609 En
1083 3562 1169 3611 eodem
1187 3563 1273 3613 etPal.

101 3665 219 3712 niundoii‘t
245 3666 353 3711 dontinus
384 3664 475 3727 aliquid
502 3664 555 3710 boui
584 3663 671 3722 seceris
706 3629 807 3703 ‘lemn
834 3635 855 3676 εἰ
875 3636 929 3677 ³⁰⁸⁰
946 3644 992 3692 W
995 3628 1037 3676 '¹1¹⁰
1063 3627 1231 3694 (mmuh)
1250 3637 1272 3679 a

102 3733 213 3778 nioiorem
232 3731 367 3791 dignitatem
386 3732 526 3792 dignitatern
544 3728 671 3791 (subnota-
705 3695 840 3757 ''¹⁰¹’ipab'
859 3696 916 3807 st}
950 3694 1040 3743 ⁰⁰i¹¹d⁰
1058 3698 1218 3775 ⁰⁰”⁸“m⁰fi⁸t
1247 3711 1271 3760 Ρ·

103 3800 162 3860 tuin)
181 3797 224 3843 tilii
248 3797 349 3858 acquiris
376 3797 493 3845 honestior
515 3797 577 3859 opud
594 3797 671 3844 domi·
705 3763 875 3810 ⁶⁰²⁸³umm⁰b¹⁸
913 3769 959 3821 π’
990 3777 1043 3810 ωω
1061 3777 1109 3826 Ψω
1133 3778 1219 3827 ⁸⁰f¹l¹⁸¹
1241 3778 1272 3811 ‘⁹¹'

102 3879 156 3912 aioni
175 3865 221 3911 eris
239 3878 308 3926 quoni
326 3863 389 3925 quod
405 3878 458 3911 eros
477 3865 571 3925 futurus
589 3862 639 3912 Vnt.
705 3843 732 3876 ’Β
751 3842 774 3890 p'
790 3828 852 3888 ωε·
870 3844 900 3876 ‘²
920 3843 955 3878 ⁶⁰·
973 3829 1059 3878 ΜΝ
1075 3830 1174 3879 mmm
1192 3837 1272 3879 ⁸¹¹⁸&

104 3929 222 4047 Μ
238 3929 413 4059 ΜΜ

155 4066 181 4129 o)
199 4065 245 4112 tole
263 4064 305 4112 l'nt
705 4041 776 4089 qnam
794 4029 941 4089 praeclaram
959 4029 1020 4078 hane
1037 4029 1117 4079 ieiunii
1136 4042 1189 4077 nuni
1207 4028 1272 4078 elee-

153 4132 180 4195 7)
197 4132 223 4180 gg
240 4132 290 4179 g„-
307 4100 312 4111 '
705 4107 804 4156 mosyna
820 4095 1029 4147 consoclationem.
1053 4094 1101 4146 Cot.
1118 4095 1271 4147 lluereleras

155 4197 182 4260 8)
200 4198 232 4246 Ex
249 4198 330 4246 Doctr.
357 4197 387 4245 ad
413 4197 520 4246 dntiocb.
547 4195 671 4257 n.16.p.
704 4159 812 4212 Anti⁰⁰h'
830 4161 894 4212 Imm·
911 4163 935 4214 7¹

107 4263 164 4339 lbi.
184 4264 265 4340 lderitq
283 4263 354 4340 laude
373 4265 473 4312 llermae
492 4261 625 4338 doctrinam
644 4262 673 4311 de
757 4292 784 4357 3)
800 4297 944 4360 perciperem
963 4295 1013 4344 pat,

106 4328 225 4391 spirituali
234 4344 322 4378 ieiunio
334 4327 673 4388 celebrntdheanderdlireli.

106 4396 191 4447 Gescb.
211 4395 237 4444 Τ.
249 4396 265 4445 l.
282 4410 307 4459 p.
319 4397 376 4448 41³.
754 4395 783 4460 l)
800 4395 936 4445 Mutandum
954 4407 1008 4444 esse
1023 4391 1117 4444 ridetur
1134 4393 1159 4445 in
1170 4395 1252 4456 filium.
