2886 4882
242 236 382 295 nunno
405 236 544 295 casroi.
585 238 684 296 trodo
709 240 741 296 ll.
782 242 928 302 tttdutl.
949 242 993 304 ll.
1013 240 1058 319 (D)
1167 244 1229 308 449

57 404 161 479 aliquid
184 403 325 460 dissimile
346 404 453 472 vitium3
474 421 599 478 magnum
621 406 693 462 edim
707 407 834 464 delictum
857 409 986 478 admittis,
1009 412 1032 467 si
1051 416 1116 486 quid
1129 416 1226 473 horum

57 488 164 545 leceris.
206 486 261 544 Sed
283 488 408 561 coniugis
429 503 539 560 semper
554 504 658 545 memor
670 499 733 547 tuae
745 491 853 547 carebis
867 492 920 547 lroc
933 502 1082 565 peccatum.
1124 497 1227 566 Quodsi

57 570 212 628 huiusmodi
234 570 369 626 desideria
392 571 418 625 io
442 587 490 626 cor
513 578 585 627 tuum
608 574 822 646 penetraverint,
844 582 890 630 aut
911 574 954 629 his
976 576 1091 647 similia,
1111 582 1228 654 graviter

57 652 194 729 peccabis.
216 653 287 710 Talis
311 653 534 726 eoncupiscentia
556 671 636 710 servo
658 657 705 713 Dei
727 658 870 712 maximum
895 656 1024 714 delictum
1047 668 1097 727 est,
1119 668 1147 718 et
1168 665 1225 736 qui·

57 753 166 811 cunque
188 752 246 793 rem
268 745 322 793 tam
344 735 489 792 scelestam
518 736 645 807 admittit,
677 748 791 796 mortem
826 738 878 796 sibi
899 739 1020 796 fabricat
1063 740 1130 799 Vide
1160 761 1226 818 ergo

56 828 100 877 tu:
122 819 273 876 abstinete
297 818 330 875 ab
353 819 403 875 lrac
426 820 598 891 cogitatione.
640 821 706 878 Nam
729 821 774 878 ubi
791 823 920 878 sanctitas
937 822 1046 892 habitat,
1057 824 1095 881 ibi
1107 828 1227 899 nequitia

57 920 111 959 oon
134 902 215 960 debet
237 919 285 958 cor
307 901 424 957 hominis
446 894 569 958 violare.²
612 903 741 960 iustitiam
764 904 887 961 observa.
930 904 996 961 Dico
1025 905 1078 962 illi:
1100 910 1225 982 permitte

56 987 122 1042 milri
144 986 261 1055 domine,
284 994 314 1041 ut
336 993 361 1040 te
383 1001 468 1059 panea
482 986 656 1060 interrogem.
698 986 755 1056 Dic,
777 988 874 1060 inquit
919 987 1039 1056 Domine,
1061 991 1085 1045 si
1113 1007 1225 1047 uxorem

57 1071 128 1142 quis,
152 1071 270 1142 inquam,
292 1067 390 1124 lrabeat
421 1069 447 1123 in
471 1069 583 1125 Domino
606 1068 723 1138 fidelem,
744 1077 772 1126 et
792 1086 850 1126 eam
881 1078 978 1144 postea
1009 1071 1157 1130 adulteram
1180 1073 1225 1129 de·

57 1152 216 1225 prehendat
239 1167 342 1224 quaero
363 1167 396 1206 an
418 1159 524 1224 peccet,
546 1153 570 1207 si
600 1169 660 1209 eom
682 1153 725 1209 illa
747 1153 823 1208 vivat.
864 1153 897 1209 Et
919 1153 984 1209 dixit
1005 1153 1083 1210 milri:
1106 1155 1226 1229 quandiu

58 1234 155 1293 delicta
176 1235 247 1291 idios
270 1235 443 1308 ignoraverit,
466 1251 519 1290 non
542 1243 652 1308 peccat;
681 1237 705 1292 si
727 1243 815 1292 autem
838 1234 910 1291 illius
931 1244 1072 1310 peccatum
1093 1253 1225 1312 cognove-

57 1319 100 1386 rit,
122 1326 149 1375 et
170 1317 267 1376 mulier
289 1317 483 1390 poeniteutiam
504 1318 547 1373 sui
569 1335 624 1374 non
644 1319 740 1392 egerit,
762 1318 854 1375 sedin
876 1319 970 1375 cadem
991 1320 1111 1392 nequitia
1132 1337 1225 1394 perse·

56 1402 197 1469 remearit,
222 1399 361 1472 delinquet
382 1401 435 1468 vir,
458 1401 481 1456 si
503 1416 564 1456 cum
585 1417 617 1457 ea
638 1402 720 1468 vivat,
742 1409 768 1456 et
796 1401 934 1475 particeps
964 1402 1145 1460 conscientiae
1166 1403 1225 1461 eius

57 1481 113 1541 liet.
155 1482 225 1552 Quid
246 1499 323 1556 ergo,
344 1483 464 1555 inquam,
485 1483 563 1539 iaciat
584 1485 714 1551 maritus,
736 1484 760 1538 si
780 1500 848 1540 uxor
876 1483 904 1539 io
925 1483 1023 1541 eodem
1050 1485 1113 1542 vitio
1134 1501 1227 1561 perse·

58 1567 207 1624 verareritl
230 1567 356 1630 Dimittat,
378 1566 474 1639 inquit,
498 1565 578 1634 illam,
601 1575 629 1622 et
651 1558 720 1639 ipse⁸
742 1567 886 1623 contineat.
928 1566 1030 1635 Quodsi
1052 1567 1163 1625 dimissa
1181 1568 1225 1625 illa

58 1649 136 1707 mam
155 1665 267 1707 uxorem
292 1648 407 1716 duxerit,
428 1658 456 1705 et
477 1648 536 1721 ipse
558 1648 719 1705 adulterium
741 1649 893 1706 committit
937 1648 965 1705 Si
985 1656 1084 1720 autem,
1107 1652 1224 1726 inquam,

59 1731 179 1800 domine,
193 1740 296 1807 postea,
320 1748 389 1805 quae
411 1730 557 1788 abeodem
579 1731 687 1788 dimissa
708 1738 752 1788 est
771 1731 876 1801 mulier,
894 1738 921 1789 et
939 1732 1009 1806 gerit
1030 1734 1225 1807 poenitentiam

59 1823 87 1872 et
109 1815 143 1873 ad
164 1816 286 1873 maritum
307 1831 385 1872 suum
408 1816 507 1872 reverti
528 1814 652 1882 voluerit,
675 1830 729 1871 oon
751 1815 919 1890 recipietur?
960 1814 992 1872 Et
1014 1816 1081 1873 dixit
1100 1817 1180 1874 mihis
1201 1815 1225 1874 sl

58 1905 169 1973 recepta
189 1915 243 1957 non
266 1899 355 1966 luerit,
378 1896 503 1971 peccabit
524 1898 636 1955 maritus
658 1904 686 1954 et
707 1891 822 1972 grande⁴
844 1899 871 1955 in
894 1915 923 1956 se
946 1899 1073 1957 delictum
1094 1898 1226 1957 admittet

59 1979 160 2050 Dmnis,
180 1999 248 2055 quae
270 1982 462 2056 poenitentiam
485 1982 644 2039 delictorum
667 1981 729 2055 agit,
750 1983 835 2057 recipi
849 1981 958 2056 quidem
977 1983 1126 2040 cumveuia
1138 1983 1226 2052 debet,

57 2063 107 2121 sed
127 2080 182 2121 nou
205 2067 238 2120 ad
262 2065 380 2139 singula,
402 2081 482 2121 servo
504 2066 575 2122 enim
604 2064 651 2120 Dei
673 2080 726 2119 nna
747 2066 927 2143 poenitentiae
954 2066 1031 2123 venia
1061 2065 1227 2140 indulgetur.

57 2146 122 2204 IDeo
145 2164 210 2221 ergo
232 2150 344 2205 maritus
371 2156 436 2222 post
455 2148 598 2204 divortium
631 2146 723 2202 uxoris
754 2145 831 2202 aliam
861 2162 916 2202 nou
947 2145 1027 2201 debet
1055 2148 1171 2217 ducere,
1192 2163 1228 2204 uc

57 2230 238 2304 poenitentiae
277 2231 449 2287 occasionem
477 2229 584 2284 mulieri
613 2227 724 2281 aulerat.
774 2227 846 2283 llaec
881 2242 925 2282 res
958 2233 1012 2281 tam
1044 2227 1116 2296 viro,
1146 2243 1226 2301 quam

56 2312 162 2370 mulieri
185 2314 336 2370 eommunis
359 2319 408 2366 est.
452 2308 618 2363 Adulterium
641 2312 728 2360 auteur
752 2321 806 2360 non
829 2298 866 2360 is⁵
895 2312 996 2360 tantum
1026 2306 1155 2375 admittit,
1178 2309 1225 2379 qui

58 2410 165 2453 caruem
188 2413 263 2452 suam
286 2396 423 2465 inquiram
443 2389 492 2445 sed
513 2395 540 2444 et
563 2387 625 2453 ille,
647 2385 693 2457 qui
715 2386 812 2440 similia
843 2384 998 2440 hominibus
1028 2386 1109 2443 liuius
1130 2388 1226 2457 seculi,

56 2493 126 2551 quos
150 2486 178 2533 et
199 2477 323 2532 ethnicos
353 2488 490 2537 vocamus,
514 2469 586 2537 lacit,
610 2475 637 2524 et
658 2467 717 2538 ipse
740 2465 846 2522 adulter
866 2472 916 2522 est
959 2464 1025 2521 ideo
1055 2469 1078 2523 si
1108 2468 1168 2539 quis
1198 2468 1226 2525 in

56 2559 190 2617 eiusmodi
215 2556 319 2611 actibus
342 2553 527 2627 permanehit,
551 2559 578 2607 et
599 2547 790 2624 poenitentiam
820 2563 875 2603 noo
905 2546 1007 2620 egerit,
1040 2546 1228 2606 abstinebisa

55 2638 261 2699 conversatione
284 2640 352 2694 eius.
396 2635 442 2690 Sin
472 2641 561 2690 antem
589 2629 659 2703 [non
688 2625 824 2700 recedas]
856 2637 884 2686 et
912 2630 970 2704 ipse
1000 2630 1028 2686 in
1059 2631 1227 2688 consortium

10 2707 18 2726 ⁸
56 2724 218 2781 delictorum
242 2719 301 2775 eius
329 2719 430 2777 venies.
479 2717 534 2773 llac
563 2731 697 2773 excausa
720 2713 889 2788 praecipitur
918 2719 946 2769 et
973 2714 1031 2770 viro
1061 2719 1089 2769 et
1110 2711 1227 2783 mulieri,

56 2815 86 2864 ut
106 2806 130 2861 si
154 2803 296 2860 divortium
319 2802 448 2869 iecerint,
472 2808 589 2872 uterque
610 2814 641 2855 se
663 2797 732 2853 intra
754 2812 784 2852 se
808 2795 972 2864 custodiant,
995 2796 1059 2870 quia
1079 2795 1181 2869 poterit
1200 2797 1226 2853 in

58 2888 191 2946 eiusmodi
214 2887 292 2942 lactis
314 2876 492 2961 poenitentia⁸
514 2882 603 2939 locum
627 2879 737 2937 habere.
780 2879 836 2954 Ego
857 2887 963 2943 autem,
987 2880 1086 2952 inquit,
1115 2895 1170 2935 non
1192 2880 1227 2937 do

58 2972 242 3038 occasionem,
261 2967 432 3026 uteiusmodi
443 2975 519 3023 actus
531 2966 564 3022 ad
575 2964 700 3022 ellectum
713 2963 865 3036 perveniat;
887 2962 936 3017 scd
947 2969 977 3017 ut
987 2961 1091 3017 desinat
1101 2978 1228 3034 peecare,

60 3054 105 3126 qui
134 3070 221 3125 usque
253 3053 344 3109 adlruc
374 3050 502 3123 peccarit.
544 3047 608 3103 Nam
637 3047 671 3102 de
701 3044 838 3118 prioribus
869 3043 973 3099 delictis
1003 3044 1061 3099 eins
1090 3050 1148 3111 est,
1181 3045 1228 3117 qni

60 3137 163 3193 mederi
184 3143 276 3209 potest
295 3135 400 3192 omnia:
424 3133 477 3198 ille,
499 3131 546 3204 qui
567 3131 650 3187 habet
671 3128 790 3185 omnium
812 3143 904 3183 rerum
926 3133 1098 3198 potestatem.

142 3214 180 3286 (c)
203 3218 233 3274 ll.
276 3219 377 3276 lterum
400 3216 453 3272 disi
476 3214 527 3270 illi:
556 3205 698 3287 quia¹me
728 3211 856 3266 Dominus
887 3209 997 3282 dignum
1026 3206 1136 3278 habuit,
1166 3225 1228 3268 oum

61 3318 116 3375 qno
139 3316 248 3374 semper
270 3302 415 3367 habitares,
434 3312 580 3370 paucarum
597 3293 839 3366 interrogationum
854 3293 918 3348 mihi
937 3293 1016 3349 etiam
1033 3308 1106 3349 nunc
1119 3301 1230 3367 praesta

62 3463 198 3513 delictorum
216 3465 279 3524 opit:
297 3462 367 3523 recipi
387 3458 541 3522 quidemrrrm
558 3454 626 3504 verrio
660 3454 719 3513 ciro,
738 3453 802 3509 Vnt,
821 3460 939 3515 expuncto
960 3434 1030 3514 pron'.
1048 3454 1088 3500 dcc
1105 3459 1160 3501 aute
1177 3469 1230 3501 mo·

63 3530 143 3579 debet:
170 3530 211 3577 aed
229 3545 272 3577 uon
292 3531 322 3577 od
341 3526 442 3589 stragulo.
478 3524 547 3571 Servo
568 3525 626 3570 euim
661 3536 720 3568 arere.
741 3520 839 3568 Clarius
858 3519 954 3568 omnino
973 3517 1032 3576 eat,
1050 3531 1120 3580 quem
1139 3521 1230 3569 conler.

63 3596 100 3645 dei
117 3611 165 3645 ooo
181 3598 340 3660 poenitentioe
360 3596 427 3643 certio
445 3591 584 3651 indulgetur.
718 3587 759 3649 18)
777 3590 810 3636 sio
828 3586 880 3632 Vct.

114 3663 157 3725 14)
174 3678 219 3712 ooo
238 3677 292 3727 erpo
312 3663 362 3710 Vnt.
720 3669 823 3732 Capll.
861 3665 887 3725 1)
907 3665 964 3713 ltcm
981 3664 1032 3714 llat.

115 3731 157 3793 15)
175 3730 246 3780 Pron.
265 3732 286 3778 is
304 3744 351 3778 non
373 3735 435 3777 extat
453 3727 475 3774 in
494 3725 544 3773 Vct.
712 3737 738 3796 2)
761 3735 837 3781 papate
857 3731 972 3780 mendose
994 3733 1043 3781 var

117 3796 158 3860 16)
178 3797 212 3846 ¹¹²¹
234 3797 299 3856 Vct,
331 3795 476 3857 1111101081οθ
507 3793 626 3841 1011111119
711 3802 738 3865 3)
753 3802 832 3849 elicere
843 3798 901 3856 vac,
916 3798 971 3848 dein
989 3800 1125 3849 obduratum
1131 3814 1155 3861 p.
1164 3799 1229 3847 obtu-

64 3863 134 3926 vulg,
153 3864 206 3914 dein
226 3865 264 3912 sio
285 3871 362 3912 cutem
380 3878 404 3926 p.
423 3862 529 3924 alioquin
546 3859 627 3908 Lamb.
662 3875 737 3918 mrum
754 3874 779 3915 ur
798 3864 878 3913 lamb,

64 3926 629 4047 11113111111111111111111
713 3967 739 4028 2)
756 3959 1226 4016 ronotermcortomosooem.

65 4064 95 4114 aa
113 4064 213 4128 tepuere
230 4064 324 4113 nanno.
345 4063 367 4113 a.
387 4064 436 4112 mr.
454 4059 578 4111 irenaeo.
602 4055 628 4102 τ.
712 4032 740 4162 {3
756 4029 958 4162 iflldipll?
971 4025 1227 4083 odoramentum.

715 4166 742 4230 5)
762 4168 797 4216 laia
817 4165 867 4216 Pal.

716 4234 744 4299 6)
759 4235 931 4298 poenitentiam
949 4229 999 4281 rut.

65 4128 104 4181 ΙΙΙ.
122 4147 146 4195 p.
167 4133 223 4193 151,
241 4146 349 4191 monens,
368 4130 406 4179 hic
426 4130 462 4190 agi
482 4127 511 4174 de
530 4121 629 4180 coniuge

66 4197 194 4248 christiana
218 4199 241 4247 in
266 4198 429 4247 idololatrium
447 4195 556 4253 relapso,
581 4198 630 4232 non

69 4263 99 4314 de
118 4266 218 4327 coniuge
235 4265 336 4325 infideli,
355 4271 381 4311 ut
399 4258 476 4308 lCor.
495 4256 518 4313 l,
539 4252 578 4301 15.

121 4334 163 4395 ll)
178 4339 277 4396 propter
300 4333 343 4380 doc
364 4332 481 4392 peecatum
504 4325 539 4396 est
563 4319 631 4395 nodia
706 4316 774 4395 Dap.
783 4317 811 4366 11.
848 4313 875 4393 1)
894 4312 1004 4391 putl’cl,
1019 4304 1159 4390 ribldelode
1172 4321 1225 4362 mu-

67 4413 137 4464 reper
152 4415 197 4449 noa
217 4401 259 4450 loe
284 4411 376 4448 manem
399 4394 448 4442 sina
467 4389 561 4438 mutere
581 4397 632 4434 rma
666 4389 713 4432 tau
735 4389 940 4446 sotenopotroocm
960 4393 985 4430 ru
1015 4380 1225 4441 tntmopotmmt.

134 4484 227 4535 Pirum
247 4493 331 4532 aroer.
995 4460 1029 4514 29
