2886 4882
199 252 260 318 ooo
376 248 522 310 marran
539 245 679 309 essuos
719 246 820 306 uum
839 246 885 304 ur.
928 245 1062 306 srumr.
1082 241 1192 319 mco)
1284 199 1289 208 ¹

284 414 323 487 (a)
344 415 455 473 XXVlli.
496 416 542 484 ,De
562 416 708 473 undecimo
729 406 804 471 vero¹
825 422 927 481 monto,
951 416 978 470 iu
1001 430 1056 487 quo
1078 419 1155 470 erant
1175 410 1294 469 arbores
1317 410 1376 467 aliis

201 511 282 576 atque
304 500 362 558 aliis
385 498 518 556 trucubus
534 506 671 566 oneratae,
693 498 721 555 Ιιί
743 505 814 567 sunt,
837 496 1078 571 quiorediderunt,
1101 503 1256 572 etpropter
1274 509 1377 551 nomen

201 585 306 641 Domini
326 591 442 639 mortem
465 581 600 651 obierunt,
623 589 651 638 et
671 582 759 637 auimo
781 588 909 654 prompto
931 581 1005 654 passi
1026 587 1096 648 sunt,
1119 587 1146 635 et
1168 596 1200 636 ex
1214 586 1275 634 toto
1290 577 1376 635 corde

200 684 250 725 suo
274 667 375 722 animas
388 682 452 722 suns
476 660 663 721 tradiderunt‘
705 663 737 720 Dt
760 664 827 720 dini:
848 679 943 736 ,quare
964 679 1039 737 ergo,
1063 662 1178 729 domine,
1197 677 1297 718 omnes
1311 650 1375 717 hae'

200 749 312 807 arbores
338 748 440 805 habent
461 748 571 822 quidem
592 746 708 822 tructus,
731 747 780 805 sod
803 761 896 802 earum
919 746 1051 819 quaedam
1068 741 1250 820 pulcriorest‘
1274 739 1375 815 ‚Audi‘

201 833 301 906 inquit:
315 892 318 899 ,
333 832 498 906 ,quicunque
533 839 647 904 propter
675 847 773 887 noman
802 828 908 884 Domini
937 830 1010 902 passi
1035 837 1112 897 sunt,
1142 828 1269 884 honorati
1302 824 1375 901 apud

200 915 284 973 Deum
306 915 457 983 habentur3
486 920 513 969 et
534 914 653 970 omnium
683 930 778 971 eorum
805 903 905 969 deleta⁸
935 920 999 968 suot
1025 911 1137 981 delicta,
1166 911 1229 984 quia
1258 919 1377 984 propter

199 1014 300 1056 nomen
321 997 380 1053 uitii
403 996 450 1053 Dei
471 1004 586 1054 mortem
607 996 742 1053 obierunt.
785 996 871 1065 Quare
899 1003 987 1051 autem
1010 994 1116 1052 fructus
1136 1011 1229 1051 earum
1249 993 1376 1068 dispares

200 1083 271 1150 sint,
300 1088 326 1137 et
354 1079 487 1137 excellant
515 1070 635 1153 quidam⁴
666 1078 833 1147 interillos,
865 1078 941 1134 audi:
964 1079 1125 1151 quicunque
1143 1078 1224 1146 euim,
1246 1076 1374 1150 perducti

201 1165 235 1222 ad
256 1170 413 1237 potestates,
436 1162 595 1234 interrogati
617 1179 672 1219 nou
694 1169 859 1235 negaverunt
880 1153 1045 1230 Dominum,⁶
1066 1161 1115 1218 sed
1137 1168 1264 1234 prompto
1283 1160 1373 1216 animo

200 1246 274 1322 passi
296 1253 372 1314 sunt,
400 1245 592 1302 honoratiores
615 1252 679 1301 suut
706 1245 778 1318 apud
800 1243 899 1312 Deum3
922 1244 969 1318 qui
997 1243 1134 1300 excellunt
1154 1243 1237 1316 igitur
1257 1241 1374 1311 innotus,

200 1344 295 1386 eorum
317 1336 389 1386 sunt.
431 1328 481 1396 Qui
502 1344 566 1385 cero
589 1328 675 1385 timidi
696 1335 724 1384 ot
744 1327 818 1385 dubii
834 1328 951 1395 fuerunt,
973 1336 1001 1384 et
1013 1326 1230 1384 deliberaverunt
1242 1326 1268 1381 in
1288 1325 1374 1382 corde

200 1427 261 1481 suo,
284 1421 409 1470 utrumne
439 1403 603 1469 faterentur⁸
634 1428 667 1467 an
696 1418 846 1484 negarent,
875 1419 903 1466 et
929 1411 1003 1484 passi
1032 1419 1109 1466 sunt:
1138 1410 1236 1466 horum
1267 1408 1375 1464 iruoms

201 1496 354 1569 exiguiores
376 1503 449 1563 sunt,
471 1495 597 1569 quoniam
619 1494 687 1553 iraec
709 1494 837 1568 cogitatio
859 1485 993 1550 ascondit'
1015 1494 1042 1549 in
1067 1493 1149 1550 corda
1171 1508 1282 1561 eorum3
1304 1490 1374 1548 maia

201 1579 272 1637 enim
299 1596 333 1635 ac
362 1596 478 1653 nequam
499 1587 541 1636 est
571 1578 727 1635 huiusmodi
756 1578 899 1650 cogitatio,
927 1575 987 1650 peri
1008 1576 1041 1633 de
1070 1592 1101 1632 ac
1128 1568 1163 1631 si⁸
1185 1576 1247 1648 quis
1276 1590 1374 1631 seruus

201 1671 282 1737 neget
303 1662 451 1719 Dominum.
494 1653 604 1718 Cavete⁹
625 1662 708 1735 igitur
726 1677 789 1730 vos,
813 1660 860 1733 qui
881 1593 1035 1715 huiusmt'Di
1057 1659 1234 1732 cogitationes
1256 1657 1374 1726 habetis,

200 1761 235 1803 no
256 1752 413 1819 permaneat
445 1746 512 1803 isaeo
533 1761 610 1801 mens
632 1745 659 1800 in
680 1745 772 1812 vobis,
794 1751 821 1800 et
842 1743 897 1799 Deo
919 1743 1081 1799 moriamini.
1124 1742 1178 1798 Vos
1199 1741 1293 1815 igitur,
1314 1741 1374 1814 qui·

200 1843 311 1902 cunque
339 1835 453 1901 propter
473 1827 526 1884 hoe
552 1842 651 1883 nomen
673 1834 789 1883 mortem
811 1823 905 1894 obitis,
928 1824 1070 1882 Dominum
1093 1825 1230 1881 honorare
1251 1822 1374 1890 debetis3

201 1910 275 1983 quod
298 1910 394 1982 dignos
422 1925 470 1965 vos
492 1908 575 1965 habet
596 1909 741 1973 Dominus,
763 1916 793 1964 ut
815 1924 912 1964 nomen
937 1908 996 1965 eius
1019 1907 1128 1983 ieratis,
1150 1916 1178 1964 et
1198 1907 1287 1962 omnia
1311 1922 1373 1980 pec·

201 1999 261 2047 eata
290 1999 380 2048 vestra
408 1991 582 2047 redimantur.
629 1985 748 2048 Nonne¹⁰
781 2006 848 2064 ergo
877 2007 925 2047 vos
953 1992 1042 2065 potius
1070 1990 1164 2048 soliers
1195 1988 1374 2046 existimatist

200 2070 295 2131 Putate
318 2074 417 2147 potius,
440 2074 464 2130 si
485 2076 547 2148 quis
570 2090 602 2131 ex
625 2073 701 2131 vobis
722 2075 838 2148 patitur,
859 2090 984 2147 magnum
1007 2091 1077 2148 opus
1098 2071 1243 2149 perficere.
1286 2072 1375 2128 Vitam

201 2149 294 2214 enim¹¹
321 2155 398 2214 vobis
430 2158 512 2214 donat
534 2156 677 2228 Dominus,
698 2174 749 2214 neo
779 2156 936 2230 intelligitis.
979 2156 1078 2214 Delicta
1106 2158 1177 2214 enim
1203 2163 1293 2213 vestra
1309 2170 1374 2212 sos

201 2239 361 2314 gravabant,
392 2248 420 2297 et
441 2241 492 2298 nisi
514 2243 589 2316 passi
615 2241 714 2298 essetis
744 2241 824 2298 huius
850 2241 967 2297 nominis
995 2256 1092 2309 causa,
1121 2248 1235 2347 propter
1261 2245 1373 2312 peccata

200 2315 300 2380 certo¹²
322 2332 411 2380 vestra
439 2326 540 2382 mortui
559 2325 641 2382 eratis
664 2325 729 2383 Deo.
772 2324 845 2381 Haec
872 2324 954 2397 igitur
981 2323 1058 2380 vobis
1086 2315 1173 2391 dico,¹
1214 2322 1373 2396 quicunqne

200 2405 355 2464 deliberatis
382 2407 415 2464 de
439 2408 613 2466 confessione
636 2417 684 2466 aut
704 2408 738 2464 de
760 2406 948 2479 abnegatione.
991 2398 1199 2464 confiteamiui¹⁴
1220 2404 1303 2478 igitur
1325 2419 1373 2460 ros

200 2489 302 2547 habere
324 2490 465 2547 Dominum
478 2490 572 2560 Deum,
592 2507 627 2548 ue
641 2491 712 2548 forte
726 2497 857 2564 negantes
870 2489 1010 2546 transmisi
1025 2490 1053 2545 in
1068 2488 1183 2546 vincula.
1226 2487 1255 2543 Si
1277 2503 1372 2543 omnes

200 2573 272 2629 onim
293 2581 389 2647 gentes
411 2590 505 2630 servos
527 2590 593 2631 suos
615 2575 737 2648 puniunt,
761 2572 918 2646 quicunque
938 2573 1076 2629 dominum
1098 2587 1178 2628 suum
1197 2576 1373 2643 negaverunt,

202 2655 265 2728 quid
289 2656 388 2729 putatis
418 2673 465 2713 vos
495 2657 637 2713 Dominum
658 2647 759 2713 vobis¹⁵
780 2655 922 2723 iacturum,
946 2656 992 2729 qni
1013 2656 1202 2711 universorum
1223 2652 1306 2710 habet
1326 2668 1374 2727 po·

201 2738 344 2794 testatemt
367 2738 514 2796 Demovete
536 2739 619 2812 igitur
648 2739 682 2795 de
701 2738 870 2813 praecordiis
891 2739 988 2795 restris
1012 2737 1060 2794 Das
1096 2736 1279 2795 dubitationes
1307 2726 1373 2793 vel¹⁶

201 2819 407 2894 disputationes,
428 2822 507 2878 utin
529 2829 692 2895 perpetuum
713 2822 807 2878 vivatis
831 2817 906 2880 Deo.‘

284 2965 323 3040 (r)
346 2969 433 3026 XXXX.
477 2972 524 3041 ,De
547 2970 710 3028 duodecimo
731 2988 795 3028 voro
817 2963 919 3027 monte¹
939 2969 1055 3027 candido
1072 2969 1138 3027 tales
1154 2977 1225 3038 sunt,
1247 2969 1293 3042 qui
1315 2985 1374 3026 ore·

173 3093 177 3099 -
202 3050 331 3109 didernnt
351 3054 422 3109 sicut
444 3054 560 3111 infantes
584 3053 693 3122 sinceri,
716 3053 815 3126 quihus
844 3052 919 3110 nulia
940 3051 1041 3109 malitia
1061 3053 1183 3110 ascendit
1203 3053 1230 3108 in
1252 3068 1374 3120 sensum,

201 3151 254 3191 nec
286 3127 442 3191 sciverunt¹
463 3137 529 3209 quid
551 3137 587 3192 sit
613 3134 727 3203 matitia,
750 3136 799 3192 sed
828 3152 938 3210 semper
967 3136 993 3192 in
1024 3135 1179 3192 sinceritate
1208 3143 1375 3191 manserunt

202 3215 362 3272 Huiusmodi
386 3233 452 3290 ergo
476 3217 599 3274 homines
622 3209 694 3273 sine⁸
715 3217 768 3274 ulla
789 3217 955 3275 dubitatione
977 3216 1164 3274 inhabitabunt
1184 3234 1298 3292 regnum
1316 3215 1374 3285 Dei,

202 3298 329 3372 quoniam
353 3299 379 3353 in
403 3298 477 3355 nuiio
499 3301 609 3373 negotio
631 3300 755 3358 mandata
777 3299 823 3358 Dei
844 3300 1055 3369 maculaverunt,
1078 3300 1127 3356 sed
1140 3316 1200 3357 cum
1217 3299 1376 3357 siuoeritate

200 3388 410 3456 permanserunt
437 3398 531 3438 omnes
559 3381 617 3439 dics
638 3383 707 3440 vitae
730 3400 803 3453 suae,
825 3383 921 3441 eodem
944 3399 1043 3439 sensus
1064 3389 1169 3440 tenore.
1212 3382 1375 3455 Quicunque

202 3479 268 3537 ergo
290 3462 508 3538 permanserint‘
530 3465 626 3538 inquit,
647 3466 728 3534 ,sicut
749 3466 875 3535 infaustos,
896 3482 952 3522 non
975 3464 1108 3522 trabentes
1130 3464 1265 3534 maiitiam,
1287 3464 1375 3521 hono·

201 3547 318 3602 rationes
332 3554 412 3604 erunt
424 3547 548 3605 omnibus
564 3547 624 3616 iDis,
639 3565 708 3621 quos
723 3541 787 3606 iam⁴
809 3547 870 3605 diri.
913 3547 1013 3606 Omnes
1028 3549 1099 3604 euim
1116 3547 1233 3604 infantes
1247 3547 1376 3604 honorati

201 3636 266 3685 sum
283 3628 355 3702 apud
377 3629 533 3699 Dominum,
563 3639 591 3686 ct
612 3632 691 3705 primi
714 3631 855 3688 habentur.
899 3630 1003 3687 Xeiicos
1031 3646 1097 3704 ergo
1130 3647 1193 3698 vos,
1217 3631 1374 3705 quicunque

201 3711 370 3768 removeritis
392 3711 520 3769 maiitiam
543 3731 558 3770 a
579 3713 665 3784 vobis,
685 3721 712 3771 et
733 3714 875 3771 indueritis
899 3712 1097 3783 innocentiam
1119 3713 1181 3786 quia
1202 3713 1283 3787 primi
1301 3713 1374 3769 vide·

253 3873 311 3936 Cap.
336 3872 431 3921 XXViii.
475 3870 499 3933 1)
521 3886 575 3921 vero
599 3872 718 3936 adscripsi
743 3887 770 3922 er
805 3871 883 3935 pergit
907 3872 948 3920 red
965 3878 1070 3935 prompto
1097 3875 1173 3922 animo
1188 3871 1295 3935 perpessi
1320 3877 1373 3920 scat

201 3938 251 4055 ἓῖΙ.
270 3941 328 3998 Vat,
346 3939 370 3988 in
389 3947 492 4002 utroque
506 3940 590 4002 pieriae
609 3955 633 4002 p.
654 3946 772 3990 oorrotoe.
805 3939 1003 4002 opoddomioom.
1024 3941 1067 3994 Dor*
1079 3941 1274 4002 eceotomipitor
1283 3940 1374 3999 [noetus

230 4021 249 4056 r.
268 4007 325 4056 sim.
343 4006 367 4065 8,
387 4007 469 4056 teta.
806 4010 849 4054 est.

253 4071 281 4136 2)
299 4074 326 4121 Dc
345 4087 424 4123 omnies
436 4079 527 4136 transp.
543 4072 601 4132 Vnt,
619 4072 660 4121 ubi
672 4075 772 4137 quedam
857 4070 883 4134 6)
900 4072 958 4121 Xute
984 4075 1116 4134 faterentur
1141 4071 1284 4136 expungitur
1300 4086 1375 4135 sepo·

201 4152 255 4187 aero
272 4154 296 4201 p.
314 4141 356 4188 sed
374 4155 454 4189 eorum
471 4139 591 4202 quaedam.
804 4139 926 4189 cereseio
945 4138 996 4189 Vnt.

253 4205 281 4266 ³)
299 4206 455 4264 obolitoVat,
472 4205 517 4253 snb
535 4205 770 4255 Dnsmom.mortem.
857 4204 885 4269 7)
902 4207 1019 4257 descendit
1038 4215 1089 4257 orat
1107 4206 1131 4255 in
1150 4207 1200 4256 vat

232 4268 279 4329 d)
298 4272 407 4335 dispares
436 4279 489 4321 sent
514 4271 614 4320 recitent
637 4271 707 4336 (sic)
723 4275 769 4322 oti·
858 4272 885 4336 8)
903 4279 928 4322 ut
946 4288 970 4336 p.
989 4276 1086 4337 periodo
1105 4289 1132 4323 oe
1150 4275 1172 4322 si
1193 4275 1242 4324 Xat

75 4318 310 4606 Ἴ
855 4338 883 4403 9)
904 4339 995 4390 Gooetrs
1019 4355 1081 4390 maa.
1108 4355 1158 4389 see.
1186 4349 1323 4392 correctum
1350 4341 1374 4390 in

299 4397 357 4452 doe
375 4404 502 4458 Dominam
526 4403 697 4470 praetermisso
718 4405 770 4458 Vnt.
806 4405 913 4458 deuotio
931 4407 994 4467 tat,
1017 4405 1104 4458 deinde
1121 4407 1174 4458 enh.
1192 4422 1221 4457 ne
1237 4413 1375 4473 permearet
