<?xml version="1.0" encoding="UTF-8"?>
<!DOCTYPE html PUBLIC "-//W3C//DTD XHTML 1.0 Transitional//EN"
    "http://www.w3.org/TR/xhtml1/DTD/xhtml1-transitional.dtd">
<html xmlns="http://www.w3.org/1999/xhtml" xml:lang="en" lang="en">
 <head>
  <title>
</title>
<meta http-equiv="Content-Type" content="text/html;charset=utf-8" />
  <meta name='ocr-system' content='tesseract 3.04.00' />
  <meta name='ocr-capabilities' content='ocr_page ocr_carea ocr_par ocr_line ocrx_word'/>
</head>
<body>
  <div class='ocr_page' id='page_1' title='image "./patrumapostolic00polygoog/patrumapostolic00polygoog_0142.png"; bbox 0 0 2886 4882; ppageno 0'>
   <div class='ocr_carea' id='block_1_1' title="bbox 335 210 1310 277">
    <p class='ocr_par' dir='ltr' id='par_1_1' title="bbox 335 210 1310 277">
     <span class='ocr_line' id='line_1_1' title="bbox 335 210 1310 277; baseline -0.002 -4"><span class='ocrx_word' id='word_1_1' title='bbox 335 212 360 273; x_wconf 86' lang='lat' dir='ltr'>l.</span> <span class='ocrx_word' id='word_1_2' title='bbox 380 210 577 275; x_wconf 69' lang='lat' dir='ltr'>tumus</span> <span class='ocrx_word' id='word_1_3' title='bbox 597 214 641 271; x_wconf 79' lang='lat' dir='ltr'>su</span> <span class='ocrx_word' id='word_1_4' title='bbox 664 213 737 272; x_wconf 77' lang='lat' dir='ltr'>con.</span> <span class='ocrx_word' id='word_1_5' title='bbox 765 212 865 272; x_wconf 80' lang='lat' dir='ltr'>xxvtl.</span> <span class='ocrx_word' id='word_1_6' title='bbox 887 213 999 275; x_wconf 83' lang='lat' dir='ltr'>xxvut.</span> <span class='ocrx_word' id='word_1_7' title='bbox 1019 212 1110 277; x_wconf 68' lang='lat' dir='ltr'>xxix</span> <span class='ocrx_word' id='word_1_8' title='bbox 1270 210 1310 272; x_wconf 77' lang='lat'>75</span> 
     </span>
    </p>
   </div>
   <div class='ocr_carea' id='block_1_2' title="bbox 137 362 1313 1185">
    <p class='ocr_par' dir='ltr' id='par_1_2' title="bbox 137 362 1313 1185">
     <span class='ocr_line' id='line_1_2' title="bbox 139 362 1310 442; baseline 0.002 -23"><span class='ocrx_word' id='word_1_9' title='bbox 139 381 176 419; x_wconf 77' lang='lat' dir='ltr'>ns</span> <span class='ocrx_word' id='word_1_10' title='bbox 200 362 263 437; x_wconf 84' lang='lat' dir='ltr'>ipse</span> <span class='ocrx_word' id='word_1_11' title='bbox 292 364 465 433; x_wconf 79' lang='lat' dir='ltr'>mentietur3</span> <span class='ocrx_word' id='word_1_12' title='bbox 492 363 560 423; x_wconf 83' lang='lat' dir='ltr'>nibil</span> <span class='ocrx_word' id='word_1_13' title='bbox 589 366 661 422; x_wconf 88' lang='lat' dir='ltr'>euim</span> <span class='ocrx_word' id='word_1_14' title='bbox 693 366 750 422; x_wconf 74' lang='lat' dir='ltr'>leo</span> <span class='ocrx_word' id='word_1_15' title='bbox 776 366 947 442; x_wconf 80' lang='lat' dir='ltr'>impossihile</span> <span class='ocrx_word' id='word_1_16' title='bbox 976 373 1165 441; x_wconf 76' lang='lat' dir='ltr'><strong>praeterquam</strong></span> <span class='ocrx_word' id='word_1_17' title='bbox 1193 367 1310 424; x_wconf 88' lang='lat' dir='ltr'>mentiri.</span> 
     </span>
     <span class='ocr_line' id='line_1_3' title="bbox 138 446 1310 525; baseline 0.003 -22"><span class='ocrx_word' id='word_1_18' title='bbox 138 448 315 503; x_wconf 64' lang='lat' dir='ltr'>immutetur</span> <span class='ocrx_word' id='word_1_19' title='bbox 336 448 435 521; x_wconf 90' lang='lat' dir='ltr'>itaque</span> <span class='ocrx_word' id='word_1_20' title='bbox 455 448 484 504; x_wconf 90' lang='lat' dir='ltr'>in</span> <span class='ocrx_word' id='word_1_21' title='bbox 505 448 585 505; x_wconf 88' lang='lat' dir='ltr'>nobis</span> <span class='ocrx_word' id='word_1_22' title='bbox 609 446 677 505; x_wconf 82' lang='lat' dir='ltr'>fides</span> <span class='ocrx_word' id='word_1_23' title='bbox 698 450 772 518; x_wconf 89' lang='lat' dir='ltr'>eius,</span> <span class='ocrx_word' id='word_1_24' title='bbox 795 458 822 506; x_wconf 89' lang='lat' dir='ltr'>et</span> <span class='ocrx_word' id='word_1_25' title='bbox 851 450 925 523; x_wconf 88' lang='lat' dir='ltr'>quod</span> <span class='ocrx_word' id='word_1_26' title='bbox 954 450 1043 506; x_wconf 88' lang='lat' dir='ltr'>omnia</span> <span class='ocrx_word' id='word_1_27' title='bbox 1076 449 1129 525; x_wconf 90' lang='lat' dir='ltr'>ipsi</span> <span class='ocrx_word' id='word_1_28' title='bbox 1156 450 1310 524; x_wconf 85' lang='lat' dir='ltr'>propinqua</span> 
     </span>
     <span class='ocr_line' id='line_1_4' title="bbox 138 530 1309 597; baseline 0.003 -11"><span class='ocrx_word' id='word_1_29' title='bbox 138 540 191 597; x_wconf 83' lang='lat' dir='ltr'>snt,</span> <span class='ocrx_word' id='word_1_30' title='bbox 212 530 442 586; x_wconf 72' lang='lat' dir='ltr'>consideremus.</span> <span class='ocrx_word' id='word_1_31' title='bbox 485 530 576 588; x_wconf 85' lang='lat' dir='ltr'>Verbo</span> <span class='ocrx_word' id='word_1_32' title='bbox 599 533 747 588; x_wconf 72' lang='lat' dir='ltr'>maiestatis</span> <span class='ocrx_word' id='word_1_33' title='bbox 769 549 834 588; x_wconf 92' lang='lat' dir='ltr'>suae</span> <span class='ocrx_word' id='word_1_34' title='bbox 867 533 1008 589; x_wconf 88' lang='lat' dir='ltr'>constituit</span> <span class='ocrx_word' id='word_1_35' title='bbox 1035 533 1140 597; x_wconf 85' lang='lat' dir='ltr'>omnia,</span> <span class='ocrx_word' id='word_1_36' title='bbox 1172 540 1200 588; x_wconf 91' lang='lat' dir='ltr'>et</span> <span class='ocrx_word' id='word_1_37' title='bbox 1227 533 1309 590; x_wconf 84' lang='lat' dir='ltr'>uerbo</span> 
     </span>
     <span class='ocr_line' id='line_1_5' title="bbox 138 612 1308 689; baseline 0.003 -20"><span class='ocrx_word' id='word_1_38' title='bbox 138 632 175 669; x_wconf 81' lang='lat' dir='ltr'>sno</span> <span class='ocrx_word' id='word_1_39' title='bbox 193 621 294 687; x_wconf 87' lang='lat' dir='ltr'>potest</span> <span class='ocrx_word' id='word_1_40' title='bbox 314 612 364 669; x_wconf 90' lang='lat' dir='ltr'>illa</span> <span class='ocrx_word' id='word_1_41' title='bbox 385 620 516 672; x_wconf 77' lang='lat' dir='ltr'>evertere.</span> <span class='ocrx_word' id='word_1_42' title='bbox 559 614 635 683; x_wconf 84' lang='lat' dir='ltr'>,Quis</span> <span class='ocrx_word' id='word_1_43' title='bbox 656 615 730 671; x_wconf 88' lang='lat' dir='ltr'>dicet</span> <span class='ocrx_word' id='word_1_44' title='bbox 750 617 792 672; x_wconf 89' lang='lat' dir='ltr'>ei:</span> <span class='ocrx_word' id='word_1_45' title='bbox 821 615 886 689; x_wconf 89' lang='lat' dir='ltr'>quid</span> <span class='ocrx_word' id='word_1_46' title='bbox 908 614 1015 671; x_wconf 83' lang='lat' dir='ltr'>lecisti&#39;l</span> <span class='ocrx_word' id='word_1_47' title='bbox 1050 613 1097 669; x_wconf 85' lang='lat' dir='ltr'>Vel</span> <span class='ocrx_word' id='word_1_48' title='bbox 1119 616 1180 687; x_wconf 90' lang='lat' dir='ltr'>quis</span> <span class='ocrx_word' id='word_1_49' title='bbox 1203 616 1308 674; x_wconf 80' lang='lat' dir='ltr'>tortitu-</span> 
     </span>
     <span class='ocr_line' id='line_1_6' title="bbox 138 695 1309 771; baseline 0.004 -20"><span class='ocrx_word' id='word_1_50' title='bbox 138 697 194 752; x_wconf 84' lang='lat' dir='ltr'>dnis</span> <span class='ocrx_word' id='word_1_51' title='bbox 214 698 281 752; x_wconf 81' lang='lat' dir='ltr'>eius</span> <span class='ocrx_word' id='word_1_52' title='bbox 305 696 403 752; x_wconf 87' lang='lat' dir='ltr'>robori</span> <span class='ocrx_word' id='word_1_53' title='bbox 426 699 537 754; x_wconf 85' lang='lat' dir='ltr'>resistet</span> <span class='ocrx_word' id='word_1_54' title='bbox 547 695 566 753; x_wconf 83' lang='lat' dir='ltr'>l‘</span> <span class='ocrx_word' id='word_1_55' title='bbox 600 697 713 767; x_wconf 77' lang='lat' dir='ltr'><strong>Quando</strong></span> <span class='ocrx_word' id='word_1_56' title='bbox 735 698 798 767; x_wconf 78' lang='lat' dir='ltr'>vult,</span> <span class='ocrx_word' id='word_1_57' title='bbox 820 707 848 754; x_wconf 89' lang='lat' dir='ltr'>ct</span> <span class='ocrx_word' id='word_1_58' title='bbox 869 697 1006 771; x_wconf 91' lang='lat' dir='ltr'>quomodo</span> <span class='ocrx_word' id='word_1_59' title='bbox 1028 696 1093 761; x_wconf 84' lang='lat' dir='ltr'>vult,</span> <span class='ocrx_word' id='word_1_60' title='bbox 1114 698 1204 753; x_wconf 88' lang='lat' dir='ltr'>omnia</span> <span class='ocrx_word' id='word_1_61' title='bbox 1217 698 1309 768; x_wconf 81' lang='lat' dir='ltr'>iaciet3</span> 
     </span>
     <span class='ocr_line' id='line_1_7' title="bbox 138 778 1309 855; baseline 0.004 -22"><span class='ocrx_word' id='word_1_62' title='bbox 138 796 211 853; x_wconf 76' lang='lat' dir='ltr'>reque</span> <span class='ocrx_word' id='word_1_63' title='bbox 233 779 395 853; x_wconf 80' lang='lat' dir='ltr'>quidquam</span> <span class='ocrx_word' id='word_1_64' title='bbox 417 778 451 835; x_wconf 81' lang='lat' dir='ltr'>alr</span> <span class='ocrx_word' id='word_1_65' title='bbox 472 797 506 837; x_wconf 90' lang='lat' dir='ltr'>eo</span> <span class='ocrx_word' id='word_1_66' title='bbox 528 779 614 837; x_wconf 86' lang='lat' dir='ltr'>semel</span> <span class='ocrx_word' id='word_1_67' title='bbox 637 780 777 837; x_wconf 88' lang='lat' dir='ltr'>decretum</span> <span class='ocrx_word' id='word_1_68' title='bbox 799 779 965 855; x_wconf 65' lang='lat' dir='ltr'>praeteribit</span> <span class='ocrx_word' id='word_1_69' title='bbox 1008 779 1101 836; x_wconf 87' lang='lat' dir='ltr'>Omnia</span> <span class='ocrx_word' id='word_1_70' title='bbox 1127 795 1218 836; x_wconf 89' lang='lat' dir='ltr'>coram</span> <span class='ocrx_word' id='word_1_71' title='bbox 1249 781 1309 853; x_wconf 85' lang='lat' dir='ltr'>ipso</span> 
     </span>
     <span class='ocr_line' id='line_1_8' title="bbox 138 860 1310 935; baseline 0.001 -18"><span class='ocrx_word' id='word_1_72' title='bbox 138 872 201 925; x_wconf 79' lang='lat' dir='ltr'>nat.</span> <span class='ocrx_word' id='word_1_73' title='bbox 236 860 372 935; x_wconf 81' lang='lat' dir='ltr'>nihilque</span> <span class='ocrx_word' id='word_1_74' title='bbox 399 863 543 920; x_wconf 85' lang='lat' dir='ltr'>consilium</span> <span class='ocrx_word' id='word_1_75' title='bbox 571 863 631 920; x_wconf 90' lang='lat' dir='ltr'>eius</span> <span class='ocrx_word' id='word_1_76' title='bbox 660 863 745 920; x_wconf 85' lang='lat' dir='ltr'>latuit.</span> <span class='ocrx_word' id='word_1_77' title='bbox 785 862 824 931; x_wconf 86' lang='lat' dir='ltr'>‚Si</span> <span class='ocrx_word' id='word_1_78' title='bbox 854 863 923 920; x_wconf 87' lang='lat' dir='ltr'>coeli</span> <span class='ocrx_word' id='word_1_79' title='bbox 951 870 1076 920; x_wconf 85' lang='lat' dir='ltr'>enarrant</span> <span class='ocrx_word' id='word_1_80' title='bbox 1105 861 1217 934; x_wconf 87' lang='lat' dir='ltr'>gloriam</span> <span class='ocrx_word' id='word_1_81' title='bbox 1247 862 1310 931; x_wconf 85' lang='lat' dir='ltr'>llei;</span> 
     </span>
     <span class='ocr_line' id='line_1_9' title="bbox 139 942 1313 1019; baseline 0 -18"><span class='ocrx_word' id='word_1_82' title='bbox 139 963 194 1019; x_wconf 80' lang='lat' dir='ltr'>qus</span> <span class='ocrx_word' id='word_1_83' title='bbox 214 961 355 1001; x_wconf 88' lang='lat' dir='ltr'>manuum</span> <span class='ocrx_word' id='word_1_84' title='bbox 376 945 436 1003; x_wconf 87' lang='lat' dir='ltr'>eius</span> <span class='ocrx_word' id='word_1_85' title='bbox 458 946 597 1003; x_wconf 85' lang='lat' dir='ltr'>annuntiat</span> <span class='ocrx_word' id='word_1_86' title='bbox 617 944 825 1005; x_wconf 85' lang='lat' dir='ltr'>firmamentum.</span> <span class='ocrx_word' id='word_1_87' title='bbox 867 945 927 1002; x_wconf 82' lang='lat' dir='ltr'>Dies</span> <span class='ocrx_word' id='word_1_88' title='bbox 950 947 1004 1003; x_wconf 88' lang='lat' dir='ltr'>diei</span> <span class='ocrx_word' id='word_1_89' title='bbox 1025 952 1131 1003; x_wconf 87' lang='lat' dir='ltr'>eructat</span> <span class='ocrx_word' id='word_1_90' title='bbox 1151 942 1313 1008; x_wconf 82' lang='lat' dir='ltr'>verbumst</span> 
     </span>
     <span class='ocr_line' id='line_1_10' title="bbox 137 1029 1311 1104; baseline 0 -20"><span class='ocrx_word' id='word_1_91' title='bbox 137 1046 178 1085; x_wconf 83' lang='lat' dir='ltr'>im</span> <span class='ocrx_word' id='word_1_92' title='bbox 202 1029 286 1085; x_wconf 89' lang='lat' dir='ltr'>nocti</span> <span class='ocrx_word' id='word_1_93' title='bbox 325 1029 430 1085; x_wconf 85' lang='lat' dir='ltr'>iudicat</span> <span class='ocrx_word' id='word_1_94' title='bbox 455 1030 613 1097; x_wconf 82' lang='lat' dir='ltr'>scicntiam3</span> <span class='ocrx_word' id='word_1_95' title='bbox 651 1037 680 1087; x_wconf 87' lang='lat' dir='ltr'>ct</span> <span class='ocrx_word' id='word_1_96' title='bbox 705 1047 759 1087; x_wconf 89' lang='lat' dir='ltr'>uon</span> <span class='ocrx_word' id='word_1_97' title='bbox 790 1038 855 1086; x_wconf 91' lang='lat' dir='ltr'>sunt</span> <span class='ocrx_word' id='word_1_98' title='bbox 887 1029 1010 1104; x_wconf 87' lang='lat' dir='ltr'>loquelae</span> <span class='ocrx_word' id='word_1_99' title='bbox 1041 1044 1130 1102; x_wconf 89' lang='lat' dir='ltr'>neque</span> <span class='ocrx_word' id='word_1_100' title='bbox 1160 1043 1311 1097; x_wconf 86' lang='lat' dir='ltr'>sermones,</span> 
     </span>
     <span class='ocr_line' id='line_1_11' title="bbox 137 1109 613 1185; baseline 0.002 -17"><span class='ocrx_word' id='word_1_101' title='bbox 137 1129 244 1185; x_wconf 81' lang='lat' dir='ltr'>qnorum</span> <span class='ocrx_word' id='word_1_102' title='bbox 266 1127 327 1168; x_wconf 91' lang='lat' dir='ltr'>non</span> <span class='ocrx_word' id='word_1_103' title='bbox 348 1110 492 1169; x_wconf 87' lang='lat' dir='ltr'>audiantur</span> <span class='ocrx_word' id='word_1_104' title='bbox 511 1109 613 1169; x_wconf 61' lang='lat' dir='ltr'>voces!</span> 
     </span>
    </p>
   </div>
   <div class='ocr_carea' id='block_1_3' title="bbox 291 1326 1150 1404">
    <p class='ocr_par' dir='ltr' id='par_1_3' title="bbox 291 1326 1150 1404">
     <span class='ocr_line' id='line_1_12' title="bbox 291 1326 1150 1404; baseline 0.005 -20"><span class='ocrx_word' id='word_1_105' title='bbox 291 1326 408 1385; x_wconf 79' lang='lat' dir='ltr'>XXl&#39;lll.</span> <span class='ocrx_word' id='word_1_106' title='bbox 450 1329 529 1387; x_wconf 76' lang='lat' dir='ltr'>Desa</span> <span class='ocrx_word' id='word_1_107' title='bbox 549 1331 643 1388; x_wconf 82' lang='lat' dir='ltr'>omnio</span> <span class='ocrx_word' id='word_1_108' title='bbox 664 1333 753 1395; x_wconf 73' lang='lat' dir='ltr'>ridet,</span> <span class='ocrx_word' id='word_1_109' title='bbox 776 1347 842 1403; x_wconf 81' lang='lat' dir='ltr'>erpo</span> <span class='ocrx_word' id='word_1_110' title='bbox 863 1330 1007 1403; x_wconf 63' lang='lat' dir='ltr'>supernus</span> <span class='ocrx_word' id='word_1_111' title='bbox 1024 1336 1150 1404; x_wconf 85' lang='lat' dir='ltr'>peccate.</span> 
     </span>
    </p>
   </div>
   <div class='ocr_carea' id='block_1_4' title="bbox 127 1480 1418 2160">
    <p class='ocr_par' dir='ltr' id='par_1_4' title="bbox 127 1480 1418 2160">
     <span class='ocr_line' id='line_1_13' title="bbox 207 1480 1309 1554; baseline 0.002 -20"><span class='ocrx_word' id='word_1_112' title='bbox 207 1480 281 1535; x_wconf 84' lang='lat' dir='ltr'>Cum</span> <span class='ocrx_word' id='word_1_113' title='bbox 315 1481 405 1537; x_wconf 89' lang='lat' dir='ltr'>omnia</span> <span class='ocrx_word' id='word_1_114' title='bbox 431 1481 512 1554; x_wconf 89' lang='lat' dir='ltr'>igitur</span> <span class='ocrx_word' id='word_1_115' title='bbox 539 1481 597 1537; x_wconf 90' lang='lat' dir='ltr'>eius</span> <span class='ocrx_word' id='word_1_116' title='bbox 620 1480 706 1537; x_wconf 85' lang='lat' dir='ltr'>oculis</span> <span class='ocrx_word' id='word_1_117' title='bbox 730 1489 758 1536; x_wconf 93' lang='lat' dir='ltr'>et</span> <span class='ocrx_word' id='word_1_118' title='bbox 779 1480 890 1537; x_wconf 85' lang='lat' dir='ltr'>auribus</span> <span class='ocrx_word' id='word_1_119' title='bbox 912 1486 1034 1554; x_wconf 86' lang='lat' dir='ltr'>pateant,</span> <span class='ocrx_word' id='word_1_120' title='bbox 1056 1486 1207 1536; x_wconf 73' lang='lat' dir='ltr'>metuamus</span> <span class='ocrx_word' id='word_1_121' title='bbox 1239 1496 1309 1549; x_wconf 90' lang='lat' dir='ltr'>euru,</span> 
     </span>
     <span class='ocr_line' id='line_1_14' title="bbox 132 1561 1310 1638; baseline 0.003 -23"><span class='ocrx_word' id='word_1_122' title='bbox 132 1572 153 1617; x_wconf 83' lang='lat' dir='ltr'>et</span> <span class='ocrx_word' id='word_1_123' title='bbox 173 1564 304 1637; x_wconf 85' lang='lat' dir='ltr'>impuras</span> <span class='ocrx_word' id='word_1_124' title='bbox 327 1564 489 1637; x_wconf 87' lang='lat' dir='ltr'>cupiditates</span> <span class='ocrx_word' id='word_1_125' title='bbox 511 1581 655 1638; x_wconf 87' lang='lat' dir='ltr'>pravorum</span> <span class='ocrx_word' id='word_1_126' title='bbox 677 1581 791 1638; x_wconf 87' lang='lat' dir='ltr'>operum</span> <span class='ocrx_word' id='word_1_127' title='bbox 814 1565 987 1635; x_wconf 86' lang='lat' dir='ltr'>deseramus,</span> <span class='ocrx_word' id='word_1_128' title='bbox 1009 1570 1038 1617; x_wconf 92' lang='lat' dir='ltr'>ut</span> <span class='ocrx_word' id='word_1_129' title='bbox 1059 1580 1073 1618; x_wconf 91' lang='lat' dir='ltr'>a</span> <span class='ocrx_word' id='word_1_130' title='bbox 1095 1561 1185 1619; x_wconf 83' lang='lat' dir='ltr'>loturo</span> <span class='ocrx_word' id='word_1_131' title='bbox 1208 1562 1310 1619; x_wconf 87' lang='lat' dir='ltr'>iudicio</span> 
     </span>
     <span class='ocr_line' id='line_1_15' title="bbox 131 1646 1310 1722; baseline 0 -21"><span class='ocrx_word' id='word_1_132' title='bbox 131 1647 183 1701; x_wconf 84' lang='lat' dir='ltr'>eins</span> <span class='ocrx_word' id='word_1_133' title='bbox 207 1646 405 1702; x_wconf 87' lang='lat' dir='ltr'>misericordia</span> <span class='ocrx_word' id='word_1_134' title='bbox 426 1657 557 1722; x_wconf 90' lang='lat' dir='ltr'>tegamur.</span> <span class='ocrx_word' id='word_1_135' title='bbox 599 1648 721 1717; x_wconf 83' lang='lat' dir='ltr'>Quonam</span> <span class='ocrx_word' id='word_1_136' title='bbox 744 1649 816 1704; x_wconf 89' lang='lat' dir='ltr'>enim</span> <span class='ocrx_word' id='word_1_137' title='bbox 837 1647 899 1720; x_wconf 88' lang='lat' dir='ltr'>quis</span> <span class='ocrx_word' id='word_1_138' title='bbox 931 1653 1054 1701; x_wconf 89' lang='lat' dir='ltr'>nostrum</span> <span class='ocrx_word' id='word_1_139' title='bbox 1074 1661 1089 1700; x_wconf 89' lang='lat' dir='ltr'>a</span> <span class='ocrx_word' id='word_1_140' title='bbox 1110 1653 1220 1719; x_wconf 86' lang='lat' dir='ltr'>potente</span> <span class='ocrx_word' id='word_1_141' title='bbox 1251 1646 1310 1702; x_wconf 88' lang='lat' dir='ltr'>eius</span> 
     </span>
     <span class='ocr_line' id='line_1_16' title="bbox 130 1727 1311 1806; baseline 0.001 -21"><span class='ocrx_word' id='word_1_142' title='bbox 130 1746 206 1785; x_wconf 91' lang='lat' dir='ltr'>nanu</span> <span class='ocrx_word' id='word_1_143' title='bbox 232 1729 332 1803; x_wconf 87' lang='lat' dir='ltr'>lugere</span> <span class='ocrx_word' id='word_1_144' title='bbox 354 1731 463 1803; x_wconf 84' lang='lat' dir='ltr'>potestl</span> <span class='ocrx_word' id='word_1_145' title='bbox 501 1731 566 1799; x_wconf 85' lang='lat' dir='ltr'>Quis</span> <span class='ocrx_word' id='word_1_146' title='bbox 588 1731 705 1787; x_wconf 91' lang='lat' dir='ltr'>mundus</span> <span class='ocrx_word' id='word_1_147' title='bbox 730 1731 882 1806; x_wconf 80' lang='lat' dir='ltr'>quempiam</span> <span class='ocrx_word' id='word_1_148' title='bbox 904 1727 937 1785; x_wconf 92' lang='lat' dir='ltr'>ab</span> <span class='ocrx_word' id='word_1_149' title='bbox 953 1746 986 1784; x_wconf 92' lang='lat' dir='ltr'>eo</span> <span class='ocrx_word' id='word_1_150' title='bbox 1001 1728 1166 1802; x_wconf 74' lang='lat' dir='ltr'>transfugam</span> <span class='ocrx_word' id='word_1_151' title='bbox 1179 1728 1311 1803; x_wconf 81' lang='lat' dir='ltr'>recipietl</span> 
     </span>
     <span class='ocr_line' id='line_1_17' title="bbox 129 1810 1310 1889; baseline 0.002 -22"><span class='ocrx_word' id='word_1_152' title='bbox 129 1813 195 1868; x_wconf 84' lang='lat' dir='ltr'>licit</span> <span class='ocrx_word' id='word_1_153' title='bbox 225 1814 304 1868; x_wconf 87' lang='lat' dir='ltr'>enim</span> <span class='ocrx_word' id='word_1_154' title='bbox 330 1811 429 1870; x_wconf 89' lang='lat' dir='ltr'>alicubi</span> <span class='ocrx_word' id='word_1_155' title='bbox 451 1812 604 1887; x_wconf 74' lang='lat' dir='ltr'>Scriptura:</span> <span class='ocrx_word' id='word_1_156' title='bbox 632 1832 696 1889; x_wconf 92' lang='lat' dir='ltr'>,quo</span> <span class='ocrx_word' id='word_1_157' title='bbox 724 1815 786 1881; x_wconf 80' lang='lat' dir='ltr'>ius,</span> <span class='ocrx_word' id='word_1_158' title='bbox 815 1821 842 1870; x_wconf 89' lang='lat' dir='ltr'>et</span> <span class='ocrx_word' id='word_1_159' title='bbox 871 1810 917 1869; x_wconf 80' lang='lat' dir='ltr'>ulri</span> <span class='ocrx_word' id='word_1_160' title='bbox 938 1830 953 1868; x_wconf 91' lang='lat' dir='ltr'>a</span> <span class='ocrx_word' id='word_1_161' title='bbox 975 1812 1043 1869; x_wconf 81' lang='lat' dir='ltr'>facie</span> <span class='ocrx_word' id='word_1_162' title='bbox 1065 1820 1109 1868; x_wconf 92' lang='lat' dir='ltr'>tua</span> <span class='ocrx_word' id='word_1_163' title='bbox 1132 1812 1310 1871; x_wconf 87' lang='lat' dir='ltr'>occultaborl</span> 
     </span>
     <span class='ocr_line' id='line_1_18' title="bbox 128 1894 1311 1965; baseline 0.002 -14"><span class='ocrx_word' id='word_1_164' title='bbox 128 1894 153 1951; x_wconf 82' lang='lat' dir='ltr'>Si</span> <span class='ocrx_word' id='word_1_165' title='bbox 172 1895 335 1952; x_wconf 80' lang='lat' dir='ltr'>ascendero</span> <span class='ocrx_word' id='word_1_166' title='bbox 356 1897 384 1952; x_wconf 90' lang='lat' dir='ltr'>in</span> <span class='ocrx_word' id='word_1_167' title='bbox 405 1896 525 1965; x_wconf 90' lang='lat' dir='ltr'>coelum,</span> <span class='ocrx_word' id='word_1_168' title='bbox 549 1905 576 1953; x_wconf 90' lang='lat' dir='ltr'>tu</span> <span class='ocrx_word' id='word_1_169' title='bbox 600 1897 653 1954; x_wconf 88' lang='lat' dir='ltr'>illic</span> <span class='ocrx_word' id='word_1_170' title='bbox 675 1914 720 1963; x_wconf 78' lang='lat' dir='ltr'>es3</span> <span class='ocrx_word' id='word_1_171' title='bbox 749 1897 772 1953; x_wconf 88' lang='lat' dir='ltr'>si</span> <span class='ocrx_word' id='word_1_172' title='bbox 795 1897 828 1953; x_wconf 85' lang='lat' dir='ltr'>ad</span> <span class='ocrx_word' id='word_1_173' title='bbox 852 1904 940 1953; x_wconf 86' lang='lat' dir='ltr'>terrae</span> <span class='ocrx_word' id='word_1_174' title='bbox 961 1904 1080 1953; x_wconf 84' lang='lat' dir='ltr'>extrema</span> <span class='ocrx_word' id='word_1_175' title='bbox 1101 1895 1204 1965; x_wconf 84' lang='lat' dir='ltr'>abiero,</span> <span class='ocrx_word' id='word_1_176' title='bbox 1218 1896 1311 1953; x_wconf 82' lang='lat' dir='ltr'>dextra</span> 
     </span>
     <span class='ocr_line' id='line_1_19' title="bbox 127 1975 1309 2055; baseline 0.001 -20"><span class='ocrx_word' id='word_1_177' title='bbox 127 1988 170 2035; x_wconf 88' lang='lat' dir='ltr'>tna</span> <span class='ocrx_word' id='word_1_178' title='bbox 202 1978 278 2048; x_wconf 85' lang='lat' dir='ltr'>illic;</span> <span class='ocrx_word' id='word_1_179' title='bbox 312 1980 336 2035; x_wconf 88' lang='lat' dir='ltr'>si</span> <span class='ocrx_word' id='word_1_180' title='bbox 367 1986 480 2036; x_wconf 85' lang='lat' dir='ltr'>stratum</span> <span class='ocrx_word' id='word_1_181' title='bbox 508 1996 627 2054; x_wconf 83' lang='lat' dir='ltr'>posuero</span> <span class='ocrx_word' id='word_1_182' title='bbox 658 1981 685 2036; x_wconf 90' lang='lat' dir='ltr'>iu</span> <span class='ocrx_word' id='word_1_183' title='bbox 709 1979 824 2055; x_wconf 81' lang='lat' dir='ltr'>abysso,</span> <span class='ocrx_word' id='word_1_184' title='bbox 856 1980 910 2036; x_wconf 90' lang='lat' dir='ltr'>illic</span> <span class='ocrx_word' id='word_1_185' title='bbox 932 1988 975 2036; x_wconf 86' lang='lat' dir='ltr'>est</span> <span class='ocrx_word' id='word_1_186' title='bbox 995 1981 1107 2054; x_wconf 87' lang='lat' dir='ltr'>spiritus</span> <span class='ocrx_word' id='word_1_187' title='bbox 1130 1975 1210 2036; x_wconf 88' lang='lat' dir='ltr'>tuus‘</span> <span class='ocrx_word' id='word_1_188' title='bbox 1251 1980 1309 2048; x_wconf 79' lang='lat' dir='ltr'>Quo</span> 
     </span>
     <span class='ocr_line' id='line_1_20' title="bbox 127 2059 1418 2160; baseline 0 -42"><span class='ocrx_word' id='word_1_189' title='bbox 127 2064 212 2137; x_wconf 82' lang='lat' dir='ltr'>igitur</span> <span class='ocrx_word' id='word_1_190' title='bbox 233 2059 324 2118; x_wconf 84' lang='lat' dir='ltr'>abilrit</span> <span class='ocrx_word' id='word_1_191' title='bbox 345 2062 494 2137; x_wconf 87' lang='lat' dir='ltr'>quispiam,</span> <span class='ocrx_word' id='word_1_192' title='bbox 518 2064 558 2120; x_wconf 84' lang='lat' dir='ltr'>uel</span> <span class='ocrx_word' id='word_1_193' title='bbox 580 2082 636 2138; x_wconf 88' lang='lat' dir='ltr'>quo</span> <span class='ocrx_word' id='word_1_194' title='bbox 658 2063 779 2138; x_wconf 78' lang='lat' dir='ltr'>aufugiet</span> <span class='ocrx_word' id='word_1_195' title='bbox 799 2062 833 2121; x_wconf 80' lang='lat' dir='ltr'>alr</span> <span class='ocrx_word' id='word_1_196' title='bbox 855 2081 897 2160; x_wconf 72' lang='lat' dir='ltr'>eq</span> <span class='ocrx_word' id='word_1_197' title='bbox 922 2064 969 2139; x_wconf 89' lang='lat' dir='ltr'>qui</span> <span class='ocrx_word' id='word_1_198' title='bbox 988 2065 1078 2121; x_wconf 87' lang='lat' dir='ltr'>omnia</span> <span class='ocrx_word' id='word_1_199' title='bbox 1101 2061 1309 2138; x_wconf 79' lang='lat' dir='ltr'>complectiturl</span> <span class='ocrx_word' id='word_1_200' title='bbox 1411 2134 1418 2149; x_wconf 93' lang='lat'><strong>.</strong></span> 
     </span>
    </p>
   </div>
   <div class='ocr_carea' id='block_1_5' title="bbox 293 2276 1157 2340">
    <p class='ocr_par' dir='ltr' id='par_1_5' title="bbox 293 2276 1157 2340">
     <span class='ocr_line' id='line_1_21' title="bbox 293 2276 1157 2340; baseline 0.002 -6"><span class='ocrx_word' id='word_1_201' title='bbox 293 2276 383 2335; x_wconf 75' lang='lat' dir='ltr'>xxix,</span> <span class='ocrx_word' id='word_1_202' title='bbox 424 2280 462 2338; x_wconf 78' lang='lat' dir='ltr'>m</span> <span class='ocrx_word' id='word_1_203' title='bbox 481 2282 648 2339; x_wconf 81' lang='lat' dir='ltr'>accedamus</span> <span class='ocrx_word' id='word_1_204' title='bbox 669 2285 709 2340; x_wconf 86' lang='lat' dir='ltr'>od</span> <span class='ocrx_word' id='word_1_205' title='bbox 730 2283 821 2339; x_wconf 81' lang='lat' dir='ltr'>lleurn</span> <span class='ocrx_word' id='word_1_206' title='bbox 840 2284 872 2337; x_wconf 79' lang='lat' dir='ltr'>ir</span> <span class='ocrx_word' id='word_1_207' title='bbox 892 2284 1036 2338; x_wconf 75' lang='lat' dir='ltr'>sanctitate</span> <span class='ocrx_word' id='word_1_208' title='bbox 1057 2281 1157 2338; x_wconf 85' lang='lat' dir='ltr'>cordis·</span> 
     </span>
    </p>
   </div>
   <div class='ocr_carea' id='block_1_6' title="bbox 128 2425 1314 3171">
    <p class='ocr_par' dir='ltr' id='par_1_6' title="bbox 128 2425 1314 3171">
     <span class='ocr_line' id='line_1_22' title="bbox 215 2425 1311 2505; baseline -0.004 -18"><span class='ocrx_word' id='word_1_209' title='bbox 215 2429 388 2487; x_wconf 75' lang='lat' dir='ltr'>Accedamus</span> <span class='ocrx_word' id='word_1_210' title='bbox 408 2447 474 2505; x_wconf 90' lang='lat' dir='ltr'>ergo</span> <span class='ocrx_word' id='word_1_211' title='bbox 496 2432 612 2488; x_wconf 86' lang='lat' dir='ltr'>adeum</span> <span class='ocrx_word' id='word_1_212' title='bbox 636 2434 662 2488; x_wconf 88' lang='lat' dir='ltr'>in</span> <span class='ocrx_word' id='word_1_213' title='bbox 683 2431 825 2488; x_wconf 82' lang='lat' dir='ltr'>sanctitate</span> <span class='ocrx_word' id='word_1_214' title='bbox 847 2430 965 2496; x_wconf 86' lang='lat' dir='ltr'>animae,</span> <span class='ocrx_word' id='word_1_215' title='bbox 994 2435 1081 2484; x_wconf 85' lang='lat' dir='ltr'>rastas</span> <span class='ocrx_word' id='word_1_216' title='bbox 1103 2435 1129 2482; x_wconf 88' lang='lat' dir='ltr'>et</span> <span class='ocrx_word' id='word_1_217' title='bbox 1158 2425 1311 2499; x_wconf 84' lang='lat' dir='ltr'>impollutas</span> 
     </span>
     <span class='ocr_line' id='line_1_23' title="bbox 128 2507 1311 2588; baseline -0.008 -16"><span class='ocrx_word' id='word_1_218' title='bbox 128 2532 232 2572; x_wconf 75' lang='lat' dir='ltr'>manus</span> <span class='ocrx_word' id='word_1_219' title='bbox 255 2513 390 2570; x_wconf 80' lang='lat' dir='ltr'>elevantes</span> <span class='ocrx_word' id='word_1_220' title='bbox 412 2514 446 2571; x_wconf 87' lang='lat' dir='ltr'>ad</span> <span class='ocrx_word' id='word_1_221' title='bbox 467 2514 556 2584; x_wconf 88' lang='lat' dir='ltr'>illum,</span> <span class='ocrx_word' id='word_1_222' title='bbox 579 2515 723 2588; x_wconf 79' lang='lat' dir='ltr'>diligentes</span> <span class='ocrx_word' id='word_1_223' title='bbox 746 2512 892 2585; x_wconf 86' lang='lat' dir='ltr'>benignum</span> <span class='ocrx_word' id='word_1_224' title='bbox 913 2519 941 2567; x_wconf 90' lang='lat' dir='ltr'>et</span> <span class='ocrx_word' id='word_1_225' title='bbox 969 2507 1176 2568; x_wconf 82' lang='lat' dir='ltr'>misericordem</span> <span class='ocrx_word' id='word_1_226' title='bbox 1207 2514 1311 2581; x_wconf 88' lang='lat' dir='ltr'>patrem</span> 
     </span>
     <span class='ocr_line' id='line_1_24' title="bbox 129 2589 1313 2674; baseline -0.008 -20"><span class='ocrx_word' id='word_1_227' title='bbox 129 2606 278 2666; x_wconf 86' lang='lat' dir='ltr'>nostrum,</span> <span class='ocrx_word' id='word_1_228' title='bbox 301 2598 347 2669; x_wconf 87' lang='lat' dir='ltr'>qui</span> <span class='ocrx_word' id='word_1_229' title='bbox 368 2615 419 2653; x_wconf 90' lang='lat' dir='ltr'>uos</span> <span class='ocrx_word' id='word_1_230' title='bbox 441 2598 492 2654; x_wconf 88' lang='lat' dir='ltr'>sibi</span> <span class='ocrx_word' id='word_1_231' title='bbox 514 2599 566 2674; x_wconf 87' lang='lat' dir='ltr'>ipsi</span> <span class='ocrx_word' id='word_1_232' title='bbox 587 2598 732 2655; x_wconf 87' lang='lat' dir='ltr'>electionis</span> <span class='ocrx_word' id='word_1_233' title='bbox 755 2602 859 2671; x_wconf 87' lang='lat' dir='ltr'>partem</span> <span class='ocrx_word' id='word_1_234' title='bbox 891 2593 963 2652; x_wconf 87' lang='lat' dir='ltr'>lecit.</span> <span class='ocrx_word' id='word_1_235' title='bbox 1007 2592 1052 2647; x_wconf 88' lang='lat' dir='ltr'>Sic</span> <span class='ocrx_word' id='word_1_236' title='bbox 1080 2591 1151 2647; x_wconf 85' lang='lat' dir='ltr'>enim</span> <span class='ocrx_word' id='word_1_237' title='bbox 1181 2589 1313 2662; x_wconf 88' lang='lat' dir='ltr'>scriptum</span> 
     </span>
     <span class='ocr_line' id='line_1_25' title="bbox 130 2671 1311 2754; baseline -0.01 -16"><span class='ocrx_word' id='word_1_238' title='bbox 130 2689 191 2738; x_wconf 85' lang='lat' dir='ltr'>est:</span> <span class='ocrx_word' id='word_1_239' title='bbox 226 2681 346 2753; x_wconf 93' lang='lat' dir='ltr'>,quaudo</span> <span class='ocrx_word' id='word_1_240' title='bbox 369 2679 502 2738; x_wconf 84' lang='lat' dir='ltr'>dividebat</span> <span class='ocrx_word' id='word_1_241' title='bbox 523 2682 669 2739; x_wconf 87' lang='lat' dir='ltr'>altissimus</span> <span class='ocrx_word' id='word_1_242' title='bbox 691 2689 795 2754; x_wconf 87' lang='lat' dir='ltr'>gentes,</span> <span class='ocrx_word' id='word_1_243' title='bbox 818 2678 926 2752; x_wconf 88' lang='lat' dir='ltr'>quando</span> <span class='ocrx_word' id='word_1_244' title='bbox 949 2674 1132 2733; x_wconf 85' lang='lat' dir='ltr'>disseminavit</span> <span class='ocrx_word' id='word_1_245' title='bbox 1147 2672 1217 2730; x_wconf 87' lang='lat' dir='ltr'>filios</span> <span class='ocrx_word' id='word_1_246' title='bbox 1230 2671 1311 2739; x_wconf 78' lang='lat' dir='ltr'>suae,</span> 
     </span>
     <span class='ocr_line' id='line_1_26' title="bbox 132 2754 1312 2836; baseline -0.008 -16"><span class='ocrx_word' id='word_1_247' title='bbox 132 2764 282 2821; x_wconf 86' lang='lat' dir='ltr'>constituit</span> <span class='ocrx_word' id='word_1_248' title='bbox 302 2764 433 2820; x_wconf 75' lang='lat' dir='ltr'>terquinos</span> <span class='ocrx_word' id='word_1_249' title='bbox 454 2766 573 2836; x_wconf 88' lang='lat' dir='ltr'>gentium</span> <span class='ocrx_word' id='word_1_250' title='bbox 597 2766 745 2822; x_wconf 84' lang='lat' dir='ltr'>seeundum</span> <span class='ocrx_word' id='word_1_251' title='bbox 768 2779 910 2819; x_wconf 88' lang='lat' dir='ltr'>numerum</span> <span class='ocrx_word' id='word_1_252' title='bbox 931 2760 1093 2834; x_wconf 83' lang='lat' dir='ltr'>Angelorum</span> <span class='ocrx_word' id='word_1_253' title='bbox 1117 2757 1173 2814; x_wconf 87' lang='lat' dir='ltr'>llei.</span> <span class='ocrx_word' id='word_1_254' title='bbox 1215 2755 1248 2811; x_wconf 83' lang='lat' dir='ltr'>Et</span> <span class='ocrx_word' id='word_1_255' title='bbox 1275 2754 1312 2812; x_wconf 82' lang='lat' dir='ltr'>la·</span> 
     </span>
     <span class='ocr_line' id='line_1_27' title="bbox 134 2837 1312 2920; baseline -0.009 -16"><span class='ocrx_word' id='word_1_256' title='bbox 134 2856 195 2904; x_wconf 85' lang='lat' dir='ltr'>ctus</span> <span class='ocrx_word' id='word_1_257' title='bbox 220 2853 338 2920; x_wconf 85' lang='lat' dir='ltr'>estpars</span> <span class='ocrx_word' id='word_1_258' title='bbox 354 2847 459 2903; x_wconf 86' lang='lat' dir='ltr'>llomini</span> <span class='ocrx_word' id='word_1_259' title='bbox 474 2847 564 2915; x_wconf 85' lang='lat' dir='ltr'>laceb,</span> <span class='ocrx_word' id='word_1_260' title='bbox 585 2847 720 2906; x_wconf 78' lang='lat' dir='ltr'>funiculus</span> <span class='ocrx_word' id='word_1_261' title='bbox 744 2846 918 2904; x_wconf 85' lang='lat' dir='ltr'>haereditatis</span> <span class='ocrx_word' id='word_1_262' title='bbox 941 2845 1000 2901; x_wconf 91' lang='lat' dir='ltr'>eius</span> <span class='ocrx_word' id='word_1_263' title='bbox 1013 2838 1113 2898; x_wconf 86' lang='lat' dir='ltr'>lsrael‘</span> <span class='ocrx_word' id='word_1_264' title='bbox 1158 2838 1236 2895; x_wconf 83' lang='lat' dir='ltr'>Elin</span> <span class='ocrx_word' id='word_1_265' title='bbox 1260 2837 1312 2894; x_wconf 88' lang='lat' dir='ltr'>alio</span> 
     </span>
     <span class='ocr_line' id='line_1_28' title="bbox 134 2925 1314 3005; baseline -0.009 -18"><span class='ocrx_word' id='word_1_266' title='bbox 134 2930 199 2987; x_wconf 88' lang='lat' dir='ltr'>loco</span> <span class='ocrx_word' id='word_1_267' title='bbox 224 2929 303 2985; x_wconf 88' lang='lat' dir='ltr'>dicit:</span> <span class='ocrx_word' id='word_1_268' title='bbox 334 2946 408 2997; x_wconf 90' lang='lat' dir='ltr'>,ecce</span> <span class='ocrx_word' id='word_1_269' title='bbox 437 2931 564 2988; x_wconf 87' lang='lat' dir='ltr'>llomiuus</span> <span class='ocrx_word' id='word_1_270' title='bbox 592 2931 662 2988; x_wconf 90' lang='lat' dir='ltr'>tollit</span> <span class='ocrx_word' id='word_1_271' title='bbox 690 2929 742 2988; x_wconf 86' lang='lat' dir='ltr'>sihi</span> <span class='ocrx_word' id='word_1_272' title='bbox 769 2939 914 3005; x_wconf 88' lang='lat' dir='ltr'>genteme</span> <span class='ocrx_word' id='word_1_273' title='bbox 943 2927 1034 2984; x_wconf 89' lang='lat' dir='ltr'>medio</span> <span class='ocrx_word' id='word_1_274' title='bbox 1066 2925 1202 3000; x_wconf 87' lang='lat' dir='ltr'>gentium,</span> <span class='ocrx_word' id='word_1_275' title='bbox 1231 2928 1314 2996; x_wconf 90' lang='lat' dir='ltr'>prout</span> 
     </span>
     <span class='ocr_line' id='line_1_29' title="bbox 135 3010 1313 3086; baseline -0.009 -16"><span class='ocrx_word' id='word_1_276' title='bbox 135 3014 225 3070; x_wconf 81' lang='lat' dir='ltr'>homo</span> <span class='ocrx_word' id='word_1_277' title='bbox 255 3011 387 3086; x_wconf 87' lang='lat' dir='ltr'>primitias</span> <span class='ocrx_word' id='word_1_278' title='bbox 410 3030 488 3071; x_wconf 90' lang='lat' dir='ltr'>areae</span> <span class='ocrx_word' id='word_1_279' title='bbox 518 3031 583 3071; x_wconf 88' lang='lat' dir='ltr'>suae</span> <span class='ocrx_word' id='word_1_280' title='bbox 618 3015 702 3082; x_wconf 89' lang='lat' dir='ltr'>tollit;</span> <span class='ocrx_word' id='word_1_281' title='bbox 739 3022 766 3070; x_wconf 92' lang='lat' dir='ltr'>et</span> <span class='ocrx_word' id='word_1_282' title='bbox 794 3030 826 3069; x_wconf 81' lang='lat' dir='ltr'>ex</span> <span class='ocrx_word' id='word_1_283' title='bbox 854 3021 934 3086; x_wconf 90' lang='lat' dir='ltr'>gente</span> <span class='ocrx_word' id='word_1_284' title='bbox 962 3010 1006 3068; x_wconf 88' lang='lat' dir='ltr'>illa</span> <span class='ocrx_word' id='word_1_285' title='bbox 1035 3015 1127 3064; x_wconf 82' lang='lat' dir='ltr'>saneta</span> <span class='ocrx_word' id='word_1_286' title='bbox 1156 3011 1313 3062; x_wconf 88' lang='lat' dir='ltr'>sanctorum</span> 
     </span>
     <span class='ocr_line' id='line_1_30' title="bbox 137 3091 337 3171; baseline -0.01 -19"><span class='ocrx_word' id='word_1_287' title='bbox 137 3091 337 3171; x_wconf 87' lang='lat' dir='ltr'>egredientur.‘</span> 
     </span>
    </p>
   </div>
   <div class='ocr_carea' id='block_1_7' title="bbox 138 3379 1414 3458">
    <p class='ocr_par' dir='ltr' id='par_1_7' title="bbox 138 3379 1414 3458">
     <span class='ocr_line' id='line_1_31' title="bbox 138 3379 1414 3458; baseline -0.009 -14"><span class='ocrx_word' id='word_1_288' title='bbox 138 3410 165 3444; x_wconf 90' lang='lat' dir='ltr'>re</span> <span class='ocrx_word' id='word_1_289' title='bbox 192 3393 241 3456; x_wconf 82' lang='lat' dir='ltr'>agit</span> <span class='ocrx_word' id='word_1_290' title='bbox 264 3408 288 3458; x_wconf 92' lang='lat' dir='ltr'>p.</span> <span class='ocrx_word' id='word_1_291' title='bbox 311 3392 352 3444; x_wconf 80' lang='lat'>³³.</span> <span class='ocrx_word' id='word_1_292' title='bbox 387 3393 504 3457; x_wconf 83' lang='lat' dir='ltr'>Respons.</span> <span class='ocrx_word' id='word_1_293' title='bbox 533 3392 563 3442; x_wconf 83' lang='lat' dir='ltr'>ad</span> <span class='ocrx_word' id='word_1_294' title='bbox 593 3391 711 3449; x_wconf 74' lang='lat' dir='ltr'>luscium,</span> <span class='ocrx_word' id='word_1_295' title='bbox 746 3405 758 3439; x_wconf 92' lang='lat' dir='ltr'>e</span> <span class='ocrx_word' id='word_1_296' title='bbox 782 3387 978 3439; x_wconf 84' lang='lat' dir='ltr'>Deuteronomio.</span> <span class='ocrx_word' id='word_1_297' title='bbox 1014 3379 1062 3442; x_wconf 73' lang='grc' dir='ltr'>οὓς</span> <span class='ocrx_word' id='word_1_298' title='bbox 1091 3380 1204 3451; x_wconf 69' lang='grc' dir='ltr'>ἐκλογῆς</span> <span class='ocrx_word' id='word_1_299' title='bbox 1232 3384 1314 3448; x_wconf 87' lang='lat' dir='ltr'>potius</span> <span class='ocrx_word' id='word_1_300' title='bbox 1402 3390 1414 3415; x_wconf 84' lang='lat'><em>⁰</em></span> 
     </span>
    </p>
   </div>
   <div class='ocr_carea' id='block_1_8' title="bbox 139 3451 1317 3862">
    <p class='ocr_par' dir='ltr' id='par_1_8' title="bbox 139 3451 1317 3862">
     <span class='ocr_line' id='line_1_32' title="bbox 139 3451 1314 3527; baseline -0.006 -17"><span class='ocrx_word' id='word_1_301' title='bbox 139 3461 181 3527; x_wconf 94' lang='lat' dir='ltr'>qni</span> <span class='ocrx_word' id='word_1_302' title='bbox 197 3461 315 3511; x_wconf 86' lang='lat' dir='ltr'>immerito</span> <span class='ocrx_word' id='word_1_303' title='bbox 329 3461 469 3510; x_wconf 81' lang='lat' dir='ltr'>existimauit</span> <span class='ocrx_word' id='word_1_304' title='bbox 481 3475 563 3511; x_wconf 80' lang='lat' dir='ltr'>rocem</span> <span class='ocrx_word' id='word_1_305' title='bbox 575 3460 714 3526; x_wconf 71' lang='grc' dir='ltr'>γραφεῖον</span> <span class='ocrx_word' id='word_1_306' title='bbox 744 3456 926 3506; x_wconf 82' lang='lat' dir='ltr'>rescribendum</span> <span class='ocrx_word' id='word_1_307' title='bbox 944 3471 997 3504; x_wconf 86' lang='lat' dir='ltr'>esse</span> <span class='ocrx_word' id='word_1_308' title='bbox 1015 3460 1082 3517; x_wconf 88' lang='lat' dir='ltr'>putat</span> <span class='ocrx_word' id='word_1_309' title='bbox 1100 3453 1220 3513; x_wconf 74' lang='lat' dir='ltr'>Diuisius,</span> <span class='ocrx_word' id='word_1_310' title='bbox 1240 3459 1266 3500; x_wconf 92' lang='lat' dir='ltr'>ut</span> <span class='ocrx_word' id='word_1_311' title='bbox 1283 3451 1314 3503; x_wconf 84' lang='lat' dir='ltr'>ad</span> 
     </span>
     <span class='ocr_line' id='line_1_33' title="bbox 141 3520 1315 3592; baseline -0.008 -14"><span class='ocrx_word' id='word_1_312' title='bbox 141 3529 173 3578; x_wconf 75' lang='lat' dir='ltr'>als</span> <span class='ocrx_word' id='word_1_313' title='bbox 193 3529 277 3592; x_wconf 79' lang='lat' dir='ltr'>Aquila</span> <span class='ocrx_word' id='word_1_314' title='bbox 297 3530 371 3578; x_wconf 87' lang='lat' dir='ltr'>luisse</span> <span class='ocrx_word' id='word_1_315' title='bbox 390 3530 524 3578; x_wconf 80' lang='lat' dir='ltr'>confictam.</span> <span class='ocrx_word' id='word_1_316' title='bbox 552 3528 660 3576; x_wconf 86' lang='lat' dir='ltr'>Gullund.</span> <span class='ocrx_word' id='word_1_317' title='bbox 745 3540 827 3574; x_wconf 81' lang='lat' dir='ltr'>vocem</span> <span class='ocrx_word' id='word_1_318' title='bbox 857 3521 939 3591; x_wconf 81' lang='grc' dir='ltr'>ἡμῶν</span> <span class='ocrx_word' id='word_1_319' title='bbox 966 3523 1091 3573; x_wconf 86' lang='lat' dir='ltr'>releratur.</span> <span class='ocrx_word' id='word_1_320' title='bbox 1127 3520 1248 3570; x_wconf 82' lang='lat' dir='ltr'>Davisium</span> <span class='ocrx_word' id='word_1_321' title='bbox 1274 3535 1315 3570; x_wconf 92' lang='lat' dir='ltr'>se·</span> 
     </span>
     <span class='ocr_line' id='line_1_34' title="bbox 190 3588 1316 3657; baseline -0.007 -11"><span class='ocrx_word' id='word_1_322' title='bbox 190 3597 218 3657; x_wconf 83' lang='grc'>3)</span> <span class='ocrx_word' id='word_1_323' title='bbox 237 3596 275 3645; x_wconf 85' lang='lat' dir='ltr'>Pe.</span> <span class='ocrx_word' id='word_1_324' title='bbox 297 3595 352 3651; x_wconf 81' lang='lat'>1³8.</span> <span class='ocrx_word' id='word_1_325' title='bbox 373 3596 464 3645; x_wconf 78' lang='lat'>7-10.</span> <span class='ocrx_word' id='word_1_326' title='bbox 745 3588 1316 3657; x_wconf 76' lang='lat' dir='ltr'>quuuturGallnndlusetschoenemannuslre-</span> 
     </span>
     <span class='ocr_line' id='line_1_35' title="bbox 194 3653 1317 3726; baseline -0.008 -12"><span class='ocrx_word' id='word_1_327' title='bbox 194 3664 223 3725; x_wconf 82' lang='grc'>4)</span> <span class='ocrx_word' id='word_1_328' title='bbox 242 3663 300 3713; x_wconf 79' lang='lat' dir='ltr'>Lxx</span> <span class='ocrx_word' id='word_1_329' title='bbox 320 3665 431 3726; x_wconf 72' lang='grc' dir='ltr'><em>καταβῶ</em></span> <span class='ocrx_word' id='word_1_330' title='bbox 450 3663 496 3712; x_wconf 79' lang='lat' dir='ltr'>vim</span> <span class='ocrx_word' id='word_1_331' title='bbox 510 3670 586 3712; x_wconf 82' lang='lat' dir='ltr'>tentus</span> <span class='ocrx_word' id='word_1_332' title='bbox 604 3660 710 3710; x_wconf 81' lang='lat' dir='ltr'>hebraici</span> <span class='ocrx_word' id='word_1_333' title='bbox 745 3675 818 3709; x_wconf 85' lang='lat' dir='ltr'>uaens</span> <span class='ocrx_word' id='word_1_334' title='bbox 837 3661 859 3715; x_wconf 85' lang='lat' dir='ltr'>l,</span> <span class='ocrx_word' id='word_1_335' title='bbox 877 3660 900 3718; x_wconf 86' lang='grc'>6,</span> <span class='ocrx_word' id='word_1_336' title='bbox 919 3660 943 3708; x_wconf 76' lang='grc'>4.</span> <span class='ocrx_word' id='word_1_337' title='bbox 961 3674 984 3723; x_wconf 92' lang='lat' dir='ltr'>p.</span> <span class='ocrx_word' id='word_1_338' title='bbox 1003 3657 1044 3707; x_wconf 81' lang='grc'>31.</span> <span class='ocrx_word' id='word_1_339' title='bbox 1063 3657 1101 3705; x_wconf 88' lang='lat' dir='ltr'>ed.</span> <span class='ocrx_word' id='word_1_340' title='bbox 1120 3658 1232 3706; x_wconf 87' lang='lat' dir='ltr'>llassuet.</span> <span class='ocrx_word' id='word_1_341' title='bbox 1251 3653 1317 3706; x_wconf 78' lang='grc' dir='ltr'><strong><em>ἑαυ-</em></strong></span> 
     </span>
     <span class='ocr_line' id='line_1_36' title="bbox 139 3719 1315 3796; baseline -0.007 -16"><span class='ocrx_word' id='word_1_342' title='bbox 139 3732 219 3781; x_wconf 89' lang='lat' dir='ltr'>minus</span> <span class='ocrx_word' id='word_1_343' title='bbox 238 3739 348 3780; x_wconf 85' lang='lat' dir='ltr'>accurate</span> <span class='ocrx_word' id='word_1_344' title='bbox 382 3729 473 3787; x_wconf 84' lang='lat' dir='ltr'>reddit,</span> <span class='ocrx_word' id='word_1_345' title='bbox 493 3744 563 3793; x_wconf 86' lang='lat' dir='ltr'>quam</span> <span class='ocrx_word' id='word_1_346' title='bbox 582 3728 710 3777; x_wconf 83' lang='lat' dir='ltr'>Clementis</span> <span class='ocrx_word' id='word_1_347' title='bbox 745 3724 810 3784; x_wconf 81' lang='grc' dir='ltr'><em>τοὺς</em></span> <span class='ocrx_word' id='word_1_348' title='bbox 826 3723 857 3778; x_wconf 79' lang='grc' dir='ltr'>δὲ</span> <span class='ocrx_word' id='word_1_349' title='bbox 882 3723 1073 3796; x_wconf 61' lang='lat' dir='ltr'>incoeperim,</span> <span class='ocrx_word' id='word_1_350' title='bbox 1098 3725 1218 3781; x_wconf 77' lang='grc' dir='ltr'>τελείους</span> <span class='ocrx_word' id='word_1_351' title='bbox 1242 3719 1315 3773; x_wconf 79' lang='grc' dir='ltr'><em>ἀπο-</em></span> 
     </span>
     <span class='ocr_line' id='line_1_37' title="bbox 139 3789 1314 3862; baseline -0.008 -15"><span class='ocrx_word' id='word_1_352' title='bbox 139 3799 208 3848; x_wconf 81' lang='lat' dir='ltr'>Rom.</span> <span class='ocrx_word' id='word_1_353' title='bbox 228 3799 315 3846; x_wconf 82' lang='lat' dir='ltr'>versio.</span> <span class='ocrx_word' id='word_1_354' title='bbox 743 3794 892 3852; x_wconf 77' lang='grc' dir='ltr'><em>καλοῦντες</em></span> <span class='ocrx_word' id='word_1_355' title='bbox 905 3798 951 3844; x_wconf 72' lang='grc' dir='ltr'>καὶ</span> <span class='ocrx_word' id='word_1_356' title='bbox 969 3794 1118 3862; x_wconf 73' lang='grc' dir='ltr'>σπέρματα</span> <span class='ocrx_word' id='word_1_357' title='bbox 1126 3789 1245 3859; x_wconf 73' lang='lat' dir='ltr'>dnloyr&#39;pc.</span> <span class='ocrx_word' id='word_1_358' title='bbox 1265 3790 1314 3840; x_wconf 77' lang='lat' dir='ltr'>loc.</span> 
     </span>
    </p>
   </div>
   <div class='ocr_carea' id='block_1_9' title="bbox 190 3874 1051 3944">
    <p class='ocr_par' dir='ltr' id='par_1_9' title="bbox 190 3874 1051 3944">
     <span class='ocr_line' id='line_1_38' title="bbox 190 3874 1051 3944; baseline -0.005 -13"><span class='ocrx_word' id='word_1_359' title='bbox 190 3880 219 3942; x_wconf 81' lang='lat'>5)</span> <span class='ocrx_word' id='word_1_360' title='bbox 236 3881 303 3931; x_wconf 84' lang='lat' dir='ltr'>llanc</span> <span class='ocrx_word' id='word_1_361' title='bbox 327 3880 387 3930; x_wconf 85' lang='lat' dir='ltr'>Cod.</span> <span class='ocrx_word' id='word_1_362' title='bbox 419 3882 461 3931; x_wconf 87' lang='lat' dir='ltr'>lls.</span> <span class='ocrx_word' id='word_1_363' title='bbox 489 3881 616 3930; x_wconf 86' lang='lat' dir='ltr'>lectionem</span> <span class='ocrx_word' id='word_1_364' title='bbox 639 3878 711 3927; x_wconf 85' lang='lat' dir='ltr'>etiam</span> <span class='ocrx_word' id='word_1_365' title='bbox 795 3874 823 3944; x_wconf 69' lang='lat'>3)</span> <span class='ocrx_word' id='word_1_366' title='bbox 842 3877 910 3926; x_wconf 79' lang='lat' dir='ltr'>lleiu.</span> <span class='ocrx_word' id='word_1_367' title='bbox 929 3877 969 3937; x_wconf 78' lang='lat'>32,</span> <span class='ocrx_word' id='word_1_368' title='bbox 987 3878 1010 3927; x_wconf 79' lang='lat'>8.</span> <span class='ocrx_word' id='word_1_369' title='bbox 1029 3878 1051 3927; x_wconf 80' lang='lat' dir='ltr'>ll.</span> 
     </span>
    </p>
   </div>
   <div class='ocr_carea' id='block_1_10' title="bbox 140 3945 1312 4040">
    <p class='ocr_par' dir='ltr' id='par_1_10' title="bbox 140 3945 1312 4040">
     <span class='ocr_line' id='line_1_39' title="bbox 140 3945 1312 4040; baseline -0.012 -8"><span class='ocrx_word' id='word_1_370' title='bbox 140 3948 250 3999; x_wconf 55' lang='lat' dir='ltr'>merim</span> <span class='ocrx_word' id='word_1_371' title='bbox 269 3949 387 4011; x_wconf 52' lang='lat' dir='ltr'>‘mmm</span> <span class='ocrx_word' id='word_1_372' title='bbox 404 3948 428 3997; x_wconf 65' lang='lat' dir='ltr'>in</span> <span class='ocrx_word' id='word_1_373' title='bbox 445 3948 483 3997; x_wconf 62' lang='lat' dir='ltr'>‘d‘</span> <span class='ocrx_word' id='word_1_374' title='bbox 504 3964 525 3997; x_wconf 72' lang='lat'>³¹</span> <span class='ocrx_word' id='word_1_375' title='bbox 549 3947 625 4006; x_wconf 50' lang='lat'>¹69&amp;</span> <span class='ocrx_word' id='word_1_376' title='bbox 646 3945 709 3995; x_wconf 56' lang='lat' dir='ltr'>idem</span> <span class='ocrx_word' id='word_1_377' title='bbox 795 3976 823 4039; x_wconf 81' lang='lat'>4)</span> <span class='ocrx_word' id='word_1_378' title='bbox 841 3978 913 4028; x_wconf 84' lang='lat' dir='ltr'>llecte</span> <span class='ocrx_word' id='word_1_379' title='bbox 926 3976 1061 4028; x_wconf 72' lang='lat' dir='ltr'>observarit</span> <span class='ocrx_word' id='word_1_380' title='bbox 1072 3976 1179 4040; x_wconf 74' lang='lat' dir='ltr'>Propius,</span> <span class='ocrx_word' id='word_1_381' title='bbox 1198 3973 1261 4020; x_wconf 89' lang='lat' dir='ltr'>hunc</span> <span class='ocrx_word' id='word_1_382' title='bbox 1274 3970 1312 4019; x_wconf 90' lang='lat' dir='ltr'>lo·</span> 
     </span>
    </p>
   </div>
   <div class='ocr_carea' id='block_1_11' title="bbox 137 4015 1314 4452">
    <p class='ocr_par' dir='ltr' id='par_1_11' title="bbox 137 4015 1314 4452">
     <span class='ocr_line' id='line_1_40' title="bbox 139 4015 1312 4095; baseline -0.013 7"><span class='ocrx_word' id='word_1_383' title='bbox 139 4018 205 4068; x_wconf 54' lang='lat'><em>&#39;¹⁰¹7</em></span> <span class='ocrx_word' id='word_1_384' title='bbox 223 4015 247 4064; x_wconf 53' lang='lat'>3¹¹</span> <span class='ocrx_word' id='word_1_385' title='bbox 266 4015 304 4064; x_wconf 59' lang='lat' dir='ltr'>‘d&#39;</span> <span class='ocrx_word' id='word_1_386' title='bbox 324 4031 345 4065; x_wconf 73' lang='lat'>⁸¹</span> <span class='ocrx_word' id='word_1_387' title='bbox 367 4015 439 4066; x_wconf 53' lang='grc' dir='ltr'>ΠΜ·</span> <span class='ocrx_word' id='word_1_388' title='bbox 458 4015 581 4064; x_wconf 68' lang='lat' dir='ltr'>¹⁰⁰⁰d⁰⁸⁰‘</span> <span class='ocrx_word' id='word_1_389' title='bbox 744 4060 797 4095; x_wconf 84' lang='lat' dir='ltr'>curu</span> <span class='ocrx_word' id='word_1_390' title='bbox 814 4044 960 4095; x_wconf 80' lang='lat' dir='ltr'>Clementem</span> <span class='ocrx_word' id='word_1_391' title='bbox 978 4047 1118 4095; x_wconf 82' lang='lat' dir='ltr'>ellomnssse</span> <span class='ocrx_word' id='word_1_392' title='bbox 1135 4051 1185 4092; x_wconf 89' lang='lat' dir='ltr'>tum</span> <span class='ocrx_word' id='word_1_393' title='bbox 1204 4054 1231 4088; x_wconf 83' lang='lat' dir='ltr'>ex</span> <span class='ocrx_word' id='word_1_394' title='bbox 1243 4040 1312 4089; x_wconf 88' lang='lat' dir='ltr'>Num.</span> 
     </span>
     <span class='ocr_line' id='line_1_41' title="bbox 189 4108 1313 4184; baseline -0.011 -19"><span class='ocrx_word' id='word_1_395' title='bbox 189 4115 250 4180; x_wconf 82' lang='lat' dir='ltr'>Cap.</span> <span class='ocrx_word' id='word_1_396' title='bbox 268 4116 345 4165; x_wconf 86' lang='lat' dir='ltr'>lllllll.</span> <span class='ocrx_word' id='word_1_397' title='bbox 384 4114 408 4177; x_wconf 82' lang='lat'>1)</span> <span class='ocrx_word' id='word_1_398' title='bbox 426 4115 475 4165; x_wconf 88' lang='lat' dir='ltr'>Clr.</span> <span class='ocrx_word' id='word_1_399' title='bbox 494 4115 571 4165; x_wconf 84' lang='lat' dir='ltr'>ll&#39;lm.</span> <span class='ocrx_word' id='word_1_400' title='bbox 593 4115 616 4175; x_wconf 82' lang='grc'>2,</span> <span class='ocrx_word' id='word_1_401' title='bbox 635 4114 658 4166; x_wconf 80' lang='grc'>8.</span> <span class='ocrx_word' id='word_1_402' title='bbox 745 4113 784 4174; x_wconf 86' lang='grc'>18,</span> <span class='ocrx_word' id='word_1_403' title='bbox 796 4112 836 4163; x_wconf 75' lang='lat'>27.</span> <span class='ocrx_word' id='word_1_404' title='bbox 856 4122 906 4163; x_wconf 91' lang='lat' dir='ltr'>tum</span> <span class='ocrx_word' id='word_1_405' title='bbox 924 4128 951 4163; x_wconf 81' lang='lat' dir='ltr'>ex</span> <span class='ocrx_word' id='word_1_406' title='bbox 969 4113 988 4162; x_wconf 98' lang='lat' dir='ltr'>ll</span> <span class='ocrx_word' id='word_1_407' title='bbox 1005 4113 1082 4162; x_wconf 83' lang='lat' dir='ltr'>Paral.</span> <span class='ocrx_word' id='word_1_408' title='bbox 1101 4111 1141 4167; x_wconf 82' lang='lat' dir='ltr'>al,</span> <span class='ocrx_word' id='word_1_409' title='bbox 1157 4108 1195 4166; x_wconf 81' lang='lat'>14,</span> <span class='ocrx_word' id='word_1_410' title='bbox 1214 4113 1240 4184; x_wconf 77' lang='lat' dir='ltr'>ut</span> <span class='ocrx_word' id='word_1_411' title='bbox 1256 4121 1313 4184; x_wconf 79' lang='lat' dir='ltr'>sen-</span> 
     </span>
     <span class='ocr_line' id='line_1_42' title="bbox 192 4173 1313 4246; baseline -0.012 -12"><span class='ocrx_word' id='word_1_412' title='bbox 192 4184 220 4246; x_wconf 83' lang='lat'>2)</span> <span class='ocrx_word' id='word_1_413' title='bbox 239 4183 328 4243; x_wconf 87' lang='lat' dir='ltr'>lunius,</span> <span class='ocrx_word' id='word_1_414' title='bbox 354 4182 448 4242; x_wconf 75' lang='lat' dir='ltr'>lellus,</span> <span class='ocrx_word' id='word_1_415' title='bbox 471 4182 564 4232; x_wconf 85' lang='lat' dir='ltr'>Colour.</span> <span class='ocrx_word' id='word_1_416' title='bbox 592 4191 615 4232; x_wconf 84' lang='lat' dir='ltr'>et</span> <span class='ocrx_word' id='word_1_417' title='bbox 634 4181 710 4232; x_wconf 83' lang='lat' dir='ltr'>Cotel.</span> <span class='ocrx_word' id='word_1_418' title='bbox 743 4194 785 4229; x_wconf 85' lang='lat' dir='ltr'>sus</span> <span class='ocrx_word' id='word_1_419' title='bbox 803 4180 846 4230; x_wconf 86' lang='lat' dir='ltr'>sit:</span> <span class='ocrx_word' id='word_1_420' title='bbox 866 4182 929 4230; x_wconf 84' lang='lat' dir='ltr'>[leus</span> <span class='ocrx_word' id='word_1_421' title='bbox 947 4180 993 4230; x_wconf 82' lang='lat' dir='ltr'>sibi</span> <span class='ocrx_word' id='word_1_422' title='bbox 1013 4175 1155 4240; x_wconf 80' lang='lat' dir='ltr'>exreliquis</span> <span class='ocrx_word' id='word_1_423' title='bbox 1176 4173 1313 4223; x_wconf 78' lang='lat' dir='ltr'>hominibus</span> 
     </span>
     <span class='ocr_line' id='line_1_43' title="bbox 138 4239 1314 4318; baseline -0.01 -16"><span class='ocrx_word' id='word_1_424' title='bbox 138 4252 241 4302; x_wconf 85' lang='lat' dir='ltr'>mallent</span> <span class='ocrx_word' id='word_1_425' title='bbox 263 4248 296 4308; x_wconf 80' lang='grc' dir='ltr'>ὃς</span> <span class='ocrx_word' id='word_1_426' title='bbox 317 4246 391 4318; x_wconf 77' lang='grc' dir='ltr'><em>ἡμᾶς</em></span> <span class='ocrx_word' id='word_1_427' title='bbox 413 4246 541 4317; x_wconf 68' lang='grc' dir='ltr'>ἐκλογῆς,</span> <span class='ocrx_word' id='word_1_428' title='bbox 559 4250 653 4299; x_wconf 84' lang='lat' dir='ltr'>lloisius</span> <span class='ocrx_word' id='word_1_429' title='bbox 679 4243 712 4307; x_wconf 82' lang='grc' dir='ltr'>ὃς</span> <span class='ocrx_word' id='word_1_430' title='bbox 743 4249 864 4311; x_wconf 78' lang='lat' dir='ltr'>separarit</span> <span class='ocrx_word' id='word_1_431' title='bbox 883 4264 940 4305; x_wconf 84' lang='lat' dir='ltr'>nos,</span> <span class='ocrx_word' id='word_1_432' title='bbox 967 4255 990 4297; x_wconf 88' lang='lat' dir='ltr'>et</span> <span class='ocrx_word' id='word_1_433' title='bbox 1013 4247 1070 4295; x_wconf 81' lang='lat' dir='ltr'>lecit</span> <span class='ocrx_word' id='word_1_434' title='bbox 1090 4239 1203 4305; x_wconf 67' lang='grc' dir='ltr'>ἐκλογῆς</span> <span class='ocrx_word' id='word_1_435' title='bbox 1220 4241 1314 4309; x_wconf 72' lang='grc' dir='ltr'><strong><em>μέρος,</em></strong></span> 
     </span>
     <span class='ocr_line' id='line_1_44' title="bbox 137 4303 1313 4389; baseline -0.011 -19"><span class='ocrx_word' id='word_1_436' title='bbox 137 4317 222 4389; x_wconf 80' lang='grc' dir='ltr'><em>ἡμᾶς,</em></span> <span class='ocrx_word' id='word_1_437' title='bbox 239 4317 276 4367; x_wconf 86' lang='lat' dir='ltr'>rel</span> <span class='ocrx_word' id='word_1_438' title='bbox 295 4314 330 4369; x_wconf 78' lang='lat' dir='ltr'>rel</span> <span class='ocrx_word' id='word_1_439' title='bbox 347 4316 426 4382; x_wconf 71' lang='lat' dir='ltr'>terp,</span> <span class='ocrx_word' id='word_1_440' title='bbox 455 4318 520 4382; x_wconf 87' lang='lat' dir='ltr'>quod</span> <span class='ocrx_word' id='word_1_441' title='bbox 539 4319 627 4382; x_wconf 77' lang='lat' dir='ltr'>proluat</span> <span class='ocrx_word' id='word_1_442' title='bbox 644 4318 711 4366; x_wconf 87' lang='lat' dir='ltr'>Wot·</span> <span class='ocrx_word' id='word_1_443' title='bbox 744 4324 770 4365; x_wconf 92' lang='lat' dir='ltr'>ut</span> <span class='ocrx_word' id='word_1_444' title='bbox 793 4332 820 4366; x_wconf 84' lang='lat' dir='ltr'>ex</span> <span class='ocrx_word' id='word_1_445' title='bbox 847 4331 902 4365; x_wconf 85' lang='lat' dir='ltr'>areu</span> <span class='ocrx_word' id='word_1_446' title='bbox 930 4306 1100 4375; x_wconf 77' lang='lat' dir='ltr'>decerpiturip</span> <span class='ocrx_word' id='word_1_447' title='bbox 1125 4303 1239 4376; x_wconf 74' lang='grc' dir='ltr'><em>ἀπαρχὴ</em></span> <span class='ocrx_word' id='word_1_448' title='bbox 1263 4308 1313 4357; x_wconf 89' lang='lat' dir='ltr'>lleo</span> 
     </span>
     <span class='ocr_line' id='line_1_45' title="bbox 138 4373 1286 4452; baseline -0.013 -13"><span class='ocrx_word' id='word_1_449' title='bbox 138 4396 213 4439; x_wconf 81' lang='lat' dir='ltr'>tonus</span> <span class='ocrx_word' id='word_1_450' title='bbox 234 4394 335 4451; x_wconf 83' lang='lat' dir='ltr'>propter</span> <span class='ocrx_word' id='word_1_451' title='bbox 352 4401 380 4436; x_wconf 84' lang='lat' dir='ltr'>ea</span> <span class='ocrx_word' id='word_1_452' title='bbox 400 4401 461 4450; x_wconf 90' lang='lat' dir='ltr'>quae</span> <span class='ocrx_word' id='word_1_453' title='bbox 484 4394 618 4452; x_wconf 88' lang='lat' dir='ltr'>sequuntur</span> <span class='ocrx_word' id='word_1_454' title='bbox 640 4385 711 4436; x_wconf 84' lang='lat' dir='ltr'>citata</span> <span class='ocrx_word' id='word_1_455' title='bbox 744 4399 821 4445; x_wconf 84' lang='lat' dir='ltr'>sacra,</span> <span class='ocrx_word' id='word_1_456' title='bbox 840 4398 901 4449; x_wconf 89' lang='lat' dir='ltr'>quae</span> <span class='ocrx_word' id='word_1_457' title='bbox 919 4383 946 4431; x_wconf 89' lang='lat' dir='ltr'>llt</span> <span class='ocrx_word' id='word_1_458' title='bbox 960 4377 1027 4448; x_wconf 80' lang='grc' dir='ltr'>ἅγια</span> <span class='ocrx_word' id='word_1_459' title='bbox 1045 4373 1143 4445; x_wconf 65' lang='grc' dir='ltr'><strong><em>ἁγίαν</em></strong></span> <span class='ocrx_word' id='word_1_460' title='bbox 1179 4376 1286 4429; x_wconf 68' lang='lat' dir='ltr'>waic.</span> 
     </span>
    </p>
   </div>
   <div class='ocr_carea' id='block_1_12' title="bbox 0 0 1456 4882">
    <p class='ocr_par' dir='ltr' id='par_1_12' title="bbox 0 0 1456 4882">
     <span class='ocr_line' id='line_1_46' title="bbox 0 0 1456 4882; baseline 0 0"><span class='ocrx_word' id='word_1_461' title='bbox 0 0 1456 4882; x_wconf 95' lang='lat' dir='ltr'> </span> 
     </span>
    </p>
   </div>
  </div>
 </body>
</html>
