2886 4882
369 243 504 310 bonnm
524 253 663 310 rxsron.
706 251 802 310 trouu
824 255 841 311 ι.
885 252 973 312 visto
993 253 1013 312 r.
1036 240 1079 327 (t)
1253 250 1311 314 ttt

139 421 289 476 bominum.
321 420 386 476 bico
410 436 460 493 ego
483 422 521 475 ei:
544 428 572 476 tu
596 436 662 493 crgo
685 436 727 476 me
745 422 878 477 aecusast
900 421 932 476 Et
947 423 983 476 ait
996 421 1076 477 mihi:
1100 439 1151 497 ego
1168 441 1238 491 non3
1258 421 1311 481 etti

139 505 201 559 aridi
223 519 366 560 sermones
381 519 465 570 meos,
490 520 559 576 quos
584 504 684 576 incipio
697 503 746 559 tibi
762 504 863 560 dicere.
908 503 986 571 Deus,
1000 505 1044 576 qui
1058 505 1159 562 habitat
1173 509 1200 562 in
1216 503 1311 575 conlib

139 594 166 642 et
189 586 252 641 iecit
275 604 307 642 cx
329 587 421 654 nihilo,
443 595 471 641 ut
495 595 587 643 essent
609 588 696 642 omnia
710 587 847 644 abundare
870 597 896 644 et
919 604 1042 643 creseere
1057 597 1169 661 propter
1192 597 1311 646 sanctam

140 669 285 725 ecelesiam
307 687 398 736 stram,
433 661 571 725 irascitur³
595 669 657 737 tibi,
692 672 817 742 quoniam
841 672 961 744 peccasti
989 672 1015 726 in
1037 686 1088 724 mc.
1132 662 1311 744 Respondeas

140 762 229 808 autem
247 752 299 807 dixi
322 754 362 808 ci:
386 753 411 807 in
432 761 456 808 te
479 753 616 825 quomodo
636 755 753 826 peccavi,
772 760 816 808 ant
831 755 940 826 quando
956 753 1002 809 tibi
1019 752 1185 825 impudicum
1199 752 1312 813 verbum

140 836 247 891 locutus
278 839 356 890 sumt
400 836 458 891 Non
488 852 597 909 semper
626 844 651 891 tc
683 836 882 891 verecundatus
913 853 972 892 sum
1001 837 1136 908 quomodo
1167 841 1313 895 sororemt

141 919 210 987 Quid
231 918 257 972 in
279 935 322 973 me
345 920 467 974 mentiris
489 920 555 975 bace
579 920 670 990 iniqua
693 927 720 973 et
742 919 896 974 immunda?
942 919 985 974 ttta
1009 927 1097 974 autem
1128 919 1218 976 ridens
1248 918 1315 980 dixit

141 1000 221 1057 mibi:
244 1001 270 1055 in
294 1003 376 1057 eorde
400 1010 445 1056 tuo
468 1001 591 1058 ascendit
615 1002 836 1074 eoueupiscentia
859 1002 960 1075 iniqua.
1002 1005 1054 1057 Ant
1075 1018 1129 1057 non
1146 1001 1193 1058 tibi
1208 1004 1315 1062 videtur

142 1085 243 1140 bomini
266 1084 337 1140 iusto
361 1086 455 1157 iniqua
477 1102 520 1141 res
543 1102 620 1151 esse,
648 1085 671 1139 si
694 1084 848 1139 ascenderit
867 1087 892 1139 in
918 1085 1001 1141 corde
1023 1086 1081 1140 eius
1101 1085 1192 1158 iniqua
1215 1099 1314 1145 eoncu-

141 1167 294 1241 piscentiat
336 1167 480 1224 Peccatum
503 1177 557 1235 est,
582 1177 608 1224 et
629 1183 763 1239 magnum.
806 1166 920 1223 Dicebas
948 1168 1028 1223 mibi:
1058 1167 1097 1222 vir
1126 1169 1212 1225 iustus
1242 1169 1314 1228 iusta

142 1250 251 1322 cogitat.
296 1250 408 1317 Quando
431 1260 519 1307 autem
543 1253 611 1306 iusta
634 1251 751 1323 cogitat,
773 1251 831 1322 ipse
854 1266 884 1305 se
907 1251 1027 1322 corrigit,
1049 1259 1077 1305 et
1099 1253 1183 1324 gratia
1206 1253 1264 1308 eius
1286 1254 1313 1311 in

145 1333 226 1388 caelis
250 1335 315 1402 erit,
347 1343 373 1389 et
402 1335 547 1408 propitium
579 1331 690 1390 babebit
712 1333 853 1388 Dominum
877 1333 903 1387 in
926 1335 998 1389 omni
1020 1334 1129 1406 negotio
1162 1351 1220 1391 suo.
1264 1336 1314 1406 oui

144 1423 232 1471 autem
255 1417 346 1490 iniquae
369 1419 488 1490 cogitant
510 1419 535 1473 iu
560 1415 690 1473 cordibus
713 1417 786 1484 suis,
809 1424 924 1472 mortem
946 1426 973 1472 et
995 1417 1173 1491 captivitatem
1196 1419 1247 1474 sibi
1269 1420 1314 1476 ad·

145 1500 269 1571 quirent;
292 1501 405 1555 maxime
428 1500 483 1567 illi,
512 1502 558 1573 qni
580 1500 701 1555 secutum
724 1498 776 1553 boe
798 1498 850 1554 sibi
873 1499 1023 1568 vindicant,
1053 1507 1080 1554 et
1100 1500 1266 1558 luxuriantes
1287 1502 1313 1558 in

142 1581 241 1638 divitiis
264 1584 321 1638 suis
345 1583 457 1655 gloriam
477 1592 615 1638 venturam
637 1581 785 1654 negligunt.
829 1582 886 1637 b'on
909 1584 1039 1638 resistunt
1070 1581 1165 1638 iisdem
1191 1576 1315 1642 luxuriis⁴

142 1666 245 1721 animae
269 1683 333 1721 suae
356 1683 410 1720 non
432 1664 563 1721 babentes
585 1683 661 1739 spcxxr
683 1664 767 1732 ritae3
798 1665 848 1737 ipsi
876 1666 946 1721 eninr
971 1665 1004 1721 de
1034 1683 1063 1722 se
1086 1672 1113 1720 et
1135 1666 1241 1722 devita
1263 1682 1313 1724 sua

143 1749 297 1820 desperant.
340 1748 379 1803 Tu
402 1757 490 1804 autem
512 1765 561 1804 ora
582 1748 616 1804 ad
637 1748 792 1816 Dominum,
819 1755 847 1803 et
867 1748 982 1804 dimittet
1007 1747 1054 1804 tibi
1076 1758 1188 1821 peecata
1210 1758 1254 1805 tua
1284 1756 1312 1808 et

144 1831 225 1885 totius
249 1831 344 1887 domus
367 1840 426 1887 tuac
450 1839 477 1887 ct
499 1834 618 1889 omnium
641 1840 805 1888 sanctoruni.

227 1976 264 2050 (ιι)
282 1980 314 2037 tt.
357 1982 470 2038 Etcum
493 1981 693 2040 loentaiuisset
715 1980 797 2038 rerba
821 1982 878 2051 ista,
904 1973 982 2037 elnsi¹
1007 1989 1070 2037 sunt
1092 1981 1166 2038 caeli.
1209 1980 1242 2037 tn
1263 1998 1313 2058 ego

144 2071 216 2119 totns
240 2065 265 2119 in
289 2066 386 2122 timore
408 2083 481 2123 eram
505 2076 624 2124 tremens
646 2073 673 2121 et
694 2066 787 2121 tristis.
832 2066 957 2123 Dicebam
978 2073 1068 2121 autem
1090 2065 1115 2119 in
1132 2065 1215 2121 eorde
1238 2083 1314 2124 meo:

143 2148 166 2201 si
188 2147 241 2203 hoe
263 2159 404 2222 peccatum
433 2150 497 2205 mibi
527 2149 704 2215 adscribitur,
734 2147 872 2221 quomodo
906 2165 1018 2222 possum
1041 2146 1151 2218 salvari,
1181 2157 1226 2202 aut
1249 2166 1315 2224 quo·

143 2231 224 2286 modo
247 2232 387 2288 Dominum
411 2232 494 2287 Deum
517 2233 665 2305 propitiare
687 2233 713 2286 in
737 2230 778 2285 bis
799 2232 918 2302 peccatis
942 2246 1054 2303 possum
1075 2232 1158 2298 meis,
1190 2241 1236 2286 aut
1256 2233 1314 2306 qui·

143 2313 194 2368 bus
217 2313 306 2369 uerbis
329 2332 391 2369 eum
413 2330 527 2385 rogare,
549 2322 579 2369 ut
600 2314 664 2368 mihi
688 2312 852 2385 propitietur
879 2314 905 2367 in
936 2312 979 2366 bis
1016 2328 1084 2384 quae
1107 2313 1240 2384 cogitavit
1282 2315 1316 2371 nt

143 2411 185 2451 me
207 2397 260 2450 boe
283 2388 450 2469 disputante²
474 2396 500 2449 in
523 2395 605 2451 corde
628 2412 698 2462 mco,
720 2392 798 2448 rideo
824 2400 919 2448 contra
938 2410 981 2448 me
1003 2394 1159 2449 cathedram
1173 2394 1314 2452 candidam

145 2476 177 2532 de
200 2478 268 2532 lanis
289 2479 374 2533 niveis
398 2477 493 2532 iactam
516 2493 647 2548 magnam.
690 2476 722 2530 Et
743 2474 854 2530 veniens
878 2475 1011 2548 quaedam
1040 2474 1138 2530 semina
1166 2477 1259 2533 senior
1286 2477 1315 2534 in

142 2567 216 2616 veste
240 2560 364 2632 limpida,
393 2559 496 2614 babens
519 2560 616 2615 librum
640 2560 665 2614 in
688 2556 827 2623 manibus,
855 2565 881 2612 ct
909 2556 1010 2613 sedens
1040 2557 1098 2611 sola
1120 2557 1245 2614 salutarit
1270 2574 1314 2617 me

144 2643 252 2697 dicens:
274 2660 319 2697 ave
344 2643 450 2699 Herma.
497 2641 528 2697 tn
550 2660 600 2716 ego
624 2643 707 2698 tristis
731 2648 758 2695 et
780 2639 891 2712 plorans
915 2639 968 2696 dixi
992 2641 1031 2695 ei:
1055 2655 1101 2694 avc
1124 2640 1241 2695 domina.
1273 2640 1315 2698 ot

144 2725 209 2779 dixit
230 2726 312 2781 mibi:
336 2727 400 2799 quid
424 2725 508 2781 tristis
531 2742 560 2781 cs
583 2733 625 2792 tu,
648 2723 808 2797 longanimis
831 2730 858 2778 et
883 2724 941 2779 siue
963 2722 1100 2779 iracundia
1120 2731 1147 2779 ct
1168 2724 1257 2780 omnia
1280 2725 1314 2781 ri·

143 2807 229 2864 densi
273 2808 341 2876 Quid
365 2809 404 2864 sie
426 2804 499 2864 vultu
521 2800 602 2865 tristi³
624 2826 654 2864 es
679 2815 705 2864 et
721 2823 775 2860 uon
791 2805 888 2862 ditarit
931 2806 964 2862 Et
985 2823 1036 2880 ego
1051 2804 1103 2862 dixi
1124 2806 1164 2862 ei:
1187 2806 1314 2865 aicmiua

143 2888 214 2945 bona
237 2893 343 2948 dicente
365 2891 446 2958 mibi,
478 2893 551 2964 quod
574 2907 731 2966 peccassem
754 2890 781 2944 in
804 2906 844 2947 ca.
885 2889 918 2944 Et
945 2890 989 2945 ilia
1018 2889 1084 2945 dixit
1106 2888 1184 2944 mibi:
1213 2906 1313 2965 nequa·

143 2990 223 3045 quam
246 2992 329 3049 super
351 2992 458 3031 servum
481 2973 584 3031 Domini
610 2974 663 3030 boe
685 2972 831 3045 negotium.
876 2972 1053 3028 Scdsorteiu
1070 2972 1215 3028 cordetuo
1238 2967 1313 3045 [eou-

144 3053 320 3127 eupiscentia]
344 3059 467 3113 aseendit
490 3057 523 3113 de
544 3059 611 3130 ipsa.
653 3058 700 3112 Est
722 3055 832 3127 quidem
855 3055 998 3111 servisbei
1021 3055 1150 3128 cogitatio
1172 3064 1314 3128 peccatum

143 3136 276 3192 adserens.
315 3139 408 3212 Iniqua
430 3148 519 3196 autem
542 3141 668 3214 cogitatio
700 3131 754 3195 est⁴
784 3137 877 3194 timida
908 3139 934 3192 in
965 3140 1037 3193 omni
1068 3145 1141 3192 casto
1164 3138 1262 3211 spiritu
1286 3146 1315 3196 et

195 3345 252 3408 Cap.
265 3345 294 3394 11.
331 3345 356 3409 l)
375 3352 500 3411 postquem
519 3350 595 3398 incute
615 3353 649 3395 est
665 3361 709 3393 oe·
795 3342 822 3405 8)
839 3344 873 3392 Ita
893 3361 913 3393 c.
932 3344 991 3407 Vnt,
1009 3345 1036 3394 Et
1054 3344 1112 3403 eat„
1131 3345 1156 3393 At
1177 3345 1239 3409 vulg.
1257 3346 1313 3397 'Sess

143 3413 246 3469 remVat.
265 3413 370 3475 Respicit
389 3414 467 3463 auimo
482 3416 585 3478 ancipite
599 3414 709 3463 homines
746 3425 821 3474 quens
839 3413 897 3460 inibi
916 3428 963 3462 non
983 3421 1020 3463 cst
1038 3413 1062 3460 in
1080 3413 1130 3461 Vat.

142 3488 191 3535 sine
209 3475 354 3547 διψύχους.
381 3481 429 3530 co.
447 3482 490 3546 Ep.
510 3484 555 3532 iae.
578 3484 599 3543 l,
618 3480 641 3531 8.
662 3481 709 3530 Vis.
797 3480 823 3541 9)
841 3481 884 3528 itio
911 3496 935 3541 p.
962 3482 1027 3529 idios
1052 3483 1240 3543 eoncupiscentia
1263 3481 1314 3530 Vat.

144 3556 167 3613 3,
186 3554 210 3603 4,
748 3545 948 3609 concupiscentiae
967 3562 1026 3596 rore
1046 3562 1115 3595 usum
1136 3547 1210 3597 tuisse
1229 3555 1314 3597 ancto-

195 3632 221 3695 2)
239 3647 336 3681 ‚mmm
358 3633 408 3681 pap¹
744 3626 794 3661 rem
817 3629 844 3662 cx
869 3614 966 3662 notione
989 3614 1012 3662 in
1040 3613 1131 3662 seboiis
1152 3622 1261 3678 recepta,
1288 3621 1315 3664 ut

746 3680 817 3728 «tricet
836 3680 918 3739 Onon,
937 3681 972 3728 uix
992 3695 1134 3744 persuasum
1151 3681 1196 3729 sibi
1208 3680 1313 3741 habebit,

746 3747 785 3809 qui
807 3747 865 3796 haee
884 3756 908 3796 ct
926 3763 986 3812 quae
1004 3755 1151 3813 sequuntur,
1170 3755 1258 3798 attente
1276 3748 1312 3796 le·

746 3814 814 3875 gerit.

194 3723 221 3785 3)
237 3724 393 3784 plenissimis.
420 3724 517 3779 Orientis
544 3739 567 3787 p.
587 3726 710 3775 obtendun-

144 3791 264 3841 tirsinris?
290 3789 377 3842 Quibus
396 3790 445 3838 Vat.

193 3882 220 3944 4)
238 3884 257 3931 1.
277 3899 297 3931 e.
318 3897 344 3930 ex
368 3880 469 3930 adverso
494 3882 597 3944 positam
617 3884 709 3933 setiam.

143 3953 277 4002 fabricius.
796 3945 823 4010 3)
840 3949 930 3998 iroaeor
948 3948 998 3998 rat.

193 4012 1312 4104 mmmmmmmffl.buwmmmmwm

143 4113 230 4171 semma
254 4109 343 4172 semor)
368 4106 479 4158 Hermam
503 4108 610 4156 salutans
635 4110 709 4169 figura
744 4084 845 4142 pionem
859 4090 980 4133 venturam
990 4086 1116 4146 septipent.
1135 4082 1186 4132 Non
1197 4088 1312 4136 resistens

143 4177 264 4226 Ecclesiae
278 4186 321 4226 esp·
340 4177 392 4225 Huc
404 4183 521 4237 spectant,
542 4174 709 4238 quaflffimn‘
744 4149 836 4197 hisdem
855 4151 957 4201 lusoriis
975 4149 1025 4200 cat.

144 4242 519 4299 umummmo
795 4214 1181 4294 &wdmwfflffl

267 4337 271 4346 .
292 4337 296 4346 .
365 4335 370 4346 .
561 4331 566 4342 .
794 4284 821 4346 2)
839 4285 999 4347 disputantem
1019 4283 1070 4331 Pai.

195 4332 222 4397 o)
239 4336 297 4383 rnzdr
314 4341 413 4398 ponitur
431 4340 488 4397 post
506 4339 540 4381 est
559 4345 584 4379 m
603 4331 652 4381 Vat.
796 4350 824 4409 3,
844 4352 919 4400 smus
939 4350 989 4399 pap·

192 4413 220 4476 t)
238 4420 282 4479 ptri
303 4417 353 4465 Vnt.
794 4415 822 4479 4)
840 4422 863 4466 et
880 4416 930 4466 Pet.
