2886 4882
374 224 394 281 b
414 224 600 283 munerum
620 226 663 282 ab
685 225 758 283 COR·
781 225 838 314 llV.
858 227 924 288 xvt.
1198 226 1238 290 63

58 388 140 445 labiis
163 405 211 447 me
234 391 359 460 honorat,
383 400 539 448 curantem
562 409 657 449 eorum
678 391 759 466 longe
781 389 960 449 ahestame.‘
995 392 1027 450 ut
1048 411 1157 452 rursus:
1180 413 1238 465 ,ore

60 490 109 528 suo
132 471 347 544 benedicebant,
369 482 396 531 et
418 477 500 533 corde
522 493 572 533 suo
593 472 809 532 maledicebant-⁴
851 475 883 531 Et
903 493 999 533 rursus
1022 477 1100 535 dicit:
1129 480 1237 547 ,dilexe-

61 565 125 611 runt
150 573 216 613 eum
238 559 266 613 in
288 576 335 615 ore
358 576 423 626 suo,
452 569 479 616 et
500 560 591 633 lingua
612 578 661 616 sua
683 559 786 615 mentiti
809 566 871 614 suut
894 560 933 616 ei:
963 577 1011 617 cor
1031 570 1120 618 autem
1142 580 1237 621 eorum

60 658 115 695 uon
140 650 249 697 rectum
272 659 332 698 cum
356 659 406 716 eo,
428 660 478 699 nec
506 642 601 700 fideles
623 641 707 698 habiti
730 650 793 698 sunt
822 643 850 698 in
870 650 1033 699 testamento
1055 647 1123 701 eius.
1166 647 1238 705 lluta

63 722 130 779 fiant
153 723 225 780 labia
247 724 350 794 dolosa,
369 735 398 781 et
420 727 559 800 disperdat
573 728 702 782 Dominus
725 727 852 782 uniuersa
873 725 943 782 labia
966 726 1060 783 dolosa
1075 737 1102 784 et
1120 728 1236 804 linguam

61 807 283 881 magniloquam,
315 826 364 864 eos
394 811 439 882 qui
469 810 608 866 dixerunt:
638 810 755 882 linguam
777 820 899 866 nostram
921 809 1140 884 magnificemus,
1168 814 1238 870 labia

62 898 161 946 nostra
181 892 256 965 apud
277 909 327 948 nos
350 900 428 961 sunt;
451 894 512 966 quis
534 904 629 949 noster
646 894 772 950 dominus
794 893 855 949 estl
885 894 1002 968 Propter
1021 894 1159 950 miseriam
1181 897 1237 954 ino·

63 991 128 1046 pum
152 982 180 1028 et
204 976 332 1047 gemitum
353 993 501 1050 pauperum
523 994 595 1032 nunc
618 993 775 1049 exsurgam,
807 977 873 1034 dicit
894 977 1037 1045 Dominus3
1068 994 1167 1052 ponam
1190 997 1238 1037 eos

62 1061 88 1112 in
112 1057 243 1128 salutari,
274 1057 444 1116 confidenter
465 1078 540 1135 agam
561 1078 622 1117 curn
645 1057 717 1116 itus!

352 1175 416 1234 xvt.
460 1179 584 1234 Christus
605 1179 760 1250 exemplum
781 1177 953 1235 humilitatis.

148 1275 271 1331 Christus
293 1277 364 1332 enim
387 1294 481 1333 eorum
504 1284 545 1333 est
570 1278 614 1350 qui
646 1276 783 1332 lurnriliter
805 1276 838 1333 dc
861 1295 891 1333 se
913 1278 1041 1343 sentiunt,
1065 1295 1119 1334 non
1142 1295 1237 1336 eorum

65 1360 111 1432 qui
136 1376 221 1432 supra
243 1377 352 1434 gregem
375 1362 433 1416 eius
455 1378 517 1417 sese
539 1361 662 1417 ellerunt.
704 1361 848 1434 Sceptrum
870 1361 1017 1418 maiestatis
1031 1362 1085 1430 llei,
1109 1362 1238 1420 Dominus

64 1451 161 1498 noster
184 1441 258 1498 lesus
282 1443 420 1512 Christus,
449 1461 503 1500 non
526 1446 596 1500 vonit
628 1446 653 1500 iu
677 1445 801 1500 iactantia
831 1444 975 1518 superbiae
1004 1454 1030 1501 et
1058 1449 1237 1521 arrogantiae,

65 1524 189 1599 quamvis
210 1527 345 1599 potuerit3
378 1529 427 1583 sed
455 1529 481 1583 in
503 1528 665 1596 humilitate,
697 1535 780 1600 prout
798 1527 916 1601 Spiritus
938 1528 1053 1585 Sanctus
1083 1531 1116 1586 de
1138 1548 1170 1587 eo
1199 1531 1237 1587 lo·

63 1616 232 1682 quntusest.
274 1610 343 1666 Dicit
365 1612 451 1670 enim:
480 1611 610 1680 ‚llomine‚
634 1613 695 1685 quis
718 1610 835 1667 eredidit
856 1612 950 1667 nuntio
973 1613 1090 1669 nostro?
1124 1613 1156 1669 Et
1177 1613 1236 1671 bra·

64 1694 157 1749 cbium
181 1692 284 1748 llomini
304 1697 347 1750 cui
370 1695 514 1750 revelatum
538 1695 600 1751 estl
626 1694 853 1751 llnnunciarimus
875 1711 967 1750 coram
991 1696 1065 1769 ipso:
1086 1697 1163 1769 quasi
1177 1716 1236 1772 par·

64 1776 142 1832 sulm
165 1783 215 1844 est,
238 1777 309 1832 sicut
328 1777 403 1834 radis
425 1779 449 1833 iu
474 1786 546 1834 terra
568 1779 684 1845 sitienti3
708 1794 761 1833 non
783 1787 825 1833 est
847 1779 954 1851 species
978 1779 1003 1834 ci
1026 1795 1115 1852 neque
1134 1780 1236 1854 gloria;

64 1868 92 1916 ct
115 1859 229 1916 uidimus
251 1878 328 1929 eum,
351 1869 378 1917 et
399 1879 453 1918 non
474 1861 589 1918 babebat
609 1863 742 1936 speciem,
773 1877 863 1935 neque
887 1862 1029 1930 decorem3
1057 1863 1107 1919 sed
1129 1866 1237 1938 specics

65 1944 125 1999 eius
147 1951 205 2001 erat
225 1944 393 2013 inhonorata,
417 1944 548 2002 deficiens
572 1963 636 2019 prae
659 1943 721 2000 siliis
744 1944 890 2001 bominum.
927 1944 1013 2002 Homo
1037 1954 1087 2015 cst,
1110 1948 1137 2003 in
1159 1949 1237 2023 plaga

65 2035 93 2082 et
116 2027 241 2082 molestia
263 2029 377 2101 positus,
400 2037 427 2085 et
450 2030 541 2084 sciens
565 2030 635 2086 lerrc
654 2029 790 2097 dolorem3
810 2030 872 2102 quia
895 2045 989 2086 aversa
1011 2036 1054 2086 est
1070 2030 1153 2088 lacies
1168 2033 1236 2102 eius,

66 2109 196 2185 despecta
218 2119 245 2167 et
267 2129 317 2184 pro
339 2112 424 2167 nihilo
448 2120 578 2187 reputata.
607 2113 659 2168 lstc
681 2120 792 2185 peccata
817 2120 911 2168 nostra
923 2121 1022 2187 portat,
1045 2121 1072 2169 ct
1086 2132 1137 2188 pro
1157 2115 1237 2172 nobis

68 2193 156 2262 dolet3
181 2202 209 2250 et
230 2211 280 2250 nos
302 2196 484 2269 reputavimus
506 2213 567 2252 eum
590 2213 652 2253 esse
673 2197 769 2252 merito
792 2194 932 2252 inlabere
962 2197 1038 2251 etin
1062 2197 1139 2271 plaga
1162 2207 1187 2255 et
1210 2200 1236 2254 in

68 2275 223 2333 alllictione.
250 2278 310 2352 lpse
332 2286 420 2335 autem
442 2279 596 2336 vulneratus
619 2287 661 2335 cst
681 2286 794 2354 propter
817 2288 911 2334 nostra
932 2287 1054 2352 peccata,
1076 2288 1104 2336 et
1118 2280 1237 2339 alllictus

68 2368 180 2434 propter
196 2368 304 2417 nostras
325 2362 488 2435 iniquitates.
530 2363 638 2420 Punitio
660 2363 693 2418 ad
714 2369 834 2418 nostram
858 2378 952 2434 pacem
975 2379 1059 2435 super
1075 2379 1136 2418 eum
1149 2365 1237 2434 venit3

67 2443 150 2499 livore
180 2444 239 2501 eius
271 2462 320 2502 nos
348 2447 432 2503 sanati
467 2464 569 2503 suimus.
622 2446 720 2501 Omnes
756 2446 833 2516 quasi
861 2461 924 2500 oves
959 2445 1122 2512 erravimus,
1153 2447 1240 2502 homo'

67 2528 96 2582 in
114 2529 156 2583 via
178 2545 226 2583 sua
248 2531 362 2599 errarit3
394 2539 422 2587 et
441 2530 571 2587 Dominus
593 2527 703 2585 tradidit
722 2543 782 2584 eum
806 2535 920 2601 propter
939 2527 1095 2598 iniquitates
1119 2536 1236 2598 nostras,

67 2613 189 2686 etipse,
212 2610 337 2668 adllictus
360 2613 437 2681 licet,
466 2631 520 2670 non
543 2612 630 2687 aperit
652 2628 693 2667 os.
736 2610 812 2666 Sicut
839 2610 895 2665 oris
924 2608 958 2665 ad
978 2609 1113 2665 victimam
1140 2610 1237 2667 ductus

68 2702 118 2762 est,
140 2701 168 2750 et
191 2695 261 2751 sieut
282 2713 368 2770 agnus
391 2714 481 2754 coram
505 2697 633 2753 tondente
656 2702 754 2763 mutus,
776 2696 816 2750 sic
837 2710 893 2749 non
914 2694 1002 2768 aperit
1023 2711 1054 2749 os
1077 2712 1164 2751 suum.
1207 2693 1237 2750 ln

68 2777 217 2834 hnmilitate
245 2797 293 2835 sua
323 2780 430 2837 tandem
460 2781 589 2837 liberatus
612 2786 653 2837 est
681 2797 695 2834 a
719 2794 813 2853 poena.
857 2777 1064 2834 Gcncrationem
1092 2780 1152 2835 eius
1175 2780 1236 2852 quis

67 2861 219 2931 enarrabit,
243 2880 302 2919 curn
326 2864 359 2920 de
380 2874 452 2920 terra
476 2865 585 2920 tollatur
606 2865 657 2919 vita
678 2864 757 2920 ciust
800 2861 838 2918 uh
861 2861 1048 2934 iniquitatibus
1067 2862 1162 2937 populi
1183 2863 1237 2920 mei

68 2944 165 3001 ductus
188 2953 230 3001 est
252 2947 285 3002 ad
306 2954 430 3004 mortem.
472 2948 504 3003 Et
525 2947 648 3004 liberabo
671 2946 768 3020 impios
791 2945 826 3001 ob
847 2945 1022 3018 sepulchrum
1044 2946 1118 3014 eius,
1147 2954 1175 3003 et
1198 2946 1236 3002 di·

64 3029 133 3084 sites
156 3028 192 3084 ob
214 3038 328 3087 mortem
350 3033 422 3101 eius;
453 3031 515 3106 quia
537 3032 705 3104 iniquitatem
727 3046 781 3086 non
803 3030 875 3098 lecit,
900 3046 990 3102 neque
1013 3029 1091 3086 dolus
1114 3029 1237 3087 inventus

67 3113 157 3168 estin
181 3129 230 3169 orc
252 3115 319 3173 eius.
361 3116 393 3173 Et
415 3116 543 3172 Dominus
566 3115 621 3171 vult
640 3114 770 3171 mundare
792 3130 854 3170 eum
877 3130 892 3169 a
914 3113 999 3186 plaga.
1031 3110 1059 3168 Si
1082 3112 1235 3170 obtuleritis

66 3252 164 3311 πάντα
195 3252 365 3327 δυνάμενος
395 3258 465 3307 uertit
487 3256 562 3306 enim:
585 3272 636 3307 crim
721 3254 747 3319 ὃ)
766 3253 928 3316 Petobionem,
952 3271 1013 3318 quae
1036 3254 1106 3303 nohis
1132 3254 1237 3304 debeba-

63 3328 146 3390 poaait
165 3329 251 3376 onmia.
289 3326 383 3374 Barton.
670 3332 720 3382 tur,
738 3330 764 3372 nt
787 3338 847 3386 pace
871 3323 1016 3382 frueremur,
1040 3322 1094 3387 ipse
1113 3322 1137 3371 in
1154 3337 1180 3372 se
1197 3337 1236 3373 re-

119 3393 146 3457 3)
165 3395 219 3443 lsai.
239 3409 258 3442 c.
277 3394 316 3454 53,
338 3394 414 3457 tsqq.
670 3393 741 3456 cepit
767 3390 854 3440 Coloni,

120 3462 148 3524 l)
167 3459 362 3528 interstrepo,
383 3463 460 3510 exorti
478 3475 566 3510 roaros.
602 3459 635 3509 lta
724 3461 750 3521 e)
767 3460 784 3508 Ι.
803 3473 823 3507 c.
840 3457 939 3507 maxima
963 3457 1066 3522 denique
1088 3459 1185 3509 miseria
1201 3458 1237 3523 (in

67 3531 98 3578 cl.
118 3529 149 3578 la.
163 3529 267 3580 Vossius.
297 3530 337 3578 stc.
351 3529 390 3577 Es.
404 3529 445 3589 42,
455 3530 478 3579 9.
492 3544 537 3592 pro
550 3524 637 3594 dvuy-
671 3528 752 3590 cmcc)
772 3542 864 3589 poenae
883 3534 905 3575 ct
928 3534 1045 3576 tormenta
1063 3527 1114 3576 eius
1125 3543 1237 3578 consum-

64 3597 169 3664 yer‘lnr,
188 3596 313 3659 legendum
326 3593 478 3646 ἀνατεῖλαι.
514 3596 553 3644 Sic
574 3596 636 3645 euim
671 3596 803 3654 urebantur,
823 3602 846 3642 et
863 3595 934 3645 linem
951 3593 1085 3656 attigerunt.
1107 3595 1135 3643 ll.

66 3665 151 3714 Codex
164 3665 226 3714 illex.
245 3673 268 3713 et
281 3664 459 3728 antiquissimus
472 3662 637 3722 Esaiueliber,
725 3663 766 3723 llll
785 3661 820 3710 Ob
842 3678 877 3722 eu,
897 3677 958 3725 quae
976 3661 1162 3727 subsequuntur,
1181 3661 1238 3713 Gal-

65 3747 139 3798 quem
163 3726 284 3796 Procopio'
312 3748 356 3781 sno
384 3733 493 3794 praefixit
520 3732 637 3781 lohannes
671 3730 800 3780 liceiollius
824 3727 873 3791 τὴν
895 3725 996 3795 γενεὰν
1013 3745 1061 3779 non
1080 3731 1110 3780 dc
1137 3732 1238 3795 mystica

65 3801 200 3850 Corterius.
230 3802 315 3851 doloro.
672 3808 712 3848 aut
728 3796 882 3846 inenarrabili
906 3797 1060 3859 generatione
1083 3798 1148 3848 verbi
1173 3797 1238 3846 acei-

119 3869 146 3931 5)
165 3863 209 3918 ὅτι
238 3866 288 3918 οὐκ
320 3864 397 3918 ἔστιν
423 3867 504 3917 lunius
540 3877 563 3917 ct
597 3868 636 3931 qui
672 3866 793 3930 piendum,
811 3865 854 3913 sed
872 3864 903 3914 ad
921 3865 1056 3916 literamde
1074 3865 1190 3929 pravitate
1208 3862 1238 3910 il·

65 3951 122 3987 erun
139 3937 216 3986 secuti
233 3945 301 4002 sunt,
325 3935 368 3986 scd
392 3944 475 3985 contra
494 3934 566 3985 tidem
586 3936 639 3985 llsti
672 3935 718 3983 lius
736 3933 851 3996 temporis
872 3933 993 3983 bominum
1011 3941 1079 3997 putat
1096 3948 1149 3982 esse
1167 3929 1239 3979 intel·

65 4013 128 4055 teste
146 4005 289 4054 laeobsono.
672 4001 806 4063 ligendum:
834 4000 913 4060 ,desse
937 4004 950 4049 e
980 4004 1040 4064 perd
1063 3998 1238 4050 lettcralmcnte

117 4072 146 4135 6)
165 4073 244 4121 l'isum
273 4087 331 4136 prae
362 4071 455 4134 pudore
488 4071 574 4122 auertit
600 4072 635 4121 rel
671 4068 711 4119 un'
729 4069 902 4118 esclamazione
921 4068 944 4116 di
962 4076 1062 4131 stupore
1081 4066 1118 4115 del
1133 4065 1237 4125 Prolctn,

66 4140 204 4189 abscondit
671 4137 687 4186 il
707 4137 777 4201 quale
793 4136 871 4186 indica
891 4142 954 4185 tanta
973 4150 1053 4184 essere
1065 4141 1126 4183 stata
1145 4132 1168 4180 la
1180 4146 1238 4195 pra·

117 4208 147 4270 l)
163 4209 213 4257 Noa
226 4207 323 4271 quidem
335 4206 500 4270 opinabamur,
518 4223 572 4257 cum
584 4223 636 4256 esse
672 4205 717 4254 viu
741 4204 804 4267 degli
828 4203 918 4253 nomini
943 4201 965 4250 ai
995 4201 1068 4277 tempi
1091 4199 1130 4248 del
1154 4198 1237 4277 §alra-

66 4275 216 4325 immundum
232 4276 281 4324 sire
301 4276 417 4325 indolere
431 4275 521 4339 (Lxx),
539 4275 636 4339 patique
672 4281 736 4333 tore,
760 4272 803 4320 clrc
828 4287 875 4319 non
901 4271 930 4319 tia
948 4267 1065 4331 possrbrle
1084 4266 1238 4345 descrimen,

67 4350 170 4405 propter
198 4358 241 4393 sua
270 4343 345 4408 ipsius
364 4350 462 4406 peccatu
479 4359 493 4391 a
511 4344 561 4394 llco
580 4357 636 4407 per·
672 4338 875 4401 oimmaginarla.
909 4337 945 4387 Lo
964 4337 1036 4383 launo
1054 4341 1145 4386 sentire
1161 4349 1238 4386 manr-

67 4424 174 4460 emaum.
670 4409 811 4458 testamente
829 4406 851 4455 le
869 4402 953 4469 parole
973 4401 1017 4452 che
1035 4404 1160 4469 seguono.⁴
