2886 4882
304 239 431 299 tntttttt
455 240 617 298 nntsnntn
639 242 681 298 ΑΙ)
704 239 921 299 TRAElellOS.
948 236 1089 296 1.ll.lll
1224 237 1281 300 155

106 407 307 465 multitudinem
325 414 443 463 vestram
465 407 492 462 in
513 423 546 462 eo
570 406 766 481 contemplatus
788 408 847 462 sim.
875 405 1018 481 Excipiens
1041 407 1112 463 enim
1125 424 1175 480 per
1189 406 1280 481 ipsum

106 500 232 559 vestram,
256 506 326 563 quae
341 489 492 546 secundnm
508 491 592 546 Deum
602 498 652 557 est,
673 488 896 557 benevolentiam,
909 506 958 545 vos
976 490 1061 563 ipsos,
1083 507 1152 563 quos
1167 491 1282 563 cognovi

109 575 261 631 imitatores
283 572 339 641 Oei,
362 573 499 629 invenisse
521 571 641 629 videbar.

107 732 136 778 ut
159 724 312 779 universam
333 723 532 780 multitudinem
554 730 669 778 vestram
693 722 719 776 in
742 738 775 778 eo
806 720 1004 794 contemplatus
1034 721 1093 776 sim.
1135 723 1281 797 decipiens

108 824 176 879 ergo
205 806 381 880 probansque
414 807 493 863 istam
515 805 664 862 secundum
693 805 739 861 Oci
760 805 992 872 benevolentiam,
1021 805 1093 860 visus
1125 823 1184 861 sum
1215 805 1281 862 mihi

108 907 157 963 per
180 890 269 964 ipsum
292 889 507 964 deprehendisse
530 905 579 944 vos
599 889 748 944 imitatores
771 905 832 945 esse
853 887 907 944 Oei.

276 1053 308 1110 ll.
344 1056 437 1112 Estote
458 1056 573 1112 subiecti
594 1055 726 1127 episcope,
744 1056 911 1129 presbyteris
933 1063 957 1112 et
979 1056 1114 1112 diaconis.

190 1171 255 1227 Cum
279 1171 350 1228 enim
380 1173 509 1245 episcopo
531 1172 647 1228 subiecti
676 1172 735 1227 sitis
764 1179 794 1226 ut
815 1171 876 1228 lesu
900 1172 1022 1239 Christo,
1051 1170 1177 1227 videmini
1205 1170 1282 1240 mihi,

108 1271 163 1308 non
195 1255 345 1311 secundum
373 1253 524 1323 huminem,
559 1255 609 1311 sed
637 1255 786 1311 secundum
816 1255 903 1312 lesum
933 1255 1069 1311 Christum
1104 1254 1206 1320 vivere,
1236 1254 1282 1326 qui

107 1345 223 1410 propter
244 1354 295 1392 nos
307 1346 429 1393 mortuus
443 1345 493 1405 est,
516 1346 545 1393 ut
563 1338 707 1394 credentes
731 1339 757 1393 in
779 1345 894 1394 mortem
909 1338 995 1412 ipsius
1007 1345 1121 1394 mortem
1138 1337 1282 1410 effugiatis.

106 1419 297 1476 Necessarium
327 1422 418 1494 itnquc
450 1428 500 1488 est,
523 1421 749 1493 quonvadmodum
772 1421 876 1489 facitis,
905 1429 935 1477 ut
963 1423 1022 1477 sine
1051 1422 1184 1495 episcopo
1215 1419 1281 1476 nihil

106 1502 207 1575 agatis,
237 1503 332 1559 sedet
354 1503 525 1578 presbyterio
554 1503 654 1559 subditi
676 1504 752 1571 sitis,
782 1512 812 1559 ut
832 1503 970 1577 Apostolis
993 1503 1054 1560 lcsn
1076 1503 1192 1569 Christi,
1220 1504 1279 1576 spei

107 1593 227 1654 nostrae,
249 1587 276 1641 in
299 1603 352 1659 quo
375 1596 568 1643 conversantes
591 1587 764 1643 inveniamur.
800 1587 914 1660 Oportet
927 1593 1016 1642 nutem
1032 1595 1059 1642 et
1075 1587 1213 1654 diaconos,
1235 1586 1281 1660 qui

107 1675 172 1723 sunt
192 1669 310 1725 ministri
331 1671 453 1744 mysterii
476 1669 537 1725 lesu
560 1669 674 1737 Christi,
706 1669 779 1725 omni
800 1669 881 1726 modo
910 1668 1036 1725 omnibus
1064 1670 1180 1744 placere.
1222 1669 1280 1726 Non

106 1751 179 1807 enim
215 1751 338 1808 ciborum
370 1760 398 1809 et
428 1760 538 1826 potuum
568 1752 685 1808 ministri
719 1759 796 1819 sunt,
832 1752 880 1808 sed
912 1751 1044 1809 ecclesiae
1072 1752 1120 1808 Oci
1156 1753 1280 1810 ministri.

108 1834 223 1908 Oportet
244 1835 333 1909 igitur,
356 1844 386 1893 ut
406 1835 458 1892 sibi
481 1842 593 1891 caveant
614 1852 628 1891 a
651 1834 807 1891 criminibus
830 1843 956 1910 tanquam
979 1834 1011 1891 ab
1034 1836 1105 1910 igne.

190 1976 247 2041 ⁶11.
290 1983 401 2053 Quando
424 1984 495 2041 enim
511 1984 647 2059 Episcopo
671 1984 787 2041 subiecti
810 1985 876 2042 estis
897 1993 928 2042 ut
942 1985 1003 2042 lesu
1021 1986 1140 2055 Christo,
1155 1987 1281 2045 videmini

106 2067 174 2124 mihi
203 2084 257 2123 nen
284 2067 432 2124 secundum
461 2068 597 2124 hominem
626 2069 730 2135 vivere,
762 2068 811 2124 sed
842 2070 990 2126 secundum
1022 2070 1111 2127 lesum
1135 2070 1279 2141 Christum,

107 2152 153 2224 qui
176 2160 289 2225 propter
309 2168 361 2207 nos
383 2158 505 2208 mortuns
527 2157 583 2217 est,
605 2159 635 2206 ut
658 2152 801 2207 eredentes
824 2151 850 2206 in
872 2162 985 2208 niortem
1008 2155 1084 2222 eius,
1105 2164 1220 2211 mortem
1242 2153 1280 2212 el·

107 2233 224 2306 fugiatis.
265 2235 383 2290 Necesse
405 2236 495 2307 itaque
517 2242 574 2301 est,
597 2233 824 2308 quemadmodum
846 2235 951 2303 tacitis,
973 2236 1040 2291 nihil
1065 2252 1111 2291 vos
1139 2239 1197 2293 sine
1219 2238 1280 2312 Epi·

108 2333 193 2389 scopo
216 2333 305 2390 agere.
345 2316 399 2373 Sed
421 2325 449 2373 et
469 2314 644 2391 Presbyterio
667 2316 782 2373 subiecti
804 2324 899 2380 estote,
922 2326 951 2373 ut
972 2319 1110 2390 Apostolis
1133 2318 1192 2374 le'su
1207 2320 1281 2376 Chri·

109 2401 154 2466 sti,
178 2399 223 2472 qui
246 2416 309 2474 spes
331 2407 424 2457 nostra
447 2407 497 2467 est,
520 2401 547 2456 in
570 2417 625 2474 quo
647 2401 766 2455 viventes
790 2400 965 2455 inveniamur.
1004 2401 1117 2474 Oportet
1139 2408 1166 2454 et
1188 2402 1280 2457 Diaco-

108 2499 173 2549 nos,
195 2483 384 2555 mysteriorum
408 2483 507 2539 Christi
530 2484 686 2551 ministros,
710 2482 783 2537 omni
805 2480 886 2536 modo
909 2483 1015 2537 cunctis
1038 2481 1157 2554 plaeere:
1191 2498 1281 2556 nequo

108 2567 181 2621 enim
210 2564 332 2622 ciborum
362 2575 388 2623 et
416 2575 528 2641 potuum
557 2566 672 2622 ministri
703 2573 779 2633 sunt,
802 2563 850 2619 sed
872 2562 1009 2619 Ecclesiae
1032 2563 1078 2619 Oei
1100 2562 1281 2622 subserviunt

108 2648 192 2705 Oecct
210 2665 277 2723 ergo
300 2666 349 2706 eos
371 2649 423 2706 sibi
444 2667 540 2706 cavere
563 2667 578 2706 a
600 2648 759 2705 criminibus
782 2656 909 2720 tanquam
931 2645 965 2702 ab
987 2647 1057 2720 igne.

283 2797 329 2855 lll.
372 2800 513 2856 Honorote
535 2800 676 2863 diaconos,
701 2799 856 2872 episcopum
876 2804 901 2853 et
918 2798 1101 2873 presbyteros.

189 2916 283 2972 Cuncti
306 2913 429 2972 similiter
451 2923 628 2973 revercantur
649 2915 780 2972 diaconos
801 2921 831 2971 ut
851 2915 1005 2971 mandatnm
1028 2913 1089 2971 lesu
1112 2914 1227 2982 Christi,
1250 2920 1278 2972 et

111 3002 271 3076 episcopum
292 3008 322 3055 ut
343 2997 431 3055 lesum
454 3000 607 3065 Christum,
629 2997 712 3055 filium
734 2999 837 3073 patris,
857 3007 884 3055 et
905 2998 1083 3074 presbyteros
1106 3006 1134 3053 ut
1157 3005 1280 3056 senatum

107 3085 154 3141 Oei
176 3090 204 3140 et
224 3081 368 3139 concilium
391 3083 592 3156 Apostolorum.
636 3082 699 3139 Sine
728 3082 770 3138 his
799 3081 913 3139 ecclesia
935 3098 990 3138 non
1012 3089 1132 3138 vocatur.
1176 3080 1212 3137 Oe
1238 3081 1280 3137 his

107 3183 157 3224 vos
179 3168 215 3223 itn
236 3166 338 3223 sentire
359 3181 519 3240 persuasum
534 3166 632 3226 habeo.
668 3162 811 3239 Exemplar
825 3166 895 3221 enim
913 3165 1050 3234 charitatis
1065 3171 1171 3220 vestrae
1186 3165 1280 3239 accepi

107 3258 135 3307 et
155 3265 263 3307 meeum
283 3247 371 3305 habeo
393 3250 420 3305 in
443 3249 572 3324 episcopo
593 3257 701 3318 vestro;
723 3249 800 3306 cuius
819 3249 876 3322 ipse
892 3245 999 3304 habitus
1016 3264 1112 3321 magna
1134 3246 1278 3322 discipline

189 3392 258 3456 *Ill
299 3397 428 3456 Similiter
450 3416 559 3474 quoque
581 3417 675 3457 omnes
698 3406 873 3457 revereantur
886 3398 1019 3455 Diaconos
1040 3405 1071 3455 ut
1092 3397 1181 3455 lesum
1203 3399 1277 3457 Chri·

108 3493 193 3552 stum,
215 3482 287 3539 sicut
309 3492 337 3539 et
356 3483 523 3558 Episcopum
544 3483 591 3556 qui
612 3483 699 3540 Patris
722 3492 815 3558 typum
837 3483 915 3556 gerit,
937 3481 1117 3556 Presbyteros
1139 3487 1279 3541 autemut

108 3582 270 3624 consessum
292 3566 338 3623 liei
360 3575 388 3623 et
419 3566 561 3641 collegium
584 3567 783 3640 Apostolorum.
827 3565 889 3621 Sine
913 3565 955 3621 bis
978 3581 1033 3621 non
1054 3574 1167 3623 vocatur
1187 3564 1278 3625 Eccle-

108 3651 157 3708 sia.
200 3650 236 3706 Oe
266 3650 364 3722 quibus
394 3657 421 3706 et
448 3666 497 3706 vos
525 3651 560 3706 ita
582 3652 698 3718 sentire,
721 3665 884 3725 persuasum
906 3647 1003 3705 habeo.
1044 3648 1187 3723 Exemplar
1207 3651 1278 3707 enim

110 3734 230 3790 caritatis
251 3741 357 3790 vestrae
386 3734 479 3806 accepi
503 3742 529 3790 ct
550 3749 655 3791 mecum
678 3732 765 3790 habeo
787 3734 814 3789 in
835 3731 972 3807 Episcopo
993 3738 1102 3801 vestro,
1121 3734 1199 3790 cuins
1221 3734 1280 3806 ipen

157 3927 215 3991 Cep.
241 3927 278 3977 lll.
319 3924 344 3987 1)
371 3924 404 3972 lta
432 3925 546 3975 Smithins
568 3927 673 3977 restituit
756 3926 783 3987 3)
802 3922 872 3992 μεθ’
899 3920 999 3976 ἑαυτοῦ
1022 3925 1086 3985 CL,
1120 3925 1185 3988 qnod
1211 3923 1279 3973 Voss.

107 4009 134 4044 ex
151 3995 195 4045 lnt
219 4003 263 4044 vet.
300 3995 326 4042 ln
344 3992 399 4041 ttss.
419 3992 469 4042 CL
488 3991 553 4050 τοὺς
577 3991 675 4045 deend—
708 3995 778 4045 tacite
796 3992 894 4042 mutavit
918 3993 941 4042 in
966 3991 1032 4062 μετ’
1054 3991 1176 4060 ἐμαυτοῦ
1201 4006 1221 4038 c.
1239 3991 1278 4039 lu-

108 4077 187 4121 νους,
218 4057 256 4119 ὡς
284 4061 382 4124 ιησοῠν
399 4057 526 4127 χριστὸν.
562 4058 600 4119 ὠς
628 4062 675 4112 καὶ
710 4062 863 4125 terpelatore.
900 4061 976 4110 Notus
1003 4069 1040 4110 est
1057 4058 1206 4121 graecismus.
1228 4056 1278 4117 ille,

107 4128 157 4180 τὸν
170 4127 326 4180 ἐπίσκοπον
338 4119 408 4176 ὄντα
420 4123 481 4177 υἱὸν
499 4127 675 4197 τοῦπατρὸς.
709 4145 757 4194 quo
765 4127 865 4180 ἑαυτοῦ
881 4128 903 4175 in
917 4127 1026 4176 omnibus
1043 4126 1138 4177 ensibus
1149 4122 1279 4185 permutrri

106 4197 155 4246 Clr.
173 4198 235 4246 inira
255 4213 275 4247 c.
299 4196 335 4246 13.
372 4195 415 4257 Ep.
434 4195 463 4243 nd
483 4195 577 4260 Smyrn.
596 4214 615 4247 c.
634 4197 656 4248 8.
709 4204 789 4261 potest
808 4210 860 4244 cnm
881 4192 1003 4262 ἐμαυτοῦ
1020 4204 1044 4243 et
1062 4191 1189 4244 σεαυτοῦ.
1228 4190 1279 4242 llid.
1318 4252 1320 4259 s

709 4266 835 4314 Buttmann
848 4263 925 4312 Grnm.
944 4262 982 4310 ed.
1001 4260 1140 4310 undecimae
1154 4270 1208 4324 pag.
1221 4260 1280 4310 ebt.

157 4332 184 4394 2)
209 4325 371 4399 σύνδεσμον
393 4331 558 4393 reponendum
584 4332 676 4381 monuit
709 4333 764 4381 Not.
791 4333 814 4380 5.
848 4330 928 4379 leann.
956 4328 1069 4377 Eranzius
1096 4332 1178 4375 tamen
1203 4327 1281 4379 Cedtl·

104 4399 184 4460 Voss„
203 4392 363 4468 σύνδεσμος
380 4395 433 4447 CL.
518 4458 524 4468 ι
709 4399 843 4464 scripturae
853 4412 902 4446 non
920 4393 1089 4445 confidendum
1102 4401 1157 4456 etto
1174 4396 1283 4614 mut.
