2886 4882
326 212 352 272 1.
371 211 563 273 amns
583 215 626 272 tn
649 213 722 272 cult.
750 212 852 272 XXXll.
874 211 990 271 xxxttt
1008 212 1121 271 nstv.
1272 214 1312 277 79

138 398 181 437 ans
201 380 304 453 igitur,
326 395 362 436 ex
381 379 520 438 votmure
540 382 601 438 eius
624 381 652 437 in
674 380 782 438 Christo
804 380 865 436 lesu
886 381 989 447 vocati,
1011 398 1066 438 non
1087 397 1140 456 per
1160 398 1212 440 nos
1234 384 1311 457 ipsos

138 463 330 531 mutilieamnr,
351 480 443 538 neque
464 482 516 539 per
536 465 694 538 sapientiam
715 473 836 522 nostram
857 472 904 518 aut
924 463 1127 538 intebigentiam
1153 475 1200 523 aut
1227 468 1310 541 pieta·

138 562 182 604 un
203 556 253 604 aut
276 563 381 622 opera,
404 564 475 622 qnae
496 548 524 605 in
546 547 639 605 cordis
658 550 801 605 sanctitate
822 547 927 621 operati
949 564 1057 617 sumus,
1080 548 1130 604 sed
1151 566 1200 623 per
1220 549 1310 621 fidem,

137 650 178 705 per
196 649 284 706 quam
307 632 484 706 omnipotens
503 630 576 689 bens
596 631 631 688 ab
659 632 736 690 initio
764 647 859 688 omnes
888 628 1055 700 iustilicavit3
1091 632 1134 687 cui
1161 633 1198 689 sit
1224 634 1311 708 gloria

136 733 157 770 n
175 715 274 773 secula
295 714 466 773 sermonum.
506 716 600 773 Amen.

136 900 246 959 mm.
289 901 335 958 Ne
361 901 587 975 mmmm
613 909 681 956 nero
705 900 780 956 borio
809 916 894 973 opero
921 907 946 955 et
972 898 1144 957 morimun-
1191 898 1312 975 opem

427 1001 560 1056 donem
580 999 659 1055 Deus
678 999 737 1072 ipre
757 1000 836 1056 nobis
858 1000 1023 1074 sumpturi.

209 1131 287 1203 Quid
318 1132 401 1206 igitur
428 1130 573 1201 iaciemus,
600 1130 717 1189 lratresl
761 1131 933 1189 cessabimus
960 1149 976 1189 a
1002 1130 1083 1189 bonis
1109 1133 1254 1209 operibus,
1284 1142 1313 1191 et

135 1218 297 1274 charitatem
319 1215 561 1289 derelinquemus?
593 1214 753 1289 b'eutiquam
778 1217 831 1272 boc
852 1215 923 1292 apud
944 1233 997 1273 nos
1019 1214 1079 1273 lieri
1104 1217 1241 1291 permittat
1262 1215 1312 1275 bo·

132 1304 238 1369 ninus,
263 1298 317 1356 sed
339 1315 401 1355 curn
422 1298 560 1373 diligentia
581 1305 608 1355 ct
628 1300 709 1356 animi
732 1299 867 1356 alacritate
895 1317 974 1356 omne
1007 1315 1076 1375 opus
1105 1300 1206 1358 bonum
1235 1318 1312 1375 pera·

131 1403 193 1458 gere
218 1382 395 1441 festinemus.
438 1381 499 1456 lpse
520 1382 592 1438 enim
613 1382 703 1457 opilen
724 1391 752 1440 et
766 1383 893 1439 Dominus
915 1383 1033 1439 omnium
1056 1384 1083 1439 in
1103 1384 1233 1459 operibus
1255 1384 1313 1441 suis

130 1468 242 1524 multat.
289 1465 389 1522 Coelos
410 1466 482 1522 enim
502 1482 630 1541 suprema
651 1483 699 1522 sua
721 1472 749 1522 et
778 1467 890 1522 maxima
918 1468 1039 1540 potentia
1068 1467 1211 1537 stabilivit,
1239 1466 1312 1525 illos·

129 1568 181 1625 que
207 1548 484 1624 incomprehensibili
505 1566 553 1606 sua
575 1549 707 1624 sapientia
728 1551 846 1617 ornarit3
875 1558 975 1607 terram
996 1550 1077 1606 etiarn
1099 1551 1132 1608 ab
1148 1569 1226 1626 aqua,
1243 1567 1313 1625 quae

128 1634 204 1692 illam
226 1632 331 1701 ambit,
350 1633 498 1707 separavit,
520 1639 549 1688 et
568 1650 652 1707 super
672 1632 809 1689 immobile
832 1632 960 1708 propriae
992 1632 1137 1690 voluntatis
1156 1633 1312 1690 fundamen·

129 1728 187 1775 tnm
210 1716 348 1785 firmari13
375 1723 402 1773 et
423 1716 560 1785 animalia,
582 1733 651 1790 quac
673 1717 701 1773 in
723 1716 768 1772 illa
795 1725 954 1786 versantur,
982 1717 1059 1773 iussu
1090 1733 1141 1774 suo
1173 1718 1315 1793 praecepit

128 1818 210 1870 esse3
240 1817 320 1857 mere
340 1800 433 1869 etiam,
456 1807 484 1856 et
505 1816 575 1874 quse
597 1801 625 1856 in
647 1799 693 1856 illo
716 1801 806 1857 visinat
828 1799 967 1870 animalia,
988 1818 1049 1858 cum
1077 1802 1153 1876 prius
1182 1809 1313 1869 creasset,

130 1886 263 1960 potentia
290 1900 341 1941 sua
369 1882 487 1940 inclusit.
529 1883 569 1939 bd
597 1883 665 1940 haec
693 1883 790 1940 animal
820 1884 1074 1943 excellentissimum
1105 1893 1133 1942 et
1160 1885 1314 1942 intellectus

129 1969 269 2042 dignitate
295 1965 490 2036 celsissimum,
519 1966 672 2036 bominem,
700 1968 822 2042 imaginis
850 1986 915 2026 suae
944 1969 1145 2039 characterem,
1173 1969 1259 2026 sacris
1288 1977 1316 2025 et

129 2051 306 2107 intaminatis
326 2049 450 2106 manibus
472 2050 604 2106 formarit.
648 2051 694 2107 Sic
715 2053 786 2107 eninr
806 2052 871 2108 dicit
893 2053 978 2109 Deus:
1014 2053 1154 2120 ,laciamus
1175 2053 1314 2110 bominem

130 2134 168 2190 ad
189 2134 340 2208 imaginem
361 2142 390 2189 ct
411 2133 612 2209 similitudinem
635 2142 770 2199 nostram3
807 2144 835 2191 et
856 2137 956 2192 creavit
977 2137 1047 2192 Deus
1074 2137 1232 2201 bominem,
1261 2153 1315 2193 ma·

130 2217 245 2274 sculum
273 2225 302 2274 et
322 2215 467 2273 leeminam
494 2218 595 2273 creavit
615 2213 681 2273 eos.⁸
724 2217 795 2274 llaec
824 2219 907 2291 igitur
933 2220 1024 2274 onmia
1052 2235 1114 2274 cum
1144 2220 1316 2292 perfecisset,

132 2300 256 2357 laudarit
276 2316 309 2356 ea
330 2307 358 2356 et
371 2299 516 2368 benedixit,
541 2300 677 2373 dixitque:
706 2301 831 2369 ,crescito
857 2300 1130 2374 etmultiplicamini.‘
1174 2301 1316 2358 t'ideamus

132 2386 226 2440 iustos
249 2398 345 2439 omnes
365 2382 445 2439 bouis
467 2381 596 2457 operibus
619 2391 730 2439 ornatos
753 2382 853 2450 luisse,
882 2383 940 2456 ipse
962 2384 1041 2437 etlam
1062 2383 1205 2448 Dominus,
1228 2383 1316 2456 opcri·

133 2466 189 2522 bus
219 2468 342 2540 seipsum
371 2482 487 2535 ornans,
514 2467 621 2539 gavisus
651 2474 701 2522 est.
744 2463 880 2520 llabentes
912 2465 1003 2536 itaque
1032 2464 1086 2518 boc
1113 2463 1261 2535 exemplar,
1283 2463 1317 2518 ad

136 2550 306 2605 voluntatem
328 2549 387 2605 eius
409 2550 523 2624 impigre
544 2550 724 2616 accedamus,
746 2555 774 2603 ct
797 2547 860 2603 totis
883 2547 985 2602 nostris
1009 2544 1112 2602 viribus
1143 2561 1212 2619 opus
1243 2545 1318 2600 iusti·

136 2634 190 2689 tiae
215 2647 371 2707 operemur.

138 2815 254 2873 xxxiv.
296 2816 382 2874 bortis
402 2818 531 2890 operibus
552 2833 659 2889 mayoc
681 2819 758 2890 apud
782 2816 871 2872 Derim
892 2832 1004 2872 merces.
1047 2814 1204 2873 Concordia
1231 2814 1320 2871 iuncti

521 2932 666 2990 precemur
687 2932 749 2972 eom
770 2933 789 2973 e
812 2917 939 2973 Decumo.

225 3049 318 3107 bonus
340 3049 483 3124 operarius
505 3048 579 3105 bono
601 3049 690 3105 animo
713 3064 811 3123 penem
831 3049 924 3122 operis
946 3048 988 3104 sui
1004 3047 1118 3120 accipit3
1145 3045 1236 3120 segnis
1252 3062 1317 3102 vero

138 3144 169 3193 et
190 3133 323 3191 remissus
346 3132 494 3189 locatorem
522 3149 601 3189 suum
631 3148 686 3188 non
716 3131 798 3188 audet
818 3131 925 3188 intueri.
966 3131 1081 3204 Oportet
1111 3146 1178 3202 ergo
1204 3145 1254 3184 nos
1284 3128 1318 3185 ad

137 3219 247 3275 bonum
268 3215 420 3273 laciendum
442 3223 550 3290 promto
572 3216 661 3271 animo
683 3232 759 3283 essc;
790 3213 882 3271 abeo
913 3214 984 3270 enim
1013 3215 1104 3271 omnia
1132 3213 1319 3287 porriguntur.

138 3299 280 3359 Praedicit
299 3284 371 3356 e'nlm
393 3297 488 3355 nobis:
523 3315 596 3366 ,cccc
619 3299 763 3364 boninus,
785 3304 812 3354 et
840 3313 946 3353 merces
975 3297 1035 3352 eius
1063 3312 1155 3353 eoram
1186 3297 1262 3370 ipso,
1288 3303 1319 3352 nt

139 3384 242 3442 reddat
273 3382 420 3455 unicuique
448 3382 598 3438 seeundum
630 3398 699 3455 opus
729 3377 827 3437 suum!
882 3380 973 3454 ltaque
1003 3379 1172 3437 adhortando
1204 3395 1254 3436 nos
1286 3379 1320 3436 ud

138 3469 235 3541 ipsum
255 3465 390 3522 convertit
410 3472 466 3523 toto
488 3465 586 3533 corde,
614 3481 649 3520 ne
675 3481 772 3540 segnes
800 3472 827 3519 ct
855 3463 964 3520 desides
985 3463 1071 3519 simus
1092 3464 1126 3520 ad
1148 3480 1227 3521 omne
1250 3479 1320 3538 opus

196 3657 226 3721 3)
244 3659 277 3707 lta
296 3658 390 3718 lunius3
413 3667 436 3708 ct
455 3658 512 3707 mibi
538 3657 633 3722 quidem
652 3656 717 3706 nori·
804 3652 831 3717 6)
849 3654 907 3704 Gen.
928 3655 950 3713 1,
968 3653 1009 3706 26.
1027 3656 1067 3707 21.

141 3736 196 3775 stus
226 3725 250 3773 in
274 3725 321 3774 hoc
345 3726 400 3774 loco
429 3726 509 3789 uptior
536 3742 589 3775 esse
617 3725 717 3774 ridetur.
802 3721 828 3781 7)
846 3722 905 3771 Gen.
926 3723 948 3783 l,
966 3723 1006 3773 28.

145 3793 363 3843 Sclroenemnnnus
382 3793 453 3842 hebet
474 3788 522 3861 ἐφ’
546 3790 615 3863 ἡμῖν
635 3806 718 3909 (evn-
804 3785 831 3852 8)
851 3785 965 3859 εἴδομεν
984 3792 1073 3841 muniit
1092 3792 1179 3842 lunius.

142 3861 241 3924 θῆναι.
277 3860 392 3910 Editores
419 3874 476 3910 reru
499 3861 587 3910 caeteri
607 3859 718 3910 exibent
802 3855 830 3920 9)
848 3871 878 3908 re
896 3858 959 3907 coni.
978 3859 1076 3917 binius,
1095 3857 1128 3909 τὸ
1146 3861 1188 3909 bls.

142 3929 348 3995 γεγενηθῆναρ,
372 3928 440 3992 qnasi
463 3928 618 3991 praeteritum
638 3940 719 3995 γεγε·
809 3923 850 3988 10)
870 3924 919 3974 Clr.
937 3940 1009 3990 snpra
1028 3943 1049 3976 c.
1064 3929 1087 3978 5.
1116 3923 1260 3994 ὑπομονῆς
1275 3937 1321 3990 γε·

143 3997 254 4059 νῆσθαι
272 3994 445 4044 desiderantes.
468 3995 518 4045 loc.
752 3986 872 4061 νόμενος
887 3993 1021 4062 μέγιστος
1039 3987 1232 4072 ὑπογραμμός.

197 4063 225 4125 d)
247 4062 370 4112 llecitatnr
397 4063 437 4113 laic
470 4061 539 4112 locus
570 4078 609 4127 ap.
636 4063 718 4112 loann.
806 4061 848 4121 11)
865 4060 911 4110 καὶ
932 4056 962 4118 ἐξ
978 4060 1025 4123 legi
1045 4060 1096 4110 rult
1113 4061 1222 4118 Borsrus,
1241 4073 1254 4107 a
1273 4072 1321 4121 qino

144 4131 265 4190 bamasc,
284 4130 374 4179 Sacrae
386 4128 474 4179 Perall.
502 4130 554 4179 Lib.
567 4130 584 4180 1.
597 4146 618 4180 a.
629 4129 719 4194 §.Vlll
756 4144 804 4177 non
823 4127 933 4178 dissentit
951 4129 1086 4177 Wottonus

144 4198 215 4247 Toni.
235 4196 261 4245 ll.
279 4211 304 4260 p.
322 4196 381 4246 310.
400 4196 438 4247 ed.
455 4198 489 4247 Le
510 4197 594 4255 Qnien.

197 4262 225 4326 5)
243 4264 308 4327 Ergo
333 4263 509 4313 excrementis
532 4263 651 4314 sententie
675 4263 718 4314 liei
806 4262 864 4327 Cap.
881 4262 976 4313 XXXIV.
997 4261 1021 4321 1)
1040 4262 1057 4310 Ι.
1077 4273 1097 4307 c.
1117 4258 1166 4309 τοῦ
1183 4254 1322 4328 ἔργοπαρ-

144 4333 170 4381 in
187 4331 260 4382 nobis
278 4331 421 4392 imperet,
440 4346 489 4381 non
508 4332 559 4382 oris
575 4330 719 4394 sublimitas,
754 4329 843 4393 lurco,
860 4331 914 4382 scil.
933 4332 982 4380 τοῦ
1001 4327 1079 4380 Θεοῦ.
1102 4322 1206 4378 Beisirrs.

144 4399 191 4449 sed
208 4399 297 4450 mentis
316 4397 443 4450 celsitudo.
465 4397 528 4450 Rois.
805 4398 832 4463 2)
850 4398 905 4450 leel.
923 4399 965 4457 to,
978 4396 1018 4447 10.
1034 4386 1324 4596 mann.
