2886 4882
391 255 515 315 lGNdl‘ll
538 258 701 316 oetstotu
722 259 765 315 att
785 257 993 319 sitt'ttttttos.
1016 258 1037 316 1.
1058 259 1092 319 ll.
1269 256 1327 322 187

152 425 229 480 eruci
251 423 356 481 Domini
379 424 441 483 lesu
454 426 561 495 Christi,
583 425 672 501 quoad
695 442 803 484 carnem
826 434 854 482 et
875 426 999 502 animam,
1021 435 1050 484 et
1071 426 1190 485 ornatos
1212 430 1239 485 in
1262 429 1324 487 cla·

152 508 231 564 ritate
253 524 305 581 per
327 512 486 583 sanguinem
509 510 617 578 Christi,
640 511 878 584 persuasissimum
901 510 1043 579 hahentes,
1065 511 1208 568 Dominum
1230 529 1325 571 revera

151 607 213 647 esse
237 607 270 647 ex
290 589 487 664 generc'llavid
510 592 659 650 secundum
682 611 798 662 earnem,
823 592 906 650 filium
929 593 974 650 oet
998 595 1146 651 secundum
1161 595 1326 655 voluntatem

151 682 178 731 et
198 674 347 749 potentiam
368 675 431 743 Ilei,
460 684 550 736 natum
571 693 635 733 rere
658 694 689 733 er
711 679 830 751 virgine,
863 676 1025 751 baptizatum
1047 695 1062 733 a
1084 677 1196 744 Ioanne,
1227 688 1259 737 ut
1277 680 1325 737 im·

151 757 274 831 pleretur
295 757 328 813 ab
351 774 383 814 eo
406 761 494 816 omnis
516 760 625 828 iustitia,
646 777 709 817 vere
733 760 783 816 sub
797 758 895 817 Pontio
911 759 997 818 Pilato
1020 769 1047 818 et
1067 760 1175 818 Herode
1190 763 1326 821 tetrarcha

153 841 235 898 claris
259 839 393 898 confixum
417 860 468 918 pro
491 843 570 900 nohis
594 844 620 898 in
643 860 734 900 carne.
776 843 814 899 Er
836 842 889 900 hoe
910 843 1000 901 fructu
1023 861 1074 901 nos
1097 861 1191 901 sumus
1213 862 1264 919 per
1285 845 1325 905 di·

150 925 210 981 aine
232 923 338 980 beatam
360 928 516 999 passionem
539 927 607 994 eius,
630 935 659 983 ut
681 944 731 1001 per
747 928 978 985 resurrectionem
997 945 1072 985 auam
1086 929 1112 984 in
1130 928 1223 985 secula
1239 926 1326 987 elevet

150 1006 277 1064 vexillum
299 1024 349 1081 pro
372 1010 473 1066 sanctis
495 1019 523 1067 et
544 1009 670 1066 dilelibns
692 1012 758 1080 suis,
780 1010 835 1068 sive
857 1011 884 1067 in
908 1010 1027 1082 ludaeis,
1056 1011 1113 1069 sive
1140 1011 1167 1068 in
1189 1010 1325 1086 gentibus,

151 1092 178 1148 iu
200 1107 254 1147 uno
278 1107 394 1164 corpore
415 1094 548 1151 ecelesiae
570 1109 643 1149 suae.

149 1343 255 1400 Domini
278 1341 340 1400 lesu
363 1340 476 1412 Christi,
508 1351 560 1401 tam
590 1360 684 1413 carne,
714 1361 793 1419 quam
823 1345 930 1419 spiritu,
960 1353 987 1403 et
1008 1345 1142 1403 stabilitos
1164 1345 1192 1403 in
1215 1345 1325 1406 raritate

150 1428 178 1483 in
200 1427 333 1500 sanguine
357 1425 471 1495 Christi,
494 1427 574 1502 plena
595 1426 727 1503 firmaque
748 1429 803 1485 ilde
824 1430 969 1485 credentes
989 1429 1016 1486 in
1039 1429 1180 1487 Dominum
1201 1437 1325 1488 nostrum

149 1527 213 1567 vere
236 1510 381 1568 oriundum
403 1527 557 1584 exgenere
581 1510 662 1568 llarid
685 1511 836 1568 secuudum
861 1528 978 1579 carnem,
1000 1512 1084 1570 lilium
1106 1513 1153 1569 liei
1175 1513 1326 1573 secundum

150 1593 314 1660 voluntatem
339 1602 366 1651 et
387 1594 513 1650 virtutem
536 1593 591 1661 oei,
613 1611 676 1651 vere
700 1604 790 1652 natum
813 1613 843 1652 ex
857 1593 975 1670 Virgine,
997 1596 1163 1671 baptizatum
1183 1613 1198 1653 a
1215 1596 1325 1667 loanne,

149 1684 179 1735 ut
204 1676 364 1751 impleretur
385 1677 418 1733 ab
440 1677 500 1750 ipso
531 1678 619 1734 omnis
647 1679 765 1750 iustitia;
792 1679 843 1736 sub
865 1679 962 1748 Pontio
984 1680 1068 1737 Pilato
1101 1688 1129 1736 et
1150 1678 1259 1737 Herode
1287 1687 1325 1739 te·

149 1759 258 1818 trarclra
280 1776 344 1816 vere
366 1761 441 1817 eruci
464 1759 571 1816 allinunt
594 1778 645 1837 pro
668 1762 748 1819 nohis
771 1763 798 1818 in
821 1778 918 1820 carne:
952 1763 985 1820 de
1007 1780 1062 1837 quo
1085 1762 1175 1820 lructu
1197 1779 1249 1820 nos
1280 1780 1323 1823 sn·

149 1861 209 1901 mus
232 1859 282 1918 per
305 1842 421 1900 divinam
442 1843 603 1918 beatamque
624 1845 683 1902 eius
707 1847 879 1920 passionem,
903 1853 934 1903 ut
956 1846 1063 1903 tolleret
1083 1846 1192 1921 signum
1223 1847 1250 1904 in
1282 1862 1324 1905 ae·

148 1927 210 1985 cula
232 1943 281 2001 per
303 1928 534 1985 resurrectionem
557 1930 658 1985 sanctis
679 1936 708 1985 et
728 1928 854 1986 ildelilius
878 1931 951 2000 suis,
980 1930 1035 1988 sive
1065 1931 1092 1987 in
1116 1928 1240 2001 ludaeis,
1267 1931 1325 1990 tire

148 2013 176 2069 in
199 2011 324 2086 gentibus
346 2011 448 2069 luerint
469 2013 496 2068 in
517 2028 572 2069 uno
595 2028 712 2087 corpore
734 2012 873 2072 Ecclesiae
896 2030 969 2072 suae.

276 2335 306 2392 ll.
350 2335 474 2394 Christos
494 2351 559 2392 eece
578 2336 610 2392 in
629 2353 714 2394 cerne
732 2352 835 2411 possea
856 2344 903 2394 est.
948 2338 1050 2395 Contra
1071 2335 1198 2393 Docetos.

234 2504 328 2561 Omnia
348 2510 438 2560 autern
460 2502 529 2559 haec
551 2518 650 2577 passus
673 2508 715 2559 est
736 2510 849 2575 propter
871 2518 931 2571 nos,
952 2510 983 2560 ut
1004 2501 1117 2558 salutem
1140 2517 1325 2578 consequere·

149 2604 219 2645 mur.
260 2586 293 2644 dt
313 2602 407 2644 revera
427 2601 527 2661 passus
551 2591 601 2653 est
622 2592 654 2642 ut
675 2593 702 2641 et
723 2600 819 2642 revera
835 2586 961 2661 seipsum
983 2585 1185 2653 rescuscitarit3
1209 2602 1273 2656 non,
1296 2595 1326 2645 ut
1369 2652 1377 2667 ·

150 2670 260 2746 quidam
281 2668 405 2728 infideles
428 2670 537 2738 dicunt,
567 2669 717 2726 secundum
739 2670 925 2744 apparentiam
946 2685 1008 2727 eum
1030 2685 1140 2744 passum
1163 2684 1241 2740 esse,
1271 2670 1325 2747 ipsi

149 2754 301 2812 secundum
322 2754 507 2829 apparentiam
525 2753 689 2822 existentes3
712 2760 740 2809 et
760 2753 1004 2827 quaemadmodum
1025 2753 1142 2828 sapiunt,
1163 2754 1203 2811 sic
1218 2761 1245 2813 et
1259 2770 1324 2813 con·

150 2838 237 2912 tinget
258 2838 308 2908 eis,
331 2839 431 2912 quippe
453 2837 500 2911 qui
521 2836 684 2911 phantastici
705 2837 760 2893 sint
780 2843 808 2893 et
830 2836 967 2894 diabolici.

234 3080 290 3145 ‘ll
332 3089 404 3146 llaec
434 3090 506 3146 enim
535 3092 624 3147 oruuia
655 3106 752 3163 passus
784 3097 826 3145 est
854 3097 966 3164 propter
995 3108 1060 3158 nos,
1085 3099 1114 3146 nt
1141 3091 1325 3160 salvaremur3

149 3179 178 3228 et
208 3189 272 3229 vere
302 3191 399 3247 passus
426 3180 483 3239 cst,
515 3172 744 3248 quemadmodum
776 3179 803 3228 et
830 3190 892 3230 vere
928 3174 1101 3230 resuscitavit
1138 3174 1324 3250 semetipsum.

150 3254 211 3313 Non
233 3263 264 3313 ut
284 3256 393 3330 quidam
416 3257 544 3312 ineruditi
566 3273 626 3312 eum
650 3256 707 3312 sola
729 3254 856 3328 opinione
880 3273 990 3330 passum
1014 3255 1161 3325 attineant,
1193 3258 1245 3333 ipsi
1266 3258 1326 3317 solt

150 3339 280 3415 opinione
300 3340 461 3406 existentes,
483 3348 511 3396 et
532 3346 561 3396 ut
582 3340 718 3406 sentiunt,
741 3338 776 3394 ita
801 3356 911 3414 quoque
941 3340 1047 3396 eueniet
1076 3340 1158 3414 ipsis,
1191 3341 1237 3414 qui
1263 3357 1324 3401 cor·

150 3438 218 3497 pore
241 3422 312 3479 cassi
334 3429 363 3479 et
382 3422 550 3479 daemoniaci
573 3430 645 3479 suut.

151 3620 359 3631 -.--

201 3753 228 3818 3)
247 3753 314 3803 Unde
333 3753 357 3803 hi
377 3751 496 3802 Haeretici
509 3748 641 3813 Δοκηταί.
670 3748 719 3798 Eo·
754 3750 826 3800 tradit
849 3751 974 3811 irenaeus,
995 3752 1018 3811 l,
1038 3750 1077 3800 2'2.
1100 3750 1158 3813 (tt,
1178 3752 1200 3802 l.
1225 3768 1249 3816 p.
1268 3752 1324 3805 1⁰0.

150 3821 321 3884 remorigen
342 3821 440 3871 Simone
459 3819 534 3881 lingo.
571 3816 615 3867 llis
641 3824 719 3866 autern
754 3818 792 3868 ed.
817 3819 938 3879 llassuet.)
960 3826 983 3868 et
1010 3827 1067 3883 post
1092 3834 1145 3871 eum
1170 3820 1324 3884 Epiphanm

151 3888 296 3941 manneio
326 3888 473 3953 Episcopatu
500 3885 601 3935 infestus
629 3891 666 3934 est
695 3885 719 3934 S.
754 3886 795 3950 qui
816 3886 886 3935 etiam
905 3885 987 3936 docuit
1001 3886 1149 3936 Salvatorem
1164 3887 1269 3951 putative
1286 3888 1325 3936 ei-

151 3956 263 4020 lgnatius.
298 3957 357 4007 Nam
376 3953 515 4016 Maeoniden,
535 3951 720 4015 discipulusSi·
755 3969 806 4002 som
830 3954 960 4013 lentitiam,
987 3961 1011 4003 et
1041 3950 1076 4004 τὰ
1099 3947 1194 4004 πάντα
1224 3949 1255 4003 ἐν
1284 3955 1324 4019 tel

152 4024 230 4074 monle
249 4031 272 4073 et
284 4025 383 4083 Bocota,
401 4021 492 4084 lgnatio
504 4020 656 4083 synchronus
669 4020 720 4068 luit
755 4018 849 4071 δοκεῖν
867 4021 1056 4085 πεποιηκέναι.
1079 4019 1188 4070 Paeneo.
1224 4018 1273 4068 Clr.
1293 4018 1323 4069 ed

150 4093 184 4142 lle
202 4106 232 4142 eo
250 4091 354 4141 lustinus
372 4090 460 4152 llertpr
478 4088 561 4152 paneis
580 4087 647 4136 annis
665 4096 721 4150 post
755 4087 829 4137 Trall.
848 4104 868 4137 c.
887 4088 924 4138 to.

149 4156 234 4222 lenatii
252 4158 403 4223 Martyrium:
423 4152 597 4223 Μένανδρον
614 4191 620 4203 .
639 4191 645 4203 .
665 4191 670 4204 .
689 4152 720 4206 ἐν

142 4223 296 4294 Ἀντιοχείᾳ
319 4221 486 4293 γενόμενον,
514 4218 633 4278 πολλοὺς
656 4218 719 4279 ἐξα·
804 4219 831 4280 4)
849 4220 972 4270 Eiusmodi
1008 4220 1192 4286 paronomasiae
1225 4220 1322 4287 saepiat

151 4296 275 4358 πατῆσαι
294 4290 344 4346 διὰ
352 4293 473 4361 μαγικῆς
486 4291 583 4358 τέχνης
593 4284 657 4338 olda
682 4304 719 4342 ee.
753 4287 818 4353 apud
836 4287 951 4350 Ignatium
969 4287 1092 4350 leguntur,
1116 4302 1137 4336 e.
1154 4303 1176 4351 p.
1195 4288 1218 4339 iu
1236 4288 1323 4341 interl-

150 4361 231 4427 (lpol.
252 4362 272 4411 l.
296 4377 317 4411 c.
336 4360 376 4411 to.
400 4359 462 4424 Ορρ.
484 4373 508 4422 p.
528 4360 569 4407 oc.
595 4355 632 4404 ed.
671 4356 720 4419 eu.)
753 4356 836 4419 ptiono
855 4353 972 4418 epistolae
990 4354 1021 4404 ad
1039 4353 1211 4420 Polycarpum,
1235 4357 1261 4409 in
1277 4356 1322 4425 Ep.

150 4428 275 4479 Menandri
298 4426 432 4492 discipulae
453 4433 505 4476 erat
522 4422 672 4486 Saturnum,
694 4432 721 4474 at
754 4423 784 4474 ad
805 4422 873 4473 Rom.
889 4436 910 4471 c.
929 4420 953 4481 8,
971 4420 1001 4471 ad
1020 4420 1094 4473 Trall.
1111 4438 1133 4474 c.
1150 4424 1174 4477 5.
1191 4424 1220 4476 ll.
