<?xml version="1.0" encoding="UTF-8"?>
<!DOCTYPE html PUBLIC "-//W3C//DTD XHTML 1.0 Transitional//EN"
    "http://www.w3.org/TR/xhtml1/DTD/xhtml1-transitional.dtd">
<html xmlns="http://www.w3.org/1999/xhtml" xml:lang="en" lang="en">
 <head>
  <title>
</title>
<meta http-equiv="Content-Type" content="text/html;charset=utf-8" />
  <meta name='ocr-system' content='tesseract 3.04.00' />
  <meta name='ocr-capabilities' content='ocr_page ocr_carea ocr_par ocr_line ocrx_word'/>
</head>
<body>
  <div class='ocr_page' id='page_1' title='image "./patrumapostolic00polygoog/patrumapostolic00polygoog_0134.png"; bbox 0 0 2886 4882; ppageno 0'>
   <div class='ocr_carea' id='block_1_1' title="bbox 376 237 1305 327">
    <p class='ocr_par' dir='ltr' id='par_1_1' title="bbox 376 237 1305 327">
     <span class='ocr_line' id='line_1_1' title="bbox 376 237 1305 327; baseline 0.006 -29"><span class='ocrx_word' id='word_1_1' title='bbox 376 241 400 298; x_wconf 90' lang='lat' dir='ltr'>t.</span> <span class='ocrx_word' id='word_1_2' title='bbox 420 237 609 300; x_wconf 79' lang='lat' dir='ltr'>muamus</span> <span class='ocrx_word' id='word_1_3' title='bbox 631 241 672 298; x_wconf 81' lang='lat' dir='ltr'>so</span> <span class='ocrx_word' id='word_1_4' title='bbox 695 240 769 299; x_wconf 86' lang='lat' dir='ltr'>con.</span> <span class='ocrx_word' id='word_1_5' title='bbox 803 240 891 298; x_wconf 84' lang='lat' dir='ltr'>xuir.</span> <span class='ocrx_word' id='word_1_6' title='bbox 914 240 979 303; x_wconf 80' lang='lat' dir='ltr'>xix.</span> <span class='ocrx_word' id='word_1_7' title='bbox 1000 241 1053 300; x_wconf 82' lang='lat' dir='ltr'>m.</span> <span class='ocrx_word' id='word_1_8' title='bbox 1130 320 1133 327; x_wconf 22' lang='grc' dir='ltr'>Ι</span> <span class='ocrx_word' id='word_1_9' title='bbox 1264 241 1305 304; x_wconf 80' lang='lat' dir='ltr'>or</span> 
     </span>
    </p>
   </div>
   <div class='ocr_carea' id='block_1_2' title="bbox 131 408 1302 1814">
    <p class='ocr_par' dir='ltr' id='par_1_2' title="bbox 131 408 1302 1814">
     <span class='ocr_line' id='line_1_2' title="bbox 131 408 1302 483; baseline 0.002 -17"><span class='ocrx_word' id='word_1_10' title='bbox 131 427 172 477; x_wconf 69' lang='grc' dir='ltr'>κς</span> <span class='ocrx_word' id='word_1_11' title='bbox 198 408 339 482; x_wconf 82' lang='lat' dir='ltr'>quoniam</span> <span class='ocrx_word' id='word_1_12' title='bbox 363 408 534 481; x_wconf 88' lang='lat' dir='ltr'>iniquitatem</span> <span class='ocrx_word' id='word_1_13' title='bbox 556 424 643 465; x_wconf 85' lang='lat' dir='ltr'>meam</span> <span class='ocrx_word' id='word_1_14' title='bbox 665 425 717 482; x_wconf 85' lang='lat' dir='ltr'>ego</span> <span class='ocrx_word' id='word_1_15' title='bbox 737 425 884 482; x_wconf 77' lang='lat' dir='ltr'><strong>cognosco,</strong></span> <span class='ocrx_word' id='word_1_16' title='bbox 906 416 934 464; x_wconf 90' lang='lat' dir='ltr'>et</span> <span class='ocrx_word' id='word_1_17' title='bbox 950 418 1091 483; x_wconf 89' lang='lat' dir='ltr'>peccatum</span> <span class='ocrx_word' id='word_1_18' title='bbox 1106 427 1195 467; x_wconf 88' lang='lat' dir='ltr'>meum</span> <span class='ocrx_word' id='word_1_19' title='bbox 1211 425 1302 468; x_wconf 88' lang='lat' dir='ltr'>coram</span> 
     </span>
     <span class='ocr_line' id='line_1_3' title="bbox 132 490 1302 566; baseline 0.002 -17"><span class='ocrx_word' id='word_1_20' title='bbox 132 510 160 549; x_wconf 78' lang='lat' dir='ltr'>ns</span> <span class='ocrx_word' id='word_1_21' title='bbox 178 502 222 548; x_wconf 85' lang='lat' dir='ltr'>est</span> <span class='ocrx_word' id='word_1_22' title='bbox 242 508 375 565; x_wconf 90' lang='lat' dir='ltr'>semper.</span> <span class='ocrx_word' id='word_1_23' title='bbox 419 490 479 548; x_wconf 86' lang='lat' dir='ltr'>&#39;libi</span> <span class='ocrx_word' id='word_1_24' title='bbox 501 490 553 547; x_wconf 88' lang='lat' dir='ltr'>soli</span> <span class='ocrx_word' id='word_1_25' title='bbox 572 493 695 566; x_wconf 86' lang='lat' dir='ltr'>peccavi,</span> <span class='ocrx_word' id='word_1_26' title='bbox 717 501 744 549; x_wconf 88' lang='lat' dir='ltr'>ct</span> <span class='ocrx_word' id='word_1_27' title='bbox 765 491 863 548; x_wconf 88' lang='lat' dir='ltr'>malum</span> <span class='ocrx_word' id='word_1_28' title='bbox 887 507 978 548; x_wconf 88' lang='lat' dir='ltr'>coram</span> <span class='ocrx_word' id='word_1_29' title='bbox 1001 500 1025 548; x_wconf 92' lang='lat' dir='ltr'>te</span> <span class='ocrx_word' id='word_1_30' title='bbox 1054 494 1120 560; x_wconf 89' lang='lat' dir='ltr'>leci,</span> <span class='ocrx_word' id='word_1_31' title='bbox 1149 501 1179 550; x_wconf 92' lang='lat' dir='ltr'>ut</span> <span class='ocrx_word' id='word_1_32' title='bbox 1207 493 1302 551; x_wconf 88' lang='lat' dir='ltr'>iustili-</span> 
     </span>
     <span class='ocr_line' id='line_1_4' title="bbox 132 574 1301 647; baseline 0.003 -16"><span class='ocrx_word' id='word_1_33' title='bbox 132 576 187 631; x_wconf 77' lang='lat' dir='ltr'>esris</span> <span class='ocrx_word' id='word_1_34' title='bbox 208 577 237 631; x_wconf 90' lang='lat' dir='ltr'>in</span> <span class='ocrx_word' id='word_1_35' title='bbox 261 574 447 632; x_wconf 79' lang='lat' dir='ltr'><strong>sermonibus</strong></span> <span class='ocrx_word' id='word_1_36' title='bbox 469 575 537 642; x_wconf 92' lang='lat' dir='ltr'>tuis,</span> <span class='ocrx_word' id='word_1_37' title='bbox 560 585 587 631; x_wconf 93' lang='lat' dir='ltr'>et</span> <span class='ocrx_word' id='word_1_38' title='bbox 617 577 721 642; x_wconf 84' lang='lat' dir='ltr'>vincas,</span> <span class='ocrx_word' id='word_1_39' title='bbox 742 591 802 632; x_wconf 90' lang='lat' dir='ltr'>cum</span> <span class='ocrx_word' id='word_1_40' title='bbox 827 575 968 647; x_wconf 86' lang='lat' dir='ltr'>judicaris.</span> <span class='ocrx_word' id='word_1_41' title='bbox 1010 575 1079 631; x_wconf 85' lang='lat' dir='ltr'>llcce</span> <span class='ocrx_word' id='word_1_42' title='bbox 1102 577 1181 645; x_wconf 88' lang='lat' dir='ltr'>enim,</span> <span class='ocrx_word' id='word_1_43' title='bbox 1204 577 1230 633; x_wconf 92' lang='lat' dir='ltr'>in</span> <span class='ocrx_word' id='word_1_44' title='bbox 1254 579 1301 634; x_wconf 91' lang='lat' dir='ltr'>ini·</span> 
     </span>
     <span class='ocr_line' id='line_1_5' title="bbox 131 657 1301 733; baseline 0.003 -19"><span class='ocrx_word' id='word_1_45' title='bbox 131 659 267 732; x_wconf 69' lang='lat' dir='ltr'>pitatibus</span> <span class='ocrx_word' id='word_1_46' title='bbox 292 666 449 732; x_wconf 88' lang='lat' dir='ltr'>conceptus</span> <span class='ocrx_word' id='word_1_47' title='bbox 471 675 545 727; x_wconf 88' lang='lat' dir='ltr'>sum,</span> <span class='ocrx_word' id='word_1_48' title='bbox 569 667 596 715; x_wconf 87' lang='lat' dir='ltr'>et</span> <span class='ocrx_word' id='word_1_49' title='bbox 617 659 643 714; x_wconf 92' lang='lat' dir='ltr'>in</span> <span class='ocrx_word' id='word_1_50' title='bbox 665 659 785 733; x_wconf 87' lang='lat' dir='ltr'>peccatis</span> <span class='ocrx_word' id='word_1_51' title='bbox 807 657 934 732; x_wconf 74' lang='lat' dir='ltr'><strong>concepit</strong></span> <span class='ocrx_word' id='word_1_52' title='bbox 953 674 995 714; x_wconf 88' lang='lat' dir='ltr'>mc</span> <span class='ocrx_word' id='word_1_53' title='bbox 1017 665 1102 714; x_wconf 88' lang='lat' dir='ltr'>mater</span> <span class='ocrx_word' id='word_1_54' title='bbox 1122 676 1189 715; x_wconf 83' lang='lat' dir='ltr'>mea.</span> <span class='ocrx_word' id='word_1_55' title='bbox 1232 660 1301 717; x_wconf 81' lang='lat' dir='ltr'>Eece</span> 
     </span>
     <span class='ocr_line' id='line_1_6' title="bbox 133 741 1301 815; baseline 0.001 -17"><span class='ocrx_word' id='word_1_56' title='bbox 133 759 204 811; x_wconf 74' lang='lat' dir='ltr'>mn,</span> <span class='ocrx_word' id='word_1_57' title='bbox 225 743 379 798; x_wconf 84' lang='lat' dir='ltr'>reritatem</span> <span class='ocrx_word' id='word_1_58' title='bbox 401 741 527 798; x_wconf 74' lang='lat' dir='ltr'>dilexisti.</span> <span class='ocrx_word' id='word_1_59' title='bbox 569 741 673 798; x_wconf 84' lang='lat' dir='ltr'>lacerta</span> <span class='ocrx_word' id='word_1_60' title='bbox 694 750 722 798; x_wconf 88' lang='lat' dir='ltr'>et</span> <span class='ocrx_word' id='word_1_61' title='bbox 742 742 846 799; x_wconf 88' lang='lat' dir='ltr'>occulta</span> <span class='ocrx_word' id='word_1_62' title='bbox 869 741 1016 815; x_wconf 85' lang='lat' dir='ltr'>sapientiae</span> <span class='ocrx_word' id='word_1_63' title='bbox 1043 749 1104 797; x_wconf 89' lang='lat' dir='ltr'>tuac</span> <span class='ocrx_word' id='word_1_64' title='bbox 1126 742 1301 799; x_wconf 78' lang='lat' dir='ltr'>manifestasti</span> 
     </span>
     <span class='ocr_line' id='line_1_7' title="bbox 132 824 1300 900; baseline -0.002 -18"><span class='ocrx_word' id='word_1_65' title='bbox 132 827 191 882; x_wconf 73' lang='lat' dir='ltr'>nbi</span> <span class='ocrx_word' id='word_1_66' title='bbox 234 829 369 899; x_wconf 76' lang='lat' dir='ltr'>Asperge</span> <span class='ocrx_word' id='word_1_67' title='bbox 389 842 432 881; x_wconf 91' lang='lat' dir='ltr'>me</span> <span class='ocrx_word' id='word_1_68' title='bbox 454 841 527 881; x_wconf 92' lang='lat' dir='ltr'>nunc</span> <span class='ocrx_word' id='word_1_69' title='bbox 548 825 679 900; x_wconf 76' lang='lat' dir='ltr'><strong>hyssopo,</strong></span> <span class='ocrx_word' id='word_1_70' title='bbox 702 832 729 881; x_wconf 90' lang='lat' dir='ltr'>ct</span> <span class='ocrx_word' id='word_1_71' title='bbox 744 825 911 892; x_wconf 79' lang='lat' dir='ltr'>mundabor3</span> <span class='ocrx_word' id='word_1_72' title='bbox 939 824 996 881; x_wconf 86' lang='lat' dir='ltr'>lava</span> <span class='ocrx_word' id='word_1_73' title='bbox 1010 841 1062 889; x_wconf 88' lang='lat' dir='ltr'>mc,</span> <span class='ocrx_word' id='word_1_74' title='bbox 1079 832 1202 897; x_wconf 90' lang='lat' dir='ltr'>etsuper</span> <span class='ocrx_word' id='word_1_75' title='bbox 1214 826 1300 882; x_wconf 81' lang='lat' dir='ltr'>nivem</span> 
     </span>
     <span class='ocr_line' id='line_1_8' title="bbox 133 906 1301 981; baseline 0 -16"><span class='ocrx_word' id='word_1_76' title='bbox 133 908 278 965; x_wconf 68' lang='lat' dir='ltr'>sanabor.</span> <span class='ocrx_word' id='word_1_77' title='bbox 323 909 434 964; x_wconf 78' lang='lat' dir='ltr'>Auditni</span> <span class='ocrx_word' id='word_1_78' title='bbox 455 925 517 964; x_wconf 91' lang='lat' dir='ltr'>meo</span> <span class='ocrx_word' id='word_1_79' title='bbox 539 907 572 964; x_wconf 92' lang='lat' dir='ltr'>da</span> <span class='ocrx_word' id='word_1_80' title='bbox 595 908 721 981; x_wconf 87' lang='lat' dir='ltr'>gaudium</span> <span class='ocrx_word' id='word_1_81' title='bbox 743 917 770 965; x_wconf 94' lang='lat' dir='ltr'>et</span> <span class='ocrx_word' id='word_1_82' title='bbox 791 909 926 977; x_wconf 78' lang='lat' dir='ltr'>laetitiam,</span> <span class='ocrx_word' id='word_1_83' title='bbox 948 916 975 965; x_wconf 91' lang='lat' dir='ltr'>et</span> <span class='ocrx_word' id='word_1_84' title='bbox 986 906 1144 965; x_wconf 84' lang='lat' dir='ltr'>exultabunt</span> <span class='ocrx_word' id='word_1_85' title='bbox 1162 923 1225 963; x_wconf 89' lang='lat' dir='ltr'>ossa</span> <span class='ocrx_word' id='word_1_86' title='bbox 1241 925 1301 965; x_wconf 86' lang='lat' dir='ltr'>mea</span> 
     </span>
     <span class='ocr_line' id='line_1_9' title="bbox 133 990 1301 1064; baseline -0.001 -16"><span class='ocrx_word' id='word_1_87' title='bbox 133 992 270 1049; x_wconf 66' lang='lat' dir='ltr'>inillam.</span> <span class='ocrx_word' id='word_1_88' title='bbox 318 993 418 1048; x_wconf 77' lang='lat' dir='ltr'>sveno</span> <span class='ocrx_word' id='word_1_89' title='bbox 440 991 534 1047; x_wconf 90' lang='lat' dir='ltr'>laoiem</span> <span class='ocrx_word' id='word_1_90' title='bbox 564 999 634 1047; x_wconf 90' lang='lat' dir='ltr'>tuam</span> <span class='ocrx_word' id='word_1_91' title='bbox 663 1009 677 1047; x_wconf 93' lang='lat' dir='ltr'>a</span> <span class='ocrx_word' id='word_1_92' title='bbox 706 993 825 1064; x_wconf 90' lang='lat' dir='ltr'>peccatis</span> <span class='ocrx_word' id='word_1_93' title='bbox 855 992 938 1061; x_wconf 90' lang='lat' dir='ltr'>meis,</span> <span class='ocrx_word' id='word_1_94' title='bbox 968 1001 994 1049; x_wconf 89' lang='lat' dir='ltr'>et</span> <span class='ocrx_word' id='word_1_95' title='bbox 1022 1008 1117 1048; x_wconf 90' lang='lat' dir='ltr'>omnes</span> <span class='ocrx_word' id='word_1_96' title='bbox 1145 990 1301 1064; x_wconf 81' lang='lat' dir='ltr'>iniquitates</span> 
     </span>
     <span class='ocr_line' id='line_1_10' title="bbox 133 1074 1301 1150; baseline -0.002 -18"><span class='ocrx_word' id='word_1_97' title='bbox 133 1092 192 1132; x_wconf 76' lang='lat' dir='ltr'>neas</span> <span class='ocrx_word' id='word_1_98' title='bbox 213 1075 293 1134; x_wconf 88' lang='lat' dir='ltr'>dele.</span> <span class='ocrx_word' id='word_1_99' title='bbox 338 1075 393 1131; x_wconf 82' lang='lat' dir='ltr'>Cor</span> <span class='ocrx_word' id='word_1_100' title='bbox 414 1074 542 1131; x_wconf 87' lang='lat' dir='ltr'>mundum</span> <span class='ocrx_word' id='word_1_101' title='bbox 565 1092 626 1132; x_wconf 86' lang='lat' dir='ltr'>crea</span> <span class='ocrx_word' id='word_1_102' title='bbox 649 1075 676 1131; x_wconf 91' lang='lat' dir='ltr'>in</span> <span class='ocrx_word' id='word_1_103' title='bbox 698 1092 757 1142; x_wconf 90' lang='lat' dir='ltr'>me,</span> <span class='ocrx_word' id='word_1_104' title='bbox 780 1076 865 1143; x_wconf 81' lang='lat' dir='ltr'>bens,</span> <span class='ocrx_word' id='word_1_105' title='bbox 888 1083 914 1131; x_wconf 91' lang='lat' dir='ltr'>et</span> <span class='ocrx_word' id='word_1_106' title='bbox 932 1076 1056 1150; x_wconf 90' lang='lat' dir='ltr'>spiritum</span> <span class='ocrx_word' id='word_1_107' title='bbox 1080 1082 1182 1132; x_wconf 89' lang='lat' dir='ltr'>rectum</span> <span class='ocrx_word' id='word_1_108' title='bbox 1205 1074 1301 1130; x_wconf 86' lang='lat' dir='ltr'>innova</span> 
     </span>
     <span class='ocr_line' id='line_1_11' title="bbox 134 1158 1301 1233; baseline -0.003 -18"><span class='ocrx_word' id='word_1_109' title='bbox 134 1177 153 1214; x_wconf 78' lang='lat' dir='ltr'>a</span> <span class='ocrx_word' id='word_1_110' title='bbox 168 1158 328 1215; x_wconf 82' lang='lat' dir='ltr'>risceribus</span> <span class='ocrx_word' id='word_1_111' title='bbox 354 1159 430 1214; x_wconf 89' lang='lat' dir='ltr'>meis.</span> <span class='ocrx_word' id='word_1_112' title='bbox 471 1158 509 1214; x_wconf 83' lang='lat' dir='ltr'>ll&#39;c</span> <span class='ocrx_word' id='word_1_113' title='bbox 531 1159 658 1233; x_wconf 88' lang='lat' dir='ltr'>proiicias</span> <span class='ocrx_word' id='word_1_114' title='bbox 680 1174 723 1214; x_wconf 93' lang='lat' dir='ltr'>me</span> <span class='ocrx_word' id='word_1_115' title='bbox 745 1176 759 1213; x_wconf 91' lang='lat' dir='ltr'>a</span> <span class='ocrx_word' id='word_1_116' title='bbox 781 1158 850 1215; x_wconf 88' lang='lat' dir='ltr'>lacie</span> <span class='ocrx_word' id='word_1_117' title='bbox 872 1167 925 1227; x_wconf 88' lang='lat' dir='ltr'>tua,</span> <span class='ocrx_word' id='word_1_118' title='bbox 940 1168 967 1215; x_wconf 91' lang='lat' dir='ltr'>et</span> <span class='ocrx_word' id='word_1_119' title='bbox 988 1160 1113 1233; x_wconf 91' lang='lat' dir='ltr'>spiritum</span> <span class='ocrx_word' id='word_1_120' title='bbox 1137 1166 1212 1214; x_wconf 92' lang='lat' dir='ltr'>tuum</span> <span class='ocrx_word' id='word_1_121' title='bbox 1243 1174 1301 1213; x_wconf 93' lang='lat' dir='ltr'>san·</span> 
     </span>
     <span class='ocr_line' id='line_1_12' title="bbox 134 1240 1301 1315; baseline -0.001 -17"><span class='ocrx_word' id='word_1_122' title='bbox 134 1253 191 1298; x_wconf 74' lang='lat' dir='ltr'>som</span> <span class='ocrx_word' id='word_1_123' title='bbox 211 1259 249 1298; x_wconf 92' lang='lat' dir='ltr'>ne</span> <span class='ocrx_word' id='word_1_124' title='bbox 274 1240 388 1297; x_wconf 79' lang='lat' dir='ltr'>auferas</span> <span class='ocrx_word' id='word_1_125' title='bbox 408 1258 423 1296; x_wconf 87' lang='lat' dir='ltr'>a</span> <span class='ocrx_word' id='word_1_126' title='bbox 444 1258 496 1297; x_wconf 88' lang='lat' dir='ltr'>mc.</span> <span class='ocrx_word' id='word_1_127' title='bbox 525 1241 617 1297; x_wconf 88' lang='lat' dir='ltr'>lledde</span> <span class='ocrx_word' id='word_1_128' title='bbox 639 1241 705 1296; x_wconf 85' lang='lat' dir='ltr'>inibi</span> <span class='ocrx_word' id='word_1_129' title='bbox 727 1240 853 1298; x_wconf 83' lang='lat' dir='ltr'>laetitiam</span> <span class='ocrx_word' id='word_1_130' title='bbox 876 1242 1001 1299; x_wconf 89' lang='lat' dir='ltr'>salutaris</span> <span class='ocrx_word' id='word_1_131' title='bbox 1023 1243 1069 1311; x_wconf 89' lang='lat' dir='ltr'>tui,</span> <span class='ocrx_word' id='word_1_132' title='bbox 1093 1250 1118 1298; x_wconf 88' lang='lat' dir='ltr'>et</span> <span class='ocrx_word' id='word_1_133' title='bbox 1133 1241 1239 1314; x_wconf 89' lang='lat' dir='ltr'>spiritu,</span> <span class='ocrx_word' id='word_1_134' title='bbox 1254 1241 1301 1315; x_wconf 92' lang='lat' dir='ltr'>qui</span> 
     </span>
     <span class='ocr_line' id='line_1_13' title="bbox 133 1322 1301 1399; baseline -0.001 -19"><span class='ocrx_word' id='word_1_135' title='bbox 133 1326 193 1380; x_wconf 81' lang='lat' dir='ltr'>sarni</span> <span class='ocrx_word' id='word_1_136' title='bbox 214 1326 354 1399; x_wconf 88' lang='lat' dir='ltr'>imperat,</span> <span class='ocrx_word' id='word_1_137' title='bbox 377 1323 508 1380; x_wconf 88' lang='lat' dir='ltr'>conlirma</span> <span class='ocrx_word' id='word_1_138' title='bbox 530 1341 581 1378; x_wconf 91' lang='lat' dir='ltr'>mc.</span> <span class='ocrx_word' id='word_1_139' title='bbox 623 1322 732 1379; x_wconf 84' lang='lat' dir='ltr'><strong>Docebo</strong></span> <span class='ocrx_word' id='word_1_140' title='bbox 755 1325 864 1397; x_wconf 91' lang='lat' dir='ltr'>iniquos</span> <span class='ocrx_word' id='word_1_141' title='bbox 886 1326 941 1381; x_wconf 87' lang='lat' dir='ltr'>vias</span> <span class='ocrx_word' id='word_1_142' title='bbox 969 1334 1044 1393; x_wconf 88' lang='lat' dir='ltr'>tuas,</span> <span class='ocrx_word' id='word_1_143' title='bbox 1067 1334 1094 1382; x_wconf 89' lang='lat' dir='ltr'>et</span> <span class='ocrx_word' id='word_1_144' title='bbox 1122 1325 1196 1398; x_wconf 91' lang='lat' dir='ltr'>impii</span> <span class='ocrx_word' id='word_1_145' title='bbox 1219 1324 1252 1380; x_wconf 87' lang='lat' dir='ltr'>ad</span> <span class='ocrx_word' id='word_1_146' title='bbox 1274 1331 1301 1380; x_wconf 88' lang='lat' dir='ltr'>te</span> 
     </span>
     <span class='ocr_line' id='line_1_14' title="bbox 133 1406 1301 1480; baseline -0.001 -16"><span class='ocrx_word' id='word_1_147' title='bbox 133 1415 329 1465; x_wconf 58' lang='lat' dir='ltr'>coartentur.</span> <span class='ocrx_word' id='word_1_148' title='bbox 372 1407 467 1464; x_wconf 86' lang='lat' dir='ltr'>libera</span> <span class='ocrx_word' id='word_1_149' title='bbox 488 1424 531 1464; x_wconf 89' lang='lat' dir='ltr'>me</span> <span class='ocrx_word' id='word_1_150' title='bbox 554 1406 588 1463; x_wconf 89' lang='lat' dir='ltr'>de</span> <span class='ocrx_word' id='word_1_151' title='bbox 610 1407 798 1480; x_wconf 80' lang='lat' dir='ltr'>sanguinibus,</span> <span class='ocrx_word' id='word_1_152' title='bbox 820 1408 899 1476; x_wconf 85' lang='lat' dir='ltr'>lleus,</span> <span class='ocrx_word' id='word_1_153' title='bbox 922 1408 992 1465; x_wconf 84' lang='lat' dir='ltr'>[leus</span> <span class='ocrx_word' id='word_1_154' title='bbox 1014 1407 1108 1464; x_wconf 90' lang='lat' dir='ltr'>salutis</span> <span class='ocrx_word' id='word_1_155' title='bbox 1124 1424 1209 1465; x_wconf 88' lang='lat' dir='ltr'>meae.</span> <span class='ocrx_word' id='word_1_156' title='bbox 1253 1407 1301 1463; x_wconf 83' lang='lat' dir='ltr'>lle·</span> 
     </span>
     <span class='ocr_line' id='line_1_15' title="bbox 132 1490 1302 1566; baseline -0.002 -18"><span class='ocrx_word' id='word_1_157' title='bbox 132 1490 240 1548; x_wconf 79' lang='lat' dir='ltr'>rastsbit</span> <span class='ocrx_word' id='word_1_158' title='bbox 261 1490 359 1564; x_wconf 87' lang='lat' dir='ltr'>lingua</span> <span class='ocrx_word' id='word_1_159' title='bbox 380 1507 439 1547; x_wconf 85' lang='lat' dir='ltr'>mea</span> <span class='ocrx_word' id='word_1_160' title='bbox 460 1491 587 1547; x_wconf 87' lang='lat' dir='ltr'>iustitiam</span> <span class='ocrx_word' id='word_1_161' title='bbox 611 1498 693 1546; x_wconf 91' lang='lat' dir='ltr'>tuam.</span> <span class='ocrx_word' id='word_1_162' title='bbox 735 1491 861 1558; x_wconf 84' lang='lat' dir='ltr'>bomine,</span> <span class='ocrx_word' id='word_1_163' title='bbox 884 1508 915 1548; x_wconf 94' lang='lat' dir='ltr'>os</span> <span class='ocrx_word' id='word_1_164' title='bbox 937 1509 1026 1548; x_wconf 88' lang='lat' dir='ltr'>meum</span> <span class='ocrx_word' id='word_1_165' title='bbox 1049 1493 1163 1566; x_wconf 88' lang='lat' dir='ltr'>aperies,</span> <span class='ocrx_word' id='word_1_166' title='bbox 1186 1499 1214 1547; x_wconf 90' lang='lat' dir='ltr'>et</span> <span class='ocrx_word' id='word_1_167' title='bbox 1232 1490 1302 1547; x_wconf 86' lang='lat' dir='ltr'>labia</span> 
     </span>
     <span class='ocr_line' id='line_1_16' title="bbox 132 1573 1301 1642; baseline 0 -12"><span class='ocrx_word' id='word_1_168' title='bbox 132 1592 179 1630; x_wconf 79' lang='lat' dir='ltr'>naa</span> <span class='ocrx_word' id='word_1_169' title='bbox 198 1573 406 1631; x_wconf 80' lang='lat' dir='ltr'>annuntiabunt</span> <span class='ocrx_word' id='word_1_170' title='bbox 426 1573 532 1631; x_wconf 89' lang='lat' dir='ltr'>laudem</span> <span class='ocrx_word' id='word_1_171' title='bbox 554 1581 635 1630; x_wconf 90' lang='lat' dir='ltr'>tuam.</span> <span class='ocrx_word' id='word_1_172' title='bbox 679 1574 825 1641; x_wconf 79' lang='lat' dir='ltr'>Quoniam,</span> <span class='ocrx_word' id='word_1_173' title='bbox 848 1576 871 1630; x_wconf 92' lang='lat' dir='ltr'>si</span> <span class='ocrx_word' id='word_1_174' title='bbox 893 1573 1027 1631; x_wconf 89' lang='lat' dir='ltr'>voluisses</span> <span class='ocrx_word' id='word_1_175' title='bbox 1054 1574 1231 1642; x_wconf 77' lang='lat' dir='ltr'>sacrificium,</span> <span class='ocrx_word' id='word_1_176' title='bbox 1257 1575 1301 1630; x_wconf 88' lang='lat' dir='ltr'>dc·</span> 
     </span>
     <span class='ocr_line' id='line_1_17' title="bbox 131 1655 1302 1730; baseline -0.002 -15"><span class='ocrx_word' id='word_1_177' title='bbox 131 1658 220 1715; x_wconf 60' lang='lat' dir='ltr'>&amp;am</span> <span class='ocrx_word' id='word_1_178' title='bbox 244 1657 363 1730; x_wconf 82' lang='lat' dir='ltr'>utiquc3</span> <span class='ocrx_word' id='word_1_179' title='bbox 396 1657 445 1714; x_wconf 90' lang='lat' dir='ltr'>sed</span> <span class='ocrx_word' id='word_1_180' title='bbox 467 1656 634 1713; x_wconf 87' lang='lat' dir='ltr'>holocaustis</span> <span class='ocrx_word' id='word_1_181' title='bbox 656 1673 710 1714; x_wconf 94' lang='lat' dir='ltr'>non</span> <span class='ocrx_word' id='word_1_182' title='bbox 733 1656 885 1714; x_wconf 87' lang='lat' dir='ltr'>delectaris.</span> <span class='ocrx_word' id='word_1_183' title='bbox 927 1655 1095 1714; x_wconf 81' lang='lat' dir='ltr'>Sacrificium</span> <span class='ocrx_word' id='word_1_184' title='bbox 1113 1657 1167 1713; x_wconf 79' lang='lat' dir='ltr'>oco</span> <span class='ocrx_word' id='word_1_185' title='bbox 1191 1657 1302 1730; x_wconf 90' lang='lat' dir='ltr'>spiritus</span> 
     </span>
     <span class='ocr_line' id='line_1_18' title="bbox 132 1737 1173 1814; baseline -0.002 -16"><span class='ocrx_word' id='word_1_186' title='bbox 132 1739 344 1807; x_wconf 68' lang='lat' dir='ltr'>contribulatum</span> <span class='ocrx_word' id='word_1_187' title='bbox 376 1756 425 1797; x_wconf 91' lang='lat' dir='ltr'>cor</span> <span class='ocrx_word' id='word_1_188' title='bbox 447 1741 591 1797; x_wconf 85' lang='lat' dir='ltr'>contritum</span> <span class='ocrx_word' id='word_1_189' title='bbox 614 1747 641 1797; x_wconf 90' lang='lat' dir='ltr'>et</span> <span class='ocrx_word' id='word_1_190' title='bbox 661 1740 829 1797; x_wconf 88' lang='lat' dir='ltr'>humiliatum</span> <span class='ocrx_word' id='word_1_191' title='bbox 851 1740 922 1796; x_wconf 83' lang='lat' dir='ltr'>Deus</span> <span class='ocrx_word' id='word_1_192' title='bbox 944 1757 999 1796; x_wconf 90' lang='lat' dir='ltr'>non</span> <span class='ocrx_word' id='word_1_193' title='bbox 1023 1737 1173 1814; x_wconf 86' lang='lat' dir='ltr'>despiciet‘</span> 
     </span>
    </p>
   </div>
   <div class='ocr_carea' id='block_1_3' title="bbox 312 1937 1118 2015">
    <p class='ocr_par' dir='ltr' id='par_1_3' title="bbox 312 1937 1118 2015">
     <span class='ocr_line' id='line_1_19' title="bbox 312 1937 1118 2015; baseline 0.002 -22"><span class='ocrx_word' id='word_1_194' title='bbox 312 1937 377 1995; x_wconf 77' lang='lat' dir='ltr'>XIX.</span> <span class='ocrx_word' id='word_1_195' title='bbox 418 1941 497 1998; x_wconf 83' lang='lat' dir='ltr'>Haeo</span> <span class='ocrx_word' id='word_1_196' title='bbox 519 1940 645 2014; x_wconf 72' lang='lat' dir='ltr'>exemplo</span> <span class='ocrx_word' id='word_1_197' title='bbox 665 1942 802 1997; x_wconf 82' lang='lat' dir='ltr'>imitantes</span> <span class='ocrx_word' id='word_1_198' title='bbox 819 1958 918 2014; x_wconf 82' lang='lat' dir='ltr'>pacem</span> <span class='ocrx_word' id='word_1_199' title='bbox 939 1957 1118 2015; x_wconf 77' lang='lat' dir='ltr'>quaeremus.</span> 
     </span>
    </p>
   </div>
   <div class='ocr_carea' id='block_1_4' title="bbox 128 2071 1305 2896">
    <p class='ocr_par' dir='ltr' id='par_1_4' title="bbox 128 2071 1305 2896">
     <span class='ocr_line' id='line_1_20' title="bbox 203 2071 1301 2148; baseline 0.002 -20"><span class='ocrx_word' id='word_1_200' title='bbox 203 2072 315 2128; x_wconf 83' lang='lat' dir='ltr'>Talium</span> <span class='ocrx_word' id='word_1_201' title='bbox 337 2072 419 2148; x_wconf 87' lang='lat' dir='ltr'>igitur</span> <span class='ocrx_word' id='word_1_202' title='bbox 440 2081 467 2130; x_wconf 93' lang='lat' dir='ltr'>et</span> <span class='ocrx_word' id='word_1_203' title='bbox 488 2080 638 2141; x_wconf 88' lang='lat' dir='ltr'>tantorum,</span> <span class='ocrx_word' id='word_1_204' title='bbox 659 2073 704 2146; x_wconf 93' lang='lat' dir='ltr'>qui</span> <span class='ocrx_word' id='word_1_205' title='bbox 727 2081 779 2129; x_wconf 85' lang='lat' dir='ltr'>tani</span> <span class='ocrx_word' id='word_1_206' title='bbox 802 2071 903 2129; x_wconf 89' lang='lat' dir='ltr'>clarum</span> <span class='ocrx_word' id='word_1_207' title='bbox 932 2074 1049 2148; x_wconf 87' lang='lat' dir='ltr'>elogium</span> <span class='ocrx_word' id='word_1_208' title='bbox 1069 2074 1209 2131; x_wconf 81' lang='lat' dir='ltr'>consecuti</span> <span class='ocrx_word' id='word_1_209' title='bbox 1231 2082 1301 2142; x_wconf 90' lang='lat' dir='ltr'>sunt,</span> 
     </span>
     <span class='ocr_line' id='line_1_21' title="bbox 131 2155 1301 2230; baseline 0.002 -19"><span class='ocrx_word' id='word_1_210' title='bbox 131 2156 264 2212; x_wconf 78' lang='lat' dir='ltr'>lumilitas</span> <span class='ocrx_word' id='word_1_211' title='bbox 286 2163 316 2212; x_wconf 88' lang='lat' dir='ltr'>et</span> <span class='ocrx_word' id='word_1_212' title='bbox 339 2174 390 2230; x_wconf 91' lang='lat' dir='ltr'>per</span> <span class='ocrx_word' id='word_1_213' title='bbox 422 2156 601 2213; x_wconf 88' lang='lat' dir='ltr'>obedientiam</span> <span class='ocrx_word' id='word_1_214' title='bbox 625 2155 758 2227; x_wconf 72' lang='lat' dir='ltr'>subiectio</span> <span class='ocrx_word' id='word_1_215' title='bbox 787 2173 841 2212; x_wconf 93' lang='lat' dir='ltr'>nou</span> <span class='ocrx_word' id='word_1_216' title='bbox 864 2164 966 2213; x_wconf 88' lang='lat' dir='ltr'>tantum</span> <span class='ocrx_word' id='word_1_217' title='bbox 997 2174 1061 2225; x_wconf 91' lang='lat' dir='ltr'>nos,</span> <span class='ocrx_word' id='word_1_218' title='bbox 1091 2158 1140 2214; x_wconf 89' lang='lat' dir='ltr'>sed</span> <span class='ocrx_word' id='word_1_219' title='bbox 1169 2165 1195 2213; x_wconf 92' lang='lat' dir='ltr'>et</span> <span class='ocrx_word' id='word_1_220' title='bbox 1221 2174 1301 2230; x_wconf 85' lang='lat' dir='ltr'>genc-</span> 
     </span>
     <span class='ocr_line' id='line_1_22' title="bbox 130 2239 1302 2314; baseline 0.001 -20"><span class='ocrx_word' id='word_1_221' title='bbox 130 2242 248 2296; x_wconf 84' lang='lat' dir='ltr'>rationes</span> <span class='ocrx_word' id='word_1_222' title='bbox 271 2247 335 2296; x_wconf 86' lang='lat' dir='ltr'>ante</span> <span class='ocrx_word' id='word_1_223' title='bbox 356 2255 408 2295; x_wconf 88' lang='lat' dir='ltr'>nos</span> <span class='ocrx_word' id='word_1_224' title='bbox 430 2239 557 2297; x_wconf 91' lang='lat' dir='ltr'>meliores</span> <span class='ocrx_word' id='word_1_225' title='bbox 581 2239 711 2307; x_wconf 81' lang='lat' dir='ltr'>reddidit,</span> <span class='ocrx_word' id='word_1_226' title='bbox 743 2257 792 2296; x_wconf 89' lang='lat' dir='ltr'>eos</span> <span class='ocrx_word' id='word_1_227' title='bbox 814 2256 910 2314; x_wconf 84' lang='lat' dir='ltr'>nempe</span> <span class='ocrx_word' id='word_1_228' title='bbox 941 2241 985 2313; x_wconf 92' lang='lat' dir='ltr'>qui</span> <span class='ocrx_word' id='word_1_229' title='bbox 1010 2241 1036 2295; x_wconf 91' lang='lat' dir='ltr'>in</span> <span class='ocrx_word' id='word_1_230' title='bbox 1059 2241 1155 2297; x_wconf 90' lang='lat' dir='ltr'>timore</span> <span class='ocrx_word' id='word_1_231' title='bbox 1180 2247 1207 2295; x_wconf 89' lang='lat' dir='ltr'>et</span> <span class='ocrx_word' id='word_1_232' title='bbox 1233 2242 1302 2295; x_wconf 86' lang='lat' dir='ltr'>veri·</span> 
     </span>
     <span class='ocr_line' id='line_1_23' title="bbox 129 2321 1302 2397; baseline 0 -20"><span class='ocrx_word' id='word_1_233' title='bbox 129 2329 176 2379; x_wconf 81' lang='lat' dir='ltr'>tate</span> <span class='ocrx_word' id='word_1_234' title='bbox 201 2331 391 2396; x_wconf 83' lang='lat' dir='ltr'>susceperunt</span> <span class='ocrx_word' id='word_1_235' title='bbox 411 2323 518 2397; x_wconf 86' lang='lat' dir='ltr'>eloquia</span> <span class='ocrx_word' id='word_1_236' title='bbox 543 2324 612 2380; x_wconf 87' lang='lat' dir='ltr'>eius.</span> <span class='ocrx_word' id='word_1_237' title='bbox 653 2323 741 2391; x_wconf 83' lang='lat' dir='ltr'>Quare</span> <span class='ocrx_word' id='word_1_238' title='bbox 769 2321 915 2377; x_wconf 91' lang='lat' dir='ltr'>multorum</span> <span class='ocrx_word' id='word_1_239' title='bbox 946 2339 1161 2395; x_wconf 86' lang='lat' dir='ltr'>magnorumque</span> <span class='ocrx_word' id='word_1_240' title='bbox 1189 2329 1217 2375; x_wconf 89' lang='lat' dir='ltr'>et</span> <span class='ocrx_word' id='word_1_241' title='bbox 1243 2321 1302 2377; x_wconf 91' lang='lat' dir='ltr'>illu·</span> 
     </span>
     <span class='ocr_line' id='line_1_24' title="bbox 129 2401 1303 2480; baseline -0.006 -18"><span class='ocrx_word' id='word_1_242' title='bbox 129 2406 224 2462; x_wconf 64' lang='lat' dir='ltr'>:trium</span> <span class='ocrx_word' id='word_1_243' title='bbox 244 2413 388 2478; x_wconf 83' lang='lat' dir='ltr'>gestorum</span> <span class='ocrx_word' id='word_1_244' title='bbox 409 2406 556 2480; x_wconf 84' lang='lat' dir='ltr'>participes</span> <span class='ocrx_word' id='word_1_245' title='bbox 586 2406 647 2463; x_wconf 84' lang='lat' dir='ltr'>lacti</span> <span class='ocrx_word' id='word_1_246' title='bbox 678 2420 851 2461; x_wconf 82' lang='lat' dir='ltr'>recurramus</span> <span class='ocrx_word' id='word_1_247' title='bbox 873 2403 906 2458; x_wconf 89' lang='lat' dir='ltr'>ad</span> <span class='ocrx_word' id='word_1_248' title='bbox 928 2406 1004 2477; x_wconf 89' lang='lat' dir='ltr'>pacis</span> <span class='ocrx_word' id='word_1_249' title='bbox 1026 2421 1139 2475; x_wconf 91' lang='lat' dir='ltr'>scopum</span> <span class='ocrx_word' id='word_1_250' title='bbox 1169 2401 1248 2456; x_wconf 90' lang='lat' dir='ltr'>nobis</span> <span class='ocrx_word' id='word_1_251' title='bbox 1270 2402 1303 2456; x_wconf 93' lang='lat' dir='ltr'>ab</span> 
     </span>
     <span class='ocr_line' id='line_1_25' title="bbox 129 2483 1303 2561; baseline -0.006 -17"><span class='ocrx_word' id='word_1_252' title='bbox 129 2490 203 2545; x_wconf 81' lang='lat' dir='ltr'>initio</span> <span class='ocrx_word' id='word_1_253' title='bbox 227 2486 373 2556; x_wconf 87' lang='lat' dir='ltr'>traditum,</span> <span class='ocrx_word' id='word_1_254' title='bbox 395 2497 423 2546; x_wconf 90' lang='lat' dir='ltr'>et</span> <span class='ocrx_word' id='word_1_255' title='bbox 444 2490 526 2545; x_wconf 91' lang='lat' dir='ltr'>totius</span> <span class='ocrx_word' id='word_1_256' title='bbox 548 2489 640 2545; x_wconf 88' lang='lat' dir='ltr'>mundi</span> <span class='ocrx_word' id='word_1_257' title='bbox 662 2495 803 2561; x_wconf 88' lang='lat' dir='ltr'>parentem</span> <span class='ocrx_word' id='word_1_258' title='bbox 825 2492 852 2541; x_wconf 91' lang='lat' dir='ltr'>et</span> <span class='ocrx_word' id='word_1_259' title='bbox 874 2494 1023 2541; x_wconf 87' lang='lat' dir='ltr'>creatorem</span> <span class='ocrx_word' id='word_1_260' title='bbox 1046 2485 1190 2557; x_wconf 76' lang='lat' dir='ltr'>diligenter</span> <span class='ocrx_word' id='word_1_261' title='bbox 1218 2483 1303 2537; x_wconf 89' lang='lat' dir='ltr'>intue-</span> 
     </span>
     <span class='ocr_line' id='line_1_26' title="bbox 128 2563 1305 2645; baseline -0.007 -17"><span class='ocrx_word' id='word_1_262' title='bbox 128 2588 223 2638; x_wconf 83' lang='lat' dir='ltr'>amur,</span> <span class='ocrx_word' id='word_1_263' title='bbox 244 2579 328 2644; x_wconf 83' lang='lat' dir='ltr'>atque</span> <span class='ocrx_word' id='word_1_264' title='bbox 349 2571 420 2628; x_wconf 90' lang='lat' dir='ltr'>illius</span> <span class='ocrx_word' id='word_1_265' title='bbox 442 2571 592 2645; x_wconf 85' lang='lat' dir='ltr'>magnificis</span> <span class='ocrx_word' id='word_1_266' title='bbox 615 2579 642 2628; x_wconf 90' lang='lat' dir='ltr'>ct</span> <span class='ocrx_word' id='word_1_267' title='bbox 664 2567 889 2643; x_wconf 84' lang='lat' dir='ltr'>exsuperantibus</span> <span class='ocrx_word' id='word_1_268' title='bbox 913 2568 992 2623; x_wconf 88' lang='lat' dir='ltr'>donis</span> <span class='ocrx_word' id='word_1_269' title='bbox 1012 2568 1087 2642; x_wconf 88' lang='lat' dir='ltr'>pacis</span> <span class='ocrx_word' id='word_1_270' title='bbox 1109 2573 1137 2622; x_wconf 87' lang='lat' dir='ltr'>et</span> <span class='ocrx_word' id='word_1_271' title='bbox 1157 2563 1305 2621; x_wconf 83' lang='lat' dir='ltr'>benefactis</span> 
     </span>
     <span class='ocr_line' id='line_1_27' title="bbox 130 2647 1305 2729; baseline -0.006 -20"><span class='ocrx_word' id='word_1_272' title='bbox 130 2653 246 2712; x_wconf 74' lang='lat' dir='ltr'>firmiter</span> <span class='ocrx_word' id='word_1_273' title='bbox 268 2654 475 2714; x_wconf 83' lang='lat' dir='ltr'>adhaereamus.</span> <span class='ocrx_word' id='word_1_274' title='bbox 518 2655 685 2729; x_wconf 76' lang='lat' dir='ltr'>cogitatione</span> <span class='ocrx_word' id='word_1_275' title='bbox 709 2652 926 2726; x_wconf 86' lang='lat' dir='ltr'>contemplemur</span> <span class='ocrx_word' id='word_1_276' title='bbox 948 2668 1028 2720; x_wconf 87' lang='lat' dir='ltr'>eum,</span> <span class='ocrx_word' id='word_1_277' title='bbox 1051 2658 1078 2707; x_wconf 91' lang='lat' dir='ltr'>et</span> <span class='ocrx_word' id='word_1_278' title='bbox 1097 2648 1196 2705; x_wconf 87' lang='lat' dir='ltr'>mentis</span> <span class='ocrx_word' id='word_1_279' title='bbox 1219 2647 1305 2703; x_wconf 90' lang='lat' dir='ltr'>oculis</span> 
     </span>
     <span class='ocr_line' id='line_1_28' title="bbox 130 2731 1305 2812; baseline -0.005 -18"><span class='ocrx_word' id='word_1_280' title='bbox 130 2736 315 2812; x_wconf 76' lang='lat' dir='ltr'>longanimam</span> <span class='ocrx_word' id='word_1_281' title='bbox 335 2737 395 2809; x_wconf 83' lang='lat' dir='ltr'>ejus</span> <span class='ocrx_word' id='word_1_282' title='bbox 419 2739 581 2795; x_wconf 89' lang='lat' dir='ltr'>voluntatem</span> <span class='ocrx_word' id='word_1_283' title='bbox 604 2739 764 2794; x_wconf 89' lang='lat' dir='ltr'>intueamur.</span> <span class='ocrx_word' id='word_1_284' title='bbox 807 2735 967 2807; x_wconf 89' lang='lat' dir='ltr'>Videamus,</span> <span class='ocrx_word' id='word_1_285' title='bbox 990 2744 1159 2809; x_wconf 85' lang='lat' dir='ltr'>quantopere</span> <span class='ocrx_word' id='word_1_286' title='bbox 1190 2731 1305 2789; x_wconf 89' lang='lat' dir='ltr'>clemen·</span> 
     </span>
     <span class='ocr_line' id='line_1_29' title="bbox 130 2818 883 2896; baseline 0.003 -19"><span class='ocrx_word' id='word_1_287' title='bbox 130 2829 183 2877; x_wconf 83' lang='lat' dir='ltr'>tem</span> <span class='ocrx_word' id='word_1_288' title='bbox 207 2836 239 2877; x_wconf 87' lang='lat' dir='ltr'>se</span> <span class='ocrx_word' id='word_1_289' title='bbox 259 2818 391 2894; x_wconf 84' lang='lat' dir='ltr'>praebeat</span> <span class='ocrx_word' id='word_1_290' title='bbox 410 2838 476 2896; x_wconf 88' lang='lat' dir='ltr'>erga</span> <span class='ocrx_word' id='word_1_291' title='bbox 497 2838 603 2879; x_wconf 90' lang='lat' dir='ltr'>omnem</span> <span class='ocrx_word' id='word_1_292' title='bbox 625 2829 777 2878; x_wconf 88' lang='lat' dir='ltr'>creaturam</span> <span class='ocrx_word' id='word_1_293' title='bbox 798 2836 883 2879; x_wconf 91' lang='lat' dir='ltr'>suam.</span> 
     </span>
    </p>
   </div>
   <div class='ocr_carea' id='block_1_5' title="bbox 132 3018 1305 3192">
    <p class='ocr_par' dir='ltr' id='par_1_5' title="bbox 132 3018 1305 3192">
     <span class='ocr_line' id='line_1_30' title="bbox 132 3018 1305 3085; baseline -0.004 -7"><span class='ocrx_word' id='word_1_294' title='bbox 132 3018 185 3078; x_wconf 74' lang='lat' dir='ltr'>XX.</span> <span class='ocrx_word' id='word_1_295' title='bbox 228 3021 332 3078; x_wconf 75' lang='lat' dir='ltr'>Pacem</span> <span class='ocrx_word' id='word_1_296' title='bbox 358 3030 384 3078; x_wconf 83' lang='lat' dir='ltr'>et</span> <span class='ocrx_word' id='word_1_297' title='bbox 412 3025 588 3080; x_wconf 84' lang='lat' dir='ltr'>concordiam</span> <span class='ocrx_word' id='word_1_298' title='bbox 615 3040 633 3079; x_wconf 87' lang='lat' dir='ltr'><strong>o</strong></span> <span class='ocrx_word' id='word_1_299' title='bbox 656 3023 715 3078; x_wconf 85' lang='lat' dir='ltr'>Deo</span> <span class='ocrx_word' id='word_1_300' title='bbox 743 3023 851 3085; x_wconf 64' lang='lat' dir='ltr'>omum,</span> <span class='ocrx_word' id='word_1_301' title='bbox 882 3021 1031 3077; x_wconf 75' lang='lat' dir='ltr'>bannonis</span> <span class='ocrx_word' id='word_1_302' title='bbox 1057 3018 1156 3075; x_wconf 78' lang='lat' dir='ltr'>mendi</span> <span class='ocrx_word' id='word_1_303' title='bbox 1182 3023 1208 3074; x_wconf 86' lang='lat' dir='ltr'>et</span> <span class='ocrx_word' id='word_1_304' title='bbox 1236 3018 1305 3074; x_wconf 85' lang='lat' dir='ltr'>ordo</span> 
     </span>
     <span class='ocr_line' id='line_1_31' title="bbox 244 3118 1195 3192; baseline -0.006 -14"><span class='ocrx_word' id='word_1_305' title='bbox 244 3128 367 3178; x_wconf 70' lang='lat' dir='ltr'>amarae</span> <span class='ocrx_word' id='word_1_306' title='bbox 388 3124 573 3189; x_wconf 74' lang='lat' dir='ltr'>demoatstrot5</span> <span class='ocrx_word' id='word_1_307' title='bbox 601 3124 675 3178; x_wconf 78' lang='lat' dir='ltr'>assde</span> <span class='ocrx_word' id='word_1_308' title='bbox 696 3123 783 3177; x_wconf 82' lang='lat' dir='ltr'>molto</span> <span class='ocrx_word' id='word_1_309' title='bbox 804 3122 883 3177; x_wconf 86' lang='lat' dir='ltr'>nobis</span> <span class='ocrx_word' id='word_1_310' title='bbox 904 3121 1035 3192; x_wconf 71' lang='lat' dir='ltr'>adfluunt</span> <span class='ocrx_word' id='word_1_311' title='bbox 1055 3118 1195 3192; x_wconf 69' lang='lat' dir='ltr'>beneficio.</span> 
     </span>
    </p>
   </div>
   <div class='ocr_carea' id='block_1_6' title="bbox 135 3251 1308 3746">
    <p class='ocr_par' dir='ltr' id='par_1_6' title="bbox 135 3251 1308 3746">
     <span class='ocr_line' id='line_1_32' title="bbox 218 3251 1306 3333; baseline -0.003 -23"><span class='ocrx_word' id='word_1_312' title='bbox 218 3253 312 3323; x_wconf 85' lang='lat' dir='ltr'>Coeli,</span> <span class='ocrx_word' id='word_1_313' title='bbox 340 3253 534 3328; x_wconf 69' lang='lat' dir='ltr'>gubernatione</span> <span class='ocrx_word' id='word_1_314' title='bbox 564 3255 624 3311; x_wconf 91' lang='lat' dir='ltr'>cius</span> <span class='ocrx_word' id='word_1_315' title='bbox 654 3254 797 3322; x_wconf 89' lang='lat' dir='ltr'>commoti,</span> <span class='ocrx_word' id='word_1_316' title='bbox 830 3255 856 3333; x_wconf 76' lang='lat' dir='ltr'>in</span> <span class='ocrx_word' id='word_1_317' title='bbox 887 3270 953 3328; x_wconf 89' lang='lat' dir='ltr'>pace</span> <span class='ocrx_word' id='word_1_318' title='bbox 976 3254 1001 3309; x_wconf 91' lang='lat' dir='ltr'>ci</span> <span class='ocrx_word' id='word_1_319' title='bbox 1023 3251 1218 3322; x_wconf 88' lang='lat' dir='ltr'>subiiciuntur;</span> <span class='ocrx_word' id='word_1_320' title='bbox 1247 3251 1306 3307; x_wconf 88' lang='lat' dir='ltr'>dies</span> 
     </span>
     <span class='ocr_line' id='line_1_33' title="bbox 135 3336 1307 3410; baseline -0.003 -17"><span class='ocrx_word' id='word_1_321' title='bbox 135 3338 216 3393; x_wconf 82' lang='lat' dir='ltr'>etism</span> <span class='ocrx_word' id='word_1_322' title='bbox 238 3345 268 3393; x_wconf 87' lang='lat' dir='ltr'>et</span> <span class='ocrx_word' id='word_1_323' title='bbox 287 3354 341 3394; x_wconf 84' lang='lat' dir='ltr'>nox</span> <span class='ocrx_word' id='word_1_324' title='bbox 369 3336 444 3394; x_wconf 90' lang='lat' dir='ltr'>nullo</span> <span class='ocrx_word' id='word_1_325' title='bbox 464 3338 515 3394; x_wconf 90' lang='lat' dir='ltr'>sibi</span> <span class='ocrx_word' id='word_1_326' title='bbox 538 3339 650 3395; x_wconf 86' lang='lat' dir='ltr'>invicem</span> <span class='ocrx_word' id='word_1_327' title='bbox 673 3337 864 3410; x_wconf 87' lang='lat' dir='ltr'>impedimento</span> <span class='ocrx_word' id='word_1_328' title='bbox 887 3337 1064 3392; x_wconf 88' lang='lat' dir='ltr'>constitutum</span> <span class='ocrx_word' id='word_1_329' title='bbox 1086 3336 1119 3391; x_wconf 93' lang='lat' dir='ltr'>ab</span> <span class='ocrx_word' id='word_1_330' title='bbox 1142 3353 1175 3392; x_wconf 91' lang='lat' dir='ltr'>eo</span> <span class='ocrx_word' id='word_1_331' title='bbox 1197 3351 1307 3392; x_wconf 88' lang='lat' dir='ltr'>cursum</span> 
     </span>
     <span class='ocr_line' id='line_1_34' title="bbox 136 3418 1306 3478; baseline -0.002 -2"><span class='ocrx_word' id='word_1_332' title='bbox 136 3420 289 3477; x_wconf 80' lang='lat' dir='ltr'>absolvunt</span> <span class='ocrx_word' id='word_1_333' title='bbox 329 3419 376 3476; x_wconf 89' lang='lat' dir='ltr'>Sol</span> <span class='ocrx_word' id='word_1_334' title='bbox 399 3429 427 3476; x_wconf 91' lang='lat' dir='ltr'>et</span> <span class='ocrx_word' id='word_1_335' title='bbox 445 3422 506 3477; x_wconf 91' lang='lat' dir='ltr'>luna</span> <span class='ocrx_word' id='word_1_336' title='bbox 552 3430 579 3478; x_wconf 89' lang='lat' dir='ltr'>ot</span> <span class='ocrx_word' id='word_1_337' title='bbox 609 3420 729 3476; x_wconf 89' lang='lat' dir='ltr'>siderum</span> <span class='ocrx_word' id='word_1_338' title='bbox 762 3421 839 3477; x_wconf 90' lang='lat' dir='ltr'>cbori</span> <span class='ocrx_word' id='word_1_339' title='bbox 884 3419 1034 3475; x_wconf 86' lang='lat' dir='ltr'>secundnm</span> <span class='ocrx_word' id='word_1_340' title='bbox 1066 3419 1125 3475; x_wconf 89' lang='lat' dir='ltr'>eius</span> <span class='ocrx_word' id='word_1_341' title='bbox 1152 3418 1306 3475; x_wconf 88' lang='lat' dir='ltr'>mandatum</span> 
     </span>
     <span class='ocr_line' id='line_1_35' title="bbox 136 3501 1308 3575; baseline 0.001 -17"><span class='ocrx_word' id='word_1_342' title='bbox 136 3504 195 3560; x_wconf 87' lang='lat' dir='ltr'>sine</span> <span class='ocrx_word' id='word_1_343' title='bbox 223 3502 280 3559; x_wconf 92' lang='lat' dir='ltr'>ullo</span> <span class='ocrx_word' id='word_1_344' title='bbox 308 3519 404 3560; x_wconf 89' lang='lat' dir='ltr'>errore</span> <span class='ocrx_word' id='word_1_345' title='bbox 439 3505 465 3560; x_wconf 91' lang='lat' dir='ltr'>in</span> <span class='ocrx_word' id='word_1_346' title='bbox 496 3505 642 3561; x_wconf 88' lang='lat' dir='ltr'>concordia</span> <span class='ocrx_word' id='word_1_347' title='bbox 682 3503 733 3559; x_wconf 89' lang='lat' dir='ltr'>sibi</span> <span class='ocrx_word' id='word_1_348' title='bbox 763 3504 923 3559; x_wconf 86' lang='lat' dir='ltr'>constitutas</span> <span class='ocrx_word' id='word_1_349' title='bbox 952 3502 1145 3575; x_wconf 88' lang='lat' dir='ltr'>dispositiones</span> <span class='ocrx_word' id='word_1_350' title='bbox 1175 3501 1308 3559; x_wconf 75' lang='lat' dir='ltr'>evolvunt·</span> 
     </span>
     <span class='ocr_line' id='line_1_36' title="bbox 138 3584 1308 3660; baseline 0.001 -19"><span class='ocrx_word' id='word_1_351' title='bbox 138 3585 222 3643; x_wconf 77' lang='lat' dir='ltr'>lerna</span> <span class='ocrx_word' id='word_1_352' title='bbox 245 3586 354 3660; x_wconf 84' lang='lat' dir='ltr'>gravida</span> <span class='ocrx_word' id='word_1_353' title='bbox 375 3588 524 3644; x_wconf 88' lang='lat' dir='ltr'>secundum</span> <span class='ocrx_word' id='word_1_354' title='bbox 547 3589 606 3644; x_wconf 90' lang='lat' dir='ltr'>eius</span> <span class='ocrx_word' id='word_1_355' title='bbox 627 3585 790 3642; x_wconf 87' lang='lat' dir='ltr'>voluntatem</span> <span class='ocrx_word' id='word_1_356' title='bbox 810 3587 867 3642; x_wconf 88' lang='lat' dir='ltr'>suis</span> <span class='ocrx_word' id='word_1_357' title='bbox 883 3584 1051 3659; x_wconf 88' lang='lat' dir='ltr'>temporibus</span> <span class='ocrx_word' id='word_1_358' title='bbox 1063 3584 1226 3653; x_wconf 91' lang='lat' dir='ltr'>bominibus,</span> <span class='ocrx_word' id='word_1_359' title='bbox 1242 3585 1308 3642; x_wconf 90' lang='lat' dir='ltr'>leris</span> 
     </span>
     <span class='ocr_line' id='line_1_37' title="bbox 138 3668 1308 3746; baseline 0.002 -23"><span class='ocrx_word' id='word_1_360' title='bbox 138 3677 167 3723; x_wconf 84' lang='lat' dir='ltr'>et</span> <span class='ocrx_word' id='word_1_361' title='bbox 187 3668 315 3725; x_wconf 89' lang='lat' dir='ltr'>omnibus</span> <span class='ocrx_word' id='word_1_362' title='bbox 348 3687 417 3744; x_wconf 88' lang='lat' dir='ltr'>quae</span> <span class='ocrx_word' id='word_1_363' title='bbox 437 3688 520 3746; x_wconf 89' lang='lat' dir='ltr'>super</span> <span class='ocrx_word' id='word_1_364' title='bbox 542 3688 598 3728; x_wconf 88' lang='lat' dir='ltr'>eam</span> <span class='ocrx_word' id='word_1_365' title='bbox 621 3678 685 3726; x_wconf 90' lang='lat' dir='ltr'>sunt</span> <span class='ocrx_word' id='word_1_366' title='bbox 715 3669 895 3726; x_wconf 87' lang='lat' dir='ltr'>animantibus</span> <span class='ocrx_word' id='word_1_367' title='bbox 932 3669 1086 3725; x_wconf 87' lang='lat' dir='ltr'>alimentum</span> <span class='ocrx_word' id='word_1_368' title='bbox 1117 3669 1144 3725; x_wconf 90' lang='lat' dir='ltr'>iu</span> <span class='ocrx_word' id='word_1_369' title='bbox 1171 3668 1308 3725; x_wconf 89' lang='lat' dir='ltr'>abundan-</span> 
     </span>
    </p>
   </div>
   <div class='ocr_carea' id='block_1_7' title="bbox 140 3858 1307 4061">
    <p class='ocr_par' dir='ltr' id='par_1_7' title="bbox 140 3858 1307 4061">
     <span class='ocr_line' id='line_1_38' title="bbox 185 3858 1307 3928; baseline -0.008 -14"><span class='ocrx_word' id='word_1_370' title='bbox 185 3865 215 3923; x_wconf 71' lang='lat'>4)</span> <span class='ocrx_word' id='word_1_371' title='bbox 232 3864 267 3914; x_wconf 85' lang='lat' dir='ltr'>tt</span> <span class='ocrx_word' id='word_1_372' title='bbox 280 3880 344 3914; x_wconf 90' lang='lat' dir='ltr'>nom.</span> <span class='ocrx_word' id='word_1_373' title='bbox 354 3863 452 3928; x_wconf 82' lang='lat' dir='ltr'>respicit</span> <span class='ocrx_word' id='word_1_374' title='bbox 463 3863 629 3927; x_wconf 78' lang='lat' dir='ltr'>praecedentis</span> <span class='ocrx_word' id='word_1_375' title='bbox 641 3861 705 3910; x_wconf 82' lang='lat' dir='ltr'>vorbi</span> <span class='ocrx_word' id='word_1_376' title='bbox 792 3861 818 3924; x_wconf 77' lang='grc' dir='ltr'>Β)</span> <span class='ocrx_word' id='word_1_377' title='bbox 839 3861 992 3910; x_wconf 86' lang='lat' dir='ltr'>llormoniam</span> <span class='ocrx_word' id='word_1_378' title='bbox 1015 3861 1095 3910; x_wconf 88' lang='lat' dir='ltr'>mundi</span> <span class='ocrx_word' id='word_1_379' title='bbox 1120 3861 1152 3921; x_wconf 85' lang='lat' dir='ltr'>(c.</span> <span class='ocrx_word' id='word_1_380' title='bbox 1170 3860 1221 3921; x_wconf 79' lang='lat'><strong>20.)</strong></span> <span class='ocrx_word' id='word_1_381' title='bbox 1239 3858 1307 3907; x_wconf 91' lang='lat' dir='ltr'>insti-</span> 
     </span>
     <span class='ocr_line' id='line_1_39' title="bbox 140 3925 1307 3996; baseline -0.009 -15"><span class='ocrx_word' id='word_1_382' title='bbox 140 3925 279 3996; x_wconf 75' lang='lat' dir='ltr'>luolnoav,</span> <span class='ocrx_word' id='word_1_383' title='bbox 298 3931 338 3996; x_wconf 89' lang='lat' dir='ltr'>qui</span> <span class='ocrx_word' id='word_1_384' title='bbox 358 3939 394 3980; x_wconf 88' lang='lat' dir='ltr'>cst</span> <span class='ocrx_word' id='word_1_385' title='bbox 414 3930 491 3988; x_wconf 82' lang='grc' dir='ltr'><strong><em>Θεός.</em></strong></span> <span class='ocrx_word' id='word_1_386' title='bbox 741 3938 823 3987; x_wconf 76' lang='lat' dir='ltr'>triens,</span> <span class='ocrx_word' id='word_1_387' title='bbox 847 3928 986 3977; x_wconf 78' lang='lat' dir='ltr'>clementem</span> <span class='ocrx_word' id='word_1_388' title='bbox 1009 3944 1035 3976; x_wconf 82' lang='lat' dir='ltr'>so</span> <span class='ocrx_word' id='word_1_389' title='bbox 1053 3928 1152 3992; x_wconf 88' lang='lat' dir='ltr'>praebet</span> <span class='ocrx_word' id='word_1_390' title='bbox 1170 3928 1232 3976; x_wconf 80' lang='lat' dir='ltr'>lleus</span> <span class='ocrx_word' id='word_1_391' title='bbox 1251 3938 1307 3986; x_wconf 83' lang='lat' dir='ltr'>erga</span> 
     </span>
     <span class='ocr_line' id='line_1_40' title="bbox 188 3996 1047 4061; baseline -0.007 -11"><span class='ocrx_word' id='word_1_392' title='bbox 188 4000 216 4061; x_wconf 77' lang='grc'>5)</span> <span class='ocrx_word' id='word_1_393' title='bbox 232 3999 322 4049; x_wconf 86' lang='lat' dir='ltr'>imitari</span> <span class='ocrx_word' id='word_1_394' title='bbox 346 3998 439 4047; x_wconf 89' lang='lat' dir='ltr'>ridetur</span> <span class='ocrx_word' id='word_1_395' title='bbox 463 4007 584 4047; x_wconf 82' lang='lat' dir='ltr'>aiictorcm</span> <span class='ocrx_word' id='word_1_396' title='bbox 609 3997 653 4060; x_wconf 84' lang='lat' dir='ltr'>Ep.</span> <span class='ocrx_word' id='word_1_397' title='bbox 677 3996 707 4044; x_wconf 86' lang='lat' dir='ltr'>ad</span> <span class='ocrx_word' id='word_1_398' title='bbox 743 4011 836 4046; x_wconf 92' lang='lat' dir='ltr'>omnem</span> <span class='ocrx_word' id='word_1_399' title='bbox 856 4003 996 4046; x_wconf 86' lang='lat' dir='ltr'>creaturam.</span> <span class='ocrx_word' id='word_1_400' title='bbox 1019 3996 1047 4044; x_wconf 85' lang='lat' dir='ltr'>ll.</span> 
     </span>
    </p>
   </div>
   <div class='ocr_carea' id='block_1_8' title="bbox 143 4066 1308 4215">
    <p class='ocr_par' dir='ltr' id='par_1_8' title="bbox 143 4066 1308 4215">
     <span class='ocr_line' id='line_1_41' title="bbox 143 4066 1306 4142; baseline 0.004 -26"><span class='ocrx_word' id='word_1_401' title='bbox 143 4066 213 4116; x_wconf 82' lang='lat' dir='ltr'>llebr.</span> <span class='ocrx_word' id='word_1_402' title='bbox 233 4067 273 4125; x_wconf 82' lang='lat' dir='ltr'>tt,</span> <span class='ocrx_word' id='word_1_403' title='bbox 295 4069 316 4117; x_wconf 90' lang='lat' dir='ltr'>t.</span> <span class='ocrx_word' id='word_1_404' title='bbox 792 4080 850 4142; x_wconf 82' lang='lat' dir='ltr'>Cap.</span> <span class='ocrx_word' id='word_1_405' title='bbox 862 4079 908 4129; x_wconf 88' lang='lat' dir='ltr'>llll.</span> <span class='ocrx_word' id='word_1_406' title='bbox 941 4080 964 4136; x_wconf 80' lang='lat' dir='ltr'>l)</span> <span class='ocrx_word' id='word_1_407' title='bbox 985 4080 1026 4128; x_wconf 87' lang='lat' dir='ltr'>lls.</span> <span class='ocrx_word' id='word_1_408' title='bbox 1046 4077 1118 4125; x_wconf 85' lang='lat' dir='ltr'>babet</span> <span class='ocrx_word' id='word_1_409' title='bbox 1143 4071 1306 4138; x_wconf 71' lang='grc' dir='ltr'><em>πανπληθῆ.</em></span> 
     </span>
     <span class='ocr_line' id='line_1_42' title="bbox 188 4139 1308 4215; baseline -0.011 -13"><span class='ocrx_word' id='word_1_410' title='bbox 188 4149 216 4214; x_wconf 83' lang='grc'>6]</span> <span class='ocrx_word' id='word_1_411' title='bbox 236 4151 371 4214; x_wconf 85' lang='lat' dir='ltr'>Particlpes</span> <span class='ocrx_word' id='word_1_412' title='bbox 391 4147 520 4215; x_wconf 73' lang='grc' dir='ltr'><em>πράξεων</em></span> <span class='ocrx_word' id='word_1_413' title='bbox 537 4164 631 4209; x_wconf 76' lang='lat' dir='ltr'>suimus,</span> <span class='ocrx_word' id='word_1_414' title='bbox 653 4148 707 4212; x_wconf 88' lang='lat' dir='ltr'>quia</span> <span class='ocrx_word' id='word_1_415' title='bbox 742 4148 809 4210; x_wconf 67' lang='lat' dir='ltr'>alpad</span> <span class='ocrx_word' id='word_1_416' title='bbox 828 4147 886 4196; x_wconf 85' lang='lat' dir='ltr'>Lllll</span> <span class='ocrx_word' id='word_1_417' title='bbox 907 4155 931 4196; x_wconf 88' lang='lat' dir='ltr'>ct</span> <span class='ocrx_word' id='word_1_418' title='bbox 948 4145 1085 4208; x_wconf 86' lang='lat' dir='ltr'>Scriptores</span> <span class='ocrx_word' id='word_1_419' title='bbox 1108 4139 1308 4190; x_wconf 77' lang='lat' dir='ltr'>Alexandrinosv</span> 
     </span>
    </p>
   </div>
   <div class='ocr_carea' id='block_1_9' title="bbox 140 4205 1309 4338">
    <p class='ocr_par' dir='ltr' id='par_1_9' title="bbox 140 4205 1309 4338">
     <span class='ocr_line' id='line_1_43' title="bbox 141 4205 1309 4280; baseline -0.009 -13"><span class='ocrx_word' id='word_1_420' title='bbox 141 4234 219 4269; x_wconf 80' lang='lat' dir='ltr'>aarum</span> <span class='ocrx_word' id='word_1_421' title='bbox 239 4218 381 4269; x_wconf 84' lang='lat' dir='ltr'>memoriam</span> <span class='ocrx_word' id='word_1_422' title='bbox 400 4218 469 4266; x_wconf 89' lang='lat' dir='ltr'>nobis</span> <span class='ocrx_word' id='word_1_423' title='bbox 482 4217 565 4280; x_wconf 92' lang='lat' dir='ltr'>prodit</span> <span class='ocrx_word' id='word_1_424' title='bbox 584 4217 608 4266; x_wconf 87' lang='lat' dir='ltr'>S.</span> <span class='ocrx_word' id='word_1_425' title='bbox 625 4216 709 4279; x_wconf 86' lang='lat' dir='ltr'>Scrip-</span> <span class='ocrx_word' id='word_1_426' title='bbox 742 4229 815 4277; x_wconf 83' lang='lat' dir='ltr'>saepe</span> <span class='ocrx_word' id='word_1_427' title='bbox 827 4230 875 4263; x_wconf 89' lang='lat' dir='ltr'>oon</span> <span class='ocrx_word' id='word_1_428' title='bbox 890 4212 1049 4276; x_wconf 82' lang='lat' dir='ltr'>colliquescit,</span> <span class='ocrx_word' id='word_1_429' title='bbox 1062 4209 1106 4257; x_wconf 87' lang='lat' dir='ltr'>scd</span> <span class='ocrx_word' id='word_1_430' title='bbox 1117 4205 1241 4256; x_wconf 86' lang='lat' dir='ltr'>retinetur.</span> <span class='ocrx_word' id='word_1_431' title='bbox 1258 4206 1309 4257; x_wconf 84' lang='lat' dir='ltr'>loc.</span> 
     </span>
     <span class='ocr_line' id='line_1_44' title="bbox 140 4272 1309 4338; baseline -0.012 0"><span class='ocrx_word' id='word_1_432' title='bbox 140 4294 197 4338; x_wconf 77' lang='lat' dir='ltr'>tura⁴</span> <span class='ocrx_word' id='word_1_433' title='bbox 222 4287 283 4337; x_wconf 76' lang='lat' dir='ltr'>[lon</span> <span class='ocrx_word' id='word_1_434' title='bbox 744 4282 833 4331; x_wconf 82' lang='lat' dir='ltr'>Eadem</span> <span class='ocrx_word' id='word_1_435' title='bbox 846 4279 967 4330; x_wconf 81' lang='lat' dir='ltr'>scribendi</span> <span class='ocrx_word' id='word_1_436' title='bbox 980 4279 1041 4328; x_wconf 88' lang='lat' dir='ltr'>ratio</span> <span class='ocrx_word' id='word_1_437' title='bbox 1052 4272 1115 4325; x_wconf 85' lang='lat' dir='ltr'>baud</span> <span class='ocrx_word' id='word_1_438' title='bbox 1128 4285 1185 4321; x_wconf 77' lang='lat' dir='ltr'>raro</span> <span class='ocrx_word' id='word_1_439' title='bbox 1198 4275 1223 4324; x_wconf 92' lang='lat' dir='ltr'>in</span> <span class='ocrx_word' id='word_1_440' title='bbox 1233 4272 1309 4324; x_wconf 82' lang='lat' dir='ltr'>Codd.</span> 
     </span>
    </p>
   </div>
   <div class='ocr_carea' id='block_1_10' title="bbox 137 4336 1311 4479">
    <p class='ocr_par' dir='ltr' id='par_1_10' title="bbox 137 4336 1311 4479">
     <span class='ocr_line' id='line_1_45' title="bbox 186 4336 1311 4419; baseline -0.016 -15"><span class='ocrx_word' id='word_1_441' title='bbox 186 4356 214 4419; x_wconf 78' lang='lat' dir='ltr'>i)</span> <span class='ocrx_word' id='word_1_442' title='bbox 233 4355 369 4404; x_wconf 83' lang='lat' dir='ltr'>Teneamus</span> <span class='ocrx_word' id='word_1_443' title='bbox 394 4367 477 4416; x_wconf 84' lang='lat' dir='ltr'>pacem</span> <span class='ocrx_word' id='word_1_444' title='bbox 507 4367 583 4417; x_wconf 86' lang='lat' dir='ltr'>aequo</span> <span class='ocrx_word' id='word_1_445' title='bbox 611 4351 710 4410; x_wconf 88' lang='lat' dir='ltr'>llrmam,</span> <span class='ocrx_word' id='word_1_446' title='bbox 745 4349 904 4398; x_wconf 85' lang='lat' dir='ltr'>Laurentiano</span> <span class='ocrx_word' id='word_1_447' title='bbox 916 4355 939 4396; x_wconf 83' lang='lat' dir='ltr'>et</span> <span class='ocrx_word' id='word_1_448' title='bbox 950 4338 1112 4396; x_wconf 81' lang='lat' dir='ltr'>Casonateml,</span> <span class='ocrx_word' id='word_1_449' title='bbox 1124 4336 1165 4416; x_wconf 71' lang='lat' dir='ltr'>qui</span> <span class='ocrx_word' id='word_1_450' title='bbox 1176 4340 1311 4394; x_wconf 75' lang='lat' dir='ltr'>breviorem</span> 
     </span>
     <span class='ocr_line' id='line_1_46' title="bbox 137 4400 1231 4479; baseline -0.01 -8"><span class='ocrx_word' id='word_1_451' title='bbox 137 4435 165 4471; x_wconf 84' lang='lat' dir='ltr'>ao</span> <span class='ocrx_word' id='word_1_452' title='bbox 184 4438 213 4474; x_wconf 82' lang='lat' dir='ltr'>ea</span> <span class='ocrx_word' id='word_1_453' title='bbox 233 4422 259 4472; x_wconf 90' lang='lat' dir='ltr'>in</span> <span class='ocrx_word' id='word_1_454' title='bbox 277 4435 359 4472; x_wconf 85' lang='lat' dir='ltr'>rernm</span> <span class='ocrx_word' id='word_1_455' title='bbox 377 4427 461 4471; x_wconf 84' lang='lat' dir='ltr'>oatnrs</span> <span class='ocrx_word' id='word_1_456' title='bbox 478 4427 579 4471; x_wconf 64' lang='lat' dir='ltr'>unctor.</span> <span class='ocrx_word' id='word_1_457' title='bbox 598 4417 625 4469; x_wconf 91' lang='lat' dir='ltr'>ll.</span> <span class='ocrx_word' id='word_1_458' title='bbox 744 4415 806 4479; x_wconf 82' lang='lat' dir='ltr'>Epp.</span> <span class='ocrx_word' id='word_1_459' title='bbox 824 4414 907 4477; x_wconf 79' lang='lat' dir='ltr'>ignatii</span> <span class='ocrx_word' id='word_1_460' title='bbox 925 4411 1089 4464; x_wconf 82' lang='lat' dir='ltr'>recensionem</span> <span class='ocrx_word' id='word_1_461' title='bbox 1108 4400 1231 4464; x_wconf 72' lang='lat' dir='ltr'>oxbtbsnt.</span> 
     </span>
    </p>
   </div>
   <div class='ocr_carea' id='block_1_11' title="bbox 1068 4483 1304 4604">
    <p class='ocr_par' dir='ltr' id='par_1_11' title="bbox 1068 4483 1304 4604">
     <span class='ocr_line' id='line_1_47' title="bbox 1068 4483 1304 4604; baseline -0.008 1"><span class='ocrx_word' id='word_1_462' title='bbox 1068 4483 1304 4604; x_wconf 50' lang='lat'>⁹-</span> 
     </span>
    </p>
   </div>
   <div class='ocr_carea' id='block_1_12' title="bbox 0 0 1454 4882">
    <p class='ocr_par' dir='ltr' id='par_1_12' title="bbox 0 0 1454 4882">
     <span class='ocr_line' id='line_1_48' title="bbox 0 0 1454 4882; baseline 0 0"><span class='ocrx_word' id='word_1_463' title='bbox 0 0 1454 4882; x_wconf 95' lang='lat' dir='ltr'> </span> 
     </span>
    </p>
   </div>
  </div>
 </body>
</html>
