2886 4882
130 215 193 281 538
325 218 464 281 ultum
482 218 622 285 instuli.
657 218 754 278 Llllllll
777 218 819 276 lll.
864 217 1000 279 Slfllbl'l‘.
1017 215 1131 291 ΜΛ)

131 387 207 463 qrrod
227 386 426 446 sedideandum
448 389 517 456 erit,
539 395 568 445 et
587 386 698 443 lorsitan
720 384 777 443 vult
798 384 924 444 dominus
950 387 1003 443 box
1032 385 1140 460 lepidos
1171 389 1266 463 aptari
1296 388 1322 445 in

131 487 164 530 ea
184 478 331 539 cunctere,
352 473 415 546 quia
437 471 515 528 valde
535 469 642 528 candidi
664 461 757 525 sunt‘⁹
802 469 919 526 Vocatus
947 473 1012 526 sunt
1032 464 1160 528 deinde¹⁰
1183 471 1319 530 mulieres

131 554 352 629 speciosissimae
374 555 528 623 duodecim,
542 555 620 626 nigra
634 560 709 609 veste
722 554 843 620 vestitae,
860 553 1001 621 incinctae,
1017 561 1045 611 et
1061 555 1165 610 exertis
1179 554 1316 624 berneris,

131 636 292 712 capillisque
314 638 419 694 solutis.
462 637 629 695 Videbantur
649 643 738 692 autem
760 636 828 692 mibi
852 634 902 693 bre
925 636 1054 694 mulieres
1081 645 1211 710 agrestes
1241 655 1313 697 esre.

131 719 164 777 lit
184 721 265 777 iussit
285 737 331 777 eas
353 730 447 795 pastor
474 721 519 778 ille
548 719 645 776 tollere
676 718 779 792 lapides
808 713 904 787 illos‚¹¹
925 721 972 793 qui
999 720 1034 777 de
1059 727 1202 777 structura
1230 721 1311 779 eiecti

131 811 217 872 erent,
239 810 268 859 et
289 819 337 860 eos
359 803 457 861 relerri
479 805 504 861 in
526 810 642 869 moums,
662 801 734 857 unde
756 800 838 857 ablati
862 801 977 859 luerent.
1020 802 1052 859 ut
1072 802 1133 859 illue
1154 804 1311 876 pendentes

131 885 302 943 mstuleront
322 903 427 954 omncs,
448 896 475 945 et
495 892 704 961 reportaverunt
725 900 783 954 eos,
797 884 870 941 unde
884 886 996 942 extracti
1009 885 1125 942 inerant.
1159 885 1310 960 Postquam

131 977 221 1026 autem
247 969 337 1026 nullus
359 969 428 1043 lepis
450 971 523 1026 cirea
550 968 644 1025 turrim
673 968 789 1031 iaceret,
823 967 861 1023 eit
887 968 968 1024 mibi:
999 968 1211 1037 ,circumeamus
1240 971 1309 1026 bane

132 1053 237 1120 turrim,
252 1060 279 1109 et
293 1053 439 1121 videamus,
455 1051 577 1126 nunquid
589 1041 716 1124 aliquid¹¹
731 1049 802 1106 desit
821 1047 878 1107 illi‘
913 1051 1058 1125 coepimus
1073 1067 1140 1124 ergo
1158 1053 1308 1110 circumire

131 1151 200 1193 eam.
242 1134 276 1190 lit
295 1140 325 1191 et
345 1134 411 1192 vidit
430 1127 513 1192 eane¹⁸
535 1135 666 1191 decenter
685 1131 868 1200 ecdilrcxtxm,
892 1135 983 1209 coepit
1009 1134 1086 1191 valde
1108 1133 1205 1191 bilan's
1228 1151 1308 1203 esse,

131 1218 167 1275 ite
190 1217 260 1273 enim
283 1217 414 1274 decenter
435 1217 576 1274 aedificata
599 1215 700 1282 luerat,
721 1223 764 1282 et,
787 1216 833 1288 qui
856 1217 983 1286 vidisset,
1005 1217 1218 1292 concupisceret
1237 1227 1308 1275 stre·

131 1306 235 1359 eturam
256 1299 330 1369 cinx3
354 1302 483 1374 queniam
506 1301 582 1375 quasi
604 1299 637 1357 de
659 1313 715 1354 uno
736 1297 826 1371 lapide
847 1299 989 1357 videbator
1010 1317 1086 1368 esse,
1115 1316 1170 1357 nee
1191 1316 1307 1376 usqu

131 1383 311 1440 commissura
331 1384 495 1459 apparebat,
517 1384 567 1441 sed
589 1399 621 1440 ex
642 1389 720 1456 petre
741 1397 794 1438 una
815 1381 957 1440 ridebatur
977 1383 1125 1458 exsettlpts.

210 1562 252 1639 (a)
280 1567 311 1624 Χ.
354 1566 410 1642 ligo
446 1578 535 1626 autem
570 1569 726 1627 huiusmodi
759 1570 855 1627 turrim
887 1575 987 1626 attente
1017 1565 1202 1625 considerans
1232 1567 1308 1626 valde

130 1642 270 1709 ueneat}
308 1650 342 1708 lit
362 1652 398 1708 ait
419 1653 493 1709 milri:
511 1652 590 1722 ,aller
612 1653 712 1710 calcem
736 1662 761 1709 et
784 1660 867 1710 testas
884 1643 1024 1720 minutas,¹
1042 1656 1072 1706 ut
1089 1649 1193 1707 formas
1211 1666 1306 1708 eorem

131 1731 264 1807 lepidum,
287 1735 335 1808 qul
357 1732 456 1791 sublati
484 1745 548 1792 suut
569 1736 602 1793 de
624 1742 761 1792 structura
783 1737 929 1792 etiterum
957 1725 1093 1808 repositi,⁸
1114 1732 1307 1808 expleamus

131 1816 218 1883 enlm,
251 1831 321 1887 quae
344 1816 418 1872 eirea
440 1819 534 1874 turrim
557 1825 634 1886 suut,
666 1819 756 1876 omnia
784 1819 896 1892 aequari
930 1813 1048 1875 debent‘
1090 1804 1124 1872 Et
1151 1814 1206 1873 leci
1237 1817 1306 1873 sieut

130 1897 211 1953 iussit
230 1889 319 1964 mibi,⁴
338 1906 365 1953 ¹ot
387 1897 462 1953 attuli
478 1900 510 1956 ad
527 1914 597 1956 eum.
641 1900 673 1956 Et
693 1901 730 1957 ait
750 1901 832 1958 mibi:
855 1909 975 1976 ,praesto
998 1890 1085 1957 adsis⁶
1105 1896 1190 1968 milti,
1208 1900 1305 1956 etrite

131 1977 185 2034 boe
208 1992 277 2052 opus
299 1972 489 2051 perficietur.‘⁶
521 1982 672 2056 Complosit
693 1998 759 2057 ergo
783 1983 883 2042 leemas
906 1982 1012 2042 illorum
1027 1974 1169 2056 lapidum,'
1183 1986 1214 2038 et
1228 1981 1307 2039 iussit

130 2058 220 2118 locum
242 2060 365 2117 mundari
388 2062 460 2119 circa
482 2066 586 2122 turrim.
622 2065 698 2122 'lunc
718 2065 837 2141 virgines
860 2067 920 2124 illae
939 2062 1181 2142 apprehenderunt
1196 2078 1305 2140 scopas,

131 2150 159 2200 et
179 2142 374 2202 mundaverunt
396 2153 489 2216 totum,
512 2156 540 2206 et
560 2147 730 2206 sustulerunt
751 2143 945 2218 excremente,⁸
966 2157 994 2205 et
1016 2152 1177 2223 sparserunt
1192 2156 1305 2221 aqueum

131 2243 185 2303 quo
209 2228 345 2303 completo
367 2228 454 2287 lectus
477 2238 519 2288 est
540 2230 617 2288 locus
641 2225 828 2299 delectabilis,⁰
851 2241 879 2287 et
901 2233 984 2291 turris
1003 2232 1113 2289 deeora.
1149 2231 1192 2285 tit
1205 2228 1304 2286 deinde

131 2309 211 2368 mibi:
239 2312 339 2378 ,emnia
361 2315 548 2372 commendate
571 2318 650 2384 sunt,
678 2316 702 2372 si
729 2317 833 2373 venerit
864 2315 993 2372 Dominus
1023 2313 1093 2370 banc
1119 2313 1220 2369 turrim
1242 2330 1304 2370 eon·

131 2406 285 2462 summare,
306 2392 374 2451 nibil
396 2395 528 2467 inveniet,
550 2398 625 2474 quod
648 2394 681 2455 de
703 2398 782 2455 nobis
805 2394 954 2471 queratur.‘
998 2395 1071 2452 llaec
1094 2399 1156 2452 cum
1179 2394 1302 2463 dixisset,

130 2475 238 2533 solebat
257 2470 364 2534 abire.¹⁰
406 2473 459 2535 11ιι
481 2497 531 2555 ego
554 2481 723 2556 apprehendi
746 2497 839 2556 peram
860 2481 936 2549 eius,
960 2489 987 2536 et
1008 2479 1087 2552 coepi
1110 2482 1209 2552 rog'are
1244 2495 1303 2535 eum

131 2574 182 2637 per
204 2556 361 2628 Dominum,
392 2560 508 2618 etmihi
532 2565 634 2632 omnia,
665 2580 735 2637 quae
757 2563 929 2632 ostenderat,
958 2562 1113 2636 explicaret.
1155 2561 1203 2617 ntt’
1225 2560 1304 2617 milii:

132 2640 229 2711 ,babeo
251 2640 385 2699 medicem
408 2645 630 2720 occupationem,
653 2646 790 2703 alumnia
812 2642 861 2704 tibi
883 2644 1041 2720 explieeb03
1063 2650 1192 2718 exspecta
1215 2650 1304 2701 eumin

130 2734 174 2780 me
196 2715 299 2793 heic,¹'
319 2724 384 2781 dom
406 2725 504 2782 venio!
547 2728 611 2785 llice
634 2729 672 2785 eie
701 2726 835 2796 domine,
865 2729 931 2803 quid
960 2717 1044 2785 beie¹⁸
1073 2725 1147 2783 solus
1176 2721 1305 2783 iaciiml‘

131 2797 296 2880 Respondit:
320 2822 385 2875 ,non
408 2824 437 2863 es
461 2809 551 2878 solus,
573 2820 670 2867 omnes
693 2811 764 2867 enim
792 2811 909 2887 virgines
933 2818 1021 2868 tecum
1049 2803 1130 2865 sunt‘
1173 2808 1207 2865 ut
1235 2809 1304 2866 dixi:

131 2887 215 2956 ,trade
243 2904 303 2955 me,
343 2888 467 2959 dotnine,
501 2908 568 2967 ergo
599 2890 658 2950 eis‘
699 2886 754 2949 tt¹⁴
783 2893 829 2950 ille
857 2895 963 2951 vocavit
991 2892 1065 2960 illas,
1094 2894 1122 2947 et
1151 2884 1219 2948 dixit
1248 2892 1305 2948 eis:

130 2969 301 3039 ,commendo
322 2972 396 3029 vobis
424 2972 512 3044 liene,
544 2973 633 3032 donec
657 2975 756 3033 venio!
797 2975 923 3033 Remausi
951 2975 1034 3050 igitur
1061 2984 1122 3030 cu'm
1150 2973 1305 3048 virginibus

132 3042 193 3110 illis.
247 3053 308 3110 lllae
340 3062 428 3112 autem
463 3057 563 3115 hilares
594 3065 672 3115 erant
711 3067 738 3115 et
769 3054 890 3116 'affabiles
922 3058 1003 3128 mibi,
1037 3056 1186 3133 praecipuo
1213 3063 1305 3116 lemen

131 3142 273 3208 quattuor,
296 3150 364 3208 quae
387 3143 507 3194 caeteras
529 3139 732 3214 praecedebant
753 3142 891 3216 dignitate.
1221 3165 1225 3171 “

217 3281 261 3355 (Δ)
284 3285 323 3342 lll.
365 3285 549 3368 llicuntmibi
572 3289 670 3348 deinde
691 3291 810 3366 virgines
833 3290 908 3348 illae:
937 3290 1027 3361 ,bodie
1056 3295 1150 3364 paster
1174 3289 1222 3347 ille
1250 3290 1307 3347 bue

131 3372 261 3426 venturus
283 3384 338 3426 non
360 3367 421 3428 est‘
462 3371 496 3430 ut
518 3378 569 3447 ego
593 3362 661 3430 dixi:
688 3364 764 3450 ,quid
791 3380 858 3448 er'go
891 3367 955 3448 εςοι
976 3367 1102 3430 laciaml‘
1145 3362 1178 3429 bt
1209 3370 1308 3430 dicunt

132 3541 337 3550 -.-.-.-.--.-.ι

183 3646 210 3711 9)
229 3648 291 3710 qued
315 3648 467 3707 edificandum
484 3654 534 3698 eret
551 3646 583 3710 (c.
603 3649 698 3711 punctis
733 3650 808 3698 lerunt
825 3663 909 3706 emeres,
928 3652 950 3696 et
968 3652 1139 3710 reportaverunt
1157 3661 1214 3706 eos,
1244 3650 1306 3697 esde

130 3713 276 3779 suppositis)
292 3715 335 3762 erit
351 3717 456 3776 ferriteri
473 3718 521 3766 solt
534 3717 698 3766 deutereseos
733 3717 833 3765 estreeti
849 3718 950 3776 sument.

130 3783 222 3846 lepidos
240 3783 318 3845 opteri
343 3783 367 3830 ie
391 3797 418 3831 es
437 3789 554 3833 structure
571 3799 615 3848 que
631 3785 700 3833 eelde
787 3780 828 3843 12)
846 3796 874 3829 oe
892 3782 948 3845 quid
966 3797 990 3843 p.
1009 3781 1120 3844 euntpreid
1138 3781 1232 3844 uliquid
1244 3781 1306 3839 vet,

131 3850 286 3900 condiderat
306 3849 356 3897 let
733 3848 820 3898 ibidem
837 3862 889 3911 seq.
906 3849 943 3896 illi
961 3851 1095 3897 correctum
1113 3853 1150 3896 est
1167 3861 1196 3896 ex
1213 3849 1264 3898 ille.

184 3914 225 3979 10)
247 3916 327 3965 Vocete
345 3916 427 3963 deiude
446 3923 499 3965 sset
517 3917 580 3975 Vnt,
611 3917 651 3965 ubl
675 3917 698 3966 in
786 3914 827 3977 13)
845 3914 893 3962 Vox
915 3929 967 3963 een
992 3914 1116 3964 emendate
1140 3917 1178 3963 est
1202 3915 1227 3963 in
1245 3916 1305 3975 Vnt,

132 3988 237 4033 mustus
254 3981 371 4032 sententia
387 3983 482 4043 cupillis
499 3997 547 4031 seu
564 3984 699 4033 dissolutis.
733 3982 821 4031 ibidem
833 3981 1034 4032 ordinetureelde
1052 3981 1143 4043 opterit
1162 3995 1213 4030 esre
1231 3984 1303 4046 repit,

132 4050 222 4101 ilerum
240 4050 366 4099 mulierum
383 4047 479 4096 eonion
496 4056 566 4099 sunt:
589 4049 699 4113 pertidia,
733 4049 835 4114 posthac
852 4064 893 4098 ece
918 4050 1005 4100 albeli
1023 4051 1176 4098 concomitare
1190 4051 1305 4111 peretot·

131 4116 324 4179 intemperantis,
346 4112 516 4175 incredulitas,
539 4115 650 4179 voluptas
674 4116 698 4165 ln
734 4117 890 4180 sedecpetrc
907 4116 953 4166 ille
965 4117 1087 4165 oidebetter
1101 4117 1235 4180 esreelpte.
1255 4117 1305 4166 l.o-

132 4198 153 4233 n
173 4184 212 4232 lb.
236 4181 286 4232 Cir.
304 4199 325 4232 e.
346 4183 376 4232 ¹3
389 4188 413 4231 et
428 4180 466 4230 ts.
733 4199 775 4234 ees
793 4184 880 4233 citatur
892 4183 921 4232 ab
936 4183 1000 4245 Orig.
1012 4183 1037 4231 ie
1048 4181 1181 4233 Commout.
1195 4183 1226 4232 ad
1241 4183 1305 4233 Osee

184 4247 226 4309 11)
245 4250 352 4299 tollerare
383 4249 476 4313 lapides
500 4263 541 4298 ees
567 4248 631 4308 let,
657 4248 698 4298 ubi
733 4250 798 4302 Τ.11.
816 4263 840 4315 p.
859 4251 1061 4301 tabellione.

132 4315 259 4364 desvoce.
276 4322 298 4364 et
316 4333 356 4367 ees
373 4317 457 4379 reterri
475 4317 500 4364 in
518 4319 618 4375 memet,
636 4317 698 4364 uude
783 4316 841 4382 Cape
858 4319 886 4368 ll.
922 4317 947 4379 1)
965 4317 1011 4379 Epo
1027 4317 1230 4366 setensteten&
1247 4330 1305 4368 eeuo

131 4379 206 4432 ettae
224 4381 326 4439 [went.
360 4384 388 4433 Et
404 4383 462 4433 illue
473 4384 603 4448 pendentes
617 4387 698 4433 sotte-
732 4385 840 4434 sidereus
856 4386 912 4435 bene
928 4384 995 4434 oens
1012 4384 1072 4433 letes
1089 4396 1160 4432 ererrx
