<?xml version="1.0" encoding="UTF-8"?>
<!DOCTYPE html PUBLIC "-//W3C//DTD XHTML 1.0 Transitional//EN"
    "http://www.w3.org/TR/xhtml1/DTD/xhtml1-transitional.dtd">
<html xmlns="http://www.w3.org/1999/xhtml" xml:lang="en" lang="en">
 <head>
  <title>
</title>
<meta http-equiv="Content-Type" content="text/html;charset=utf-8" />
  <meta name='ocr-system' content='tesseract 3.04.00' />
  <meta name='ocr-capabilities' content='ocr_page ocr_carea ocr_par ocr_line ocrx_word'/>
</head>
<body>
  <div class='ocr_page' id='page_1' title='image "./patrumapostolic00polygoog/patrumapostolic00polygoog_0092.png"; bbox 0 0 2886 4882; ppageno 0'>
   <div class='ocr_carea' id='block_1_1' title="bbox 480 235 1310 302">
    <p class='ocr_par' dir='ltr' id='par_1_1' title="bbox 480 235 1310 302">
     <span class='ocr_line' id='line_1_1' title="bbox 480 235 1310 302; baseline 0.012 -10"><span class='ocrx_word' id='word_1_1' title='bbox 480 235 651 295; x_wconf 73' lang='lat' dir='ltr'>utmttuttt</span> <span class='ocrx_word' id='word_1_2' title='bbox 675 236 845 295; x_wconf 73' lang='lat' dir='ltr'>triscolo.</span> <span class='ocrx_word' id='word_1_3' title='bbox 874 238 906 296; x_wconf 83' lang='lat' dir='ltr'>X.</span> <span class='ocrx_word' id='word_1_4' title='bbox 928 238 970 295; x_wconf 91' lang='lat' dir='ltr'>lll.</span> <span class='ocrx_word' id='word_1_5' title='bbox 1270 240 1310 302; x_wconf 80' lang='lat'>25</span> 
     </span>
    </p>
   </div>
   <div class='ocr_carea' id='block_1_2' title="bbox 86 404 1314 2146">
    <p class='ocr_par' dir='ltr' id='par_1_2' title="bbox 86 404 1314 2146">
     <span class='ocr_line' id='line_1_2' title="bbox 138 404 1312 484; baseline 0.004 -21"><span class='ocrx_word' id='word_1_6' title='bbox 138 404 298 463; x_wconf 69' lang='lat' dir='ltr'>adhaerebis</span> <span class='ocrx_word' id='word_1_7' title='bbox 320 404 437 478; x_wconf 88' lang='lat' dir='ltr'>impuris</span> <span class='ocrx_word' id='word_1_8' title='bbox 461 404 520 461; x_wconf 88' lang='lat' dir='ltr'>istis</span> <span class='ocrx_word' id='word_1_9' title='bbox 540 404 665 476; x_wconf 82' lang='lat' dir='ltr'>leminis,</span> <span class='ocrx_word' id='word_1_10' title='bbox 688 423 757 479; x_wconf 84' lang='lat' dir='ltr'>quae</span> <span class='ocrx_word' id='word_1_11' title='bbox 781 405 919 462; x_wconf 77' lang='lat' dir='ltr'>infandum</span> <span class='ocrx_word' id='word_1_12' title='bbox 942 405 1045 462; x_wconf 85' lang='lat' dir='ltr'>lacinus</span> <span class='ocrx_word' id='word_1_13' title='bbox 1074 423 1122 464; x_wconf 90' lang='lat' dir='ltr'>ore</span> <span class='ocrx_word' id='word_1_14' title='bbox 1145 418 1312 484; x_wconf 78' lang='lat' dir='ltr'>perpetrant.</span> 
     </span>
     <span class='ocr_line' id='line_1_3' title="bbox 137 488 1312 564; baseline 0.004 -18"><span class='ocrx_word' id='word_1_15' title='bbox 137 489 237 546; x_wconf 76' lang='lat' dir='ltr'>animat</span> <span class='ocrx_word' id='word_1_16' title='bbox 260 489 338 544; x_wconf 88' lang='lat' dir='ltr'>enirn</span> <span class='ocrx_word' id='word_1_17' title='bbox 361 488 427 544; x_wconf 91' lang='lat' dir='ltr'>illud</span> <span class='ocrx_word' id='word_1_18' title='bbox 449 505 497 544; x_wconf 91' lang='lat' dir='ltr'>ore</span> <span class='ocrx_word' id='word_1_19' title='bbox 520 488 646 562; x_wconf 76' lang='lat' dir='ltr'>concipit.</span> <span class='ocrx_word' id='word_1_20' title='bbox 687 488 778 546; x_wconf 85' lang='lat' dir='ltr'>lloses</span> <span class='ocrx_word' id='word_1_21' title='bbox 800 488 882 561; x_wconf 91' lang='lat' dir='ltr'>igitur</span> <span class='ocrx_word' id='word_1_22' title='bbox 908 489 941 545; x_wconf 92' lang='lat' dir='ltr'>de</span> <span class='ocrx_word' id='word_1_23' title='bbox 964 490 1035 544; x_wconf 89' lang='lat' dir='ltr'>escis</span> <span class='ocrx_word' id='word_1_24' title='bbox 1055 490 1171 564; x_wconf 89' lang='lat' dir='ltr'>loquens</span> <span class='ocrx_word' id='word_1_25' title='bbox 1194 493 1245 549; x_wconf 91' lang='lat' dir='ltr'>tria</span> <span class='ocrx_word' id='word_1_26' title='bbox 1267 495 1312 551; x_wconf 90' lang='lat' dir='ltr'>de·</span> 
     </span>
     <span class='ocr_line' id='line_1_4' title="bbox 138 570 1311 651; baseline 0.005 -22"><span class='ocrx_word' id='word_1_27' title='bbox 138 583 204 629; x_wconf 73' lang='lat' dir='ltr'>creta</span> <span class='ocrx_word' id='word_1_28' title='bbox 237 571 355 628; x_wconf 88' lang='lat' dir='ltr'>locutus</span> <span class='ocrx_word' id='word_1_29' title='bbox 377 579 420 628; x_wconf 91' lang='lat' dir='ltr'>est</span> <span class='ocrx_word' id='word_1_30' title='bbox 441 573 468 627; x_wconf 91' lang='lat' dir='ltr'>io</span> <span class='ocrx_word' id='word_1_31' title='bbox 489 573 600 645; x_wconf 71' lang='lat' dir='ltr'>spiritu,</span> <span class='ocrx_word' id='word_1_32' title='bbox 632 572 669 627; x_wconf 92' lang='lat' dir='ltr'>illi</span> <span class='ocrx_word' id='word_1_33' title='bbox 698 588 777 640; x_wconf 85' lang='lat' dir='ltr'>vero,</span> <span class='ocrx_word' id='word_1_34' title='bbox 807 571 877 627; x_wconf 88' lang='lat' dir='ltr'>iuxta</span> <span class='ocrx_word' id='word_1_35' title='bbox 905 570 995 626; x_wconf 85' lang='lat' dir='ltr'>curnis</span> <span class='ocrx_word' id='word_1_36' title='bbox 1016 575 1206 646; x_wconf 78' lang='lat' dir='ltr'>cupiditatem,</span> <span class='ocrx_word' id='word_1_37' title='bbox 1235 579 1311 651; x_wconf 83' lang='lat' dir='ltr'>quasi</span> 
     </span>
     <span class='ocr_line' id='line_1_5' title="bbox 137 654 1312 729; baseline 0.003 -16"><span class='ocrx_word' id='word_1_38' title='bbox 137 660 165 713; x_wconf 81' lang='lat' dir='ltr'>de</span> <span class='ocrx_word' id='word_1_39' title='bbox 184 657 263 714; x_wconf 84' lang='lat' dir='ltr'>escis</span> <span class='ocrx_word' id='word_1_40' title='bbox 287 654 450 728; x_wconf 88' lang='lat' dir='ltr'>simpliciter</span> <span class='ocrx_word' id='word_1_41' title='bbox 472 655 582 727; x_wconf 78' lang='lat' dir='ltr'>egisset,</span> <span class='ocrx_word' id='word_1_42' title='bbox 603 664 775 729; x_wconf 88' lang='lat' dir='ltr'>acceperunt</span> <span class='ocrx_word' id='word_1_43' title='bbox 817 655 898 710; x_wconf 84' lang='lat' dir='ltr'>David</span> <span class='ocrx_word' id='word_1_44' title='bbox 927 670 992 709; x_wconf 84' lang='lat' dir='ltr'>vero</span> <span class='ocrx_word' id='word_1_45' title='bbox 1020 655 1116 712; x_wconf 89' lang='lat' dir='ltr'>homm</span> <span class='ocrx_word' id='word_1_46' title='bbox 1137 660 1218 715; x_wconf 89' lang='lat' dir='ltr'>trium</span> <span class='ocrx_word' id='word_1_47' title='bbox 1240 678 1312 717; x_wconf 88' lang='lat' dir='ltr'>man·</span> 
     </span>
     <span class='ocr_line' id='line_1_6' title="bbox 137 737 1311 813; baseline 0.003 -16"><span class='ocrx_word' id='word_1_48' title='bbox 137 742 260 797; x_wconf 82' lang='lat' dir='ltr'>datorum</span> <span class='ocrx_word' id='word_1_49' title='bbox 284 755 400 795; x_wconf 85' lang='lat' dir='ltr'>sensum</span> <span class='ocrx_word' id='word_1_50' title='bbox 422 737 590 812; x_wconf 83' lang='lat' dir='ltr'>spiritualem</span> <span class='ocrx_word' id='word_1_51' title='bbox 612 739 833 812; x_wconf 86' lang='lat' dir='ltr'>comprehendit,</span> <span class='ocrx_word' id='word_1_52' title='bbox 863 745 891 795; x_wconf 86' lang='lat' dir='ltr'>et</span> <span class='ocrx_word' id='word_1_53' title='bbox 912 738 949 793; x_wconf 91' lang='lat' dir='ltr'>ait</span> <span class='ocrx_word' id='word_1_54' title='bbox 971 738 1108 794; x_wconf 88' lang='lat' dir='ltr'>similiter:</span> <span class='ocrx_word' id='word_1_55' title='bbox 1138 740 1242 808; x_wconf 87' lang='lat' dir='ltr'>,heatus</span> <span class='ocrx_word' id='word_1_56' title='bbox 1263 746 1311 813; x_wconf 82' lang='lat' dir='ltr'>vir,</span> 
     </span>
     <span class='ocr_line' id='line_1_7' title="bbox 136 820 1312 896; baseline 0.003 -17"><span class='ocrx_word' id='word_1_57' title='bbox 136 828 256 896; x_wconf 77' lang='lat' dir='ltr'>quinon</span> <span class='ocrx_word' id='word_1_58' title='bbox 282 821 352 877; x_wconf 84' lang='lat' dir='ltr'>abiit</span> <span class='ocrx_word' id='word_1_59' title='bbox 374 823 399 877; x_wconf 89' lang='lat' dir='ltr'>in</span> <span class='ocrx_word' id='word_1_60' title='bbox 423 821 538 878; x_wconf 90' lang='lat' dir='ltr'>concilio</span> <span class='ocrx_word' id='word_1_61' title='bbox 560 820 723 895; x_wconf 89' lang='lat' dir='ltr'>impiorum‚‘</span> <span class='ocrx_word' id='word_1_62' title='bbox 747 822 817 878; x_wconf 89' lang='lat' dir='ltr'>sicut</span> <span class='ocrx_word' id='word_1_63' title='bbox 839 823 857 878; x_wconf 91' lang='lat' dir='ltr'>ii</span> <span class='ocrx_word' id='word_1_64' title='bbox 871 822 962 896; x_wconf 82' lang='lat' dir='ltr'>pisces</span> <span class='ocrx_word' id='word_1_65' title='bbox 984 821 1122 878; x_wconf 85' lang='lat' dir='ltr'>ambulant</span> <span class='ocrx_word' id='word_1_66' title='bbox 1142 824 1169 878; x_wconf 93' lang='lat' dir='ltr'>in</span> <span class='ocrx_word' id='word_1_67' title='bbox 1193 826 1312 882; x_wconf 89' lang='lat' dir='ltr'>tenebris</span> 
     </span>
     <span class='ocr_line' id='line_1_8' title="bbox 136 902 1313 979; baseline 0.002 -17"><span class='ocrx_word' id='word_1_68' title='bbox 136 907 274 963; x_wconf 73' lang='lat' dir='ltr'>armaris</span> <span class='ocrx_word' id='word_1_69' title='bbox 299 905 452 978; x_wconf 82' lang='lat' dir='ltr'>proluud03</span> <span class='ocrx_word' id='word_1_70' title='bbox 474 912 512 973; x_wconf 91' lang='lat' dir='ltr'>,et</span> <span class='ocrx_word' id='word_1_71' title='bbox 532 906 559 961; x_wconf 91' lang='lat' dir='ltr'>in</span> <span class='ocrx_word' id='word_1_72' title='bbox 580 906 622 961; x_wconf 83' lang='lat' dir='ltr'>via</span> <span class='ocrx_word' id='word_1_73' title='bbox 637 913 810 978; x_wconf 88' lang='lat' dir='ltr'>peccatorum</span> <span class='ocrx_word' id='word_1_74' title='bbox 832 922 887 960; x_wconf 92' lang='lat' dir='ltr'>non</span> <span class='ocrx_word' id='word_1_75' title='bbox 910 902 1002 973; x_wconf 72' lang='lat' dir='ltr'>stetit‘</span> <span class='ocrx_word' id='word_1_76' title='bbox 1025 906 1095 961; x_wconf 90' lang='lat' dir='ltr'>sicut</span> <span class='ocrx_word' id='word_1_77' title='bbox 1121 907 1138 961; x_wconf 93' lang='lat' dir='ltr'>ii</span> <span class='ocrx_word' id='word_1_78' title='bbox 1161 908 1208 979; x_wconf 89' lang='lat' dir='ltr'>qui</span> <span class='ocrx_word' id='word_1_79' title='bbox 1223 908 1313 964; x_wconf 90' lang='lat' dir='ltr'>viden·</span> 
     </span>
     <span class='ocr_line' id='line_1_9' title="bbox 136 987 1314 1062; baseline 0.002 -17"><span class='ocrx_word' id='word_1_80' title='bbox 136 1002 174 1047; x_wconf 84' lang='lat' dir='ltr'>tar</span> <span class='ocrx_word' id='word_1_81' title='bbox 195 990 304 1045; x_wconf 86' lang='lat' dir='ltr'>timere</span> <span class='ocrx_word' id='word_1_82' title='bbox 327 987 484 1055; x_wconf 87' lang='lat' dir='ltr'>Dominum,</span> <span class='ocrx_word' id='word_1_83' title='bbox 512 996 540 1044; x_wconf 87' lang='lat' dir='ltr'>et</span> <span class='ocrx_word' id='word_1_84' title='bbox 566 987 646 1044; x_wconf 83' lang='lat' dir='ltr'>veluti</span> <span class='ocrx_word' id='word_1_85' title='bbox 675 1005 721 1044; x_wconf 89' lang='lat' dir='ltr'>sus</span> <span class='ocrx_word' id='word_1_86' title='bbox 743 996 872 1062; x_wconf 85' lang='lat' dir='ltr'>peccant;</span> <span class='ocrx_word' id='word_1_87' title='bbox 900 997 937 1056; x_wconf 90' lang='lat' dir='ltr'>,et</span> <span class='ocrx_word' id='word_1_88' title='bbox 964 987 992 1043; x_wconf 94' lang='lat' dir='ltr'>iu</span> <span class='ocrx_word' id='word_1_89' title='bbox 1022 988 1149 1046; x_wconf 85' lang='lat' dir='ltr'>cathedra</span> <span class='ocrx_word' id='word_1_90' title='bbox 1170 990 1314 1048; x_wconf 90' lang='lat' dir='ltr'>irrisorum</span> 
     </span>
     <span class='ocr_line' id='line_1_10' title="bbox 134 1068 1313 1145; baseline 0.002 -17"><span class='ocrx_word' id='word_1_91' title='bbox 134 1093 182 1128; x_wconf 88' lang='lat' dir='ltr'>uun</span> <span class='ocrx_word' id='word_1_92' title='bbox 205 1068 306 1138; x_wconf 55' lang='grc' dir='ltr'>οοοίῑ,ί</span> <span class='ocrx_word' id='word_1_93' title='bbox 329 1071 555 1144; x_wconf 83' lang='lat' dir='ltr'>quemadmodum</span> <span class='ocrx_word' id='word_1_94' title='bbox 580 1089 642 1128; x_wconf 88' lang='lat' dir='ltr'>avos</span> <span class='ocrx_word' id='word_1_95' title='bbox 664 1089 733 1145; x_wconf 85' lang='lat' dir='ltr'>quae</span> <span class='ocrx_word' id='word_1_96' title='bbox 749 1072 783 1129; x_wconf 87' lang='lat' dir='ltr'>ad</span> <span class='ocrx_word' id='word_1_97' title='bbox 804 1073 925 1144; x_wconf 84' lang='lat' dir='ltr'>rapinam</span> <span class='ocrx_word' id='word_1_98' title='bbox 939 1071 1043 1127; x_wconf 88' lang='lat' dir='ltr'>sedent.</span> <span class='ocrx_word' id='word_1_99' title='bbox 1079 1072 1194 1128; x_wconf 83' lang='lat' dir='ltr'>Omnino</span> <span class='ocrx_word' id='word_1_100' title='bbox 1215 1091 1313 1130; x_wconf 88' lang='lat' dir='ltr'>sensus</span> 
     </span>
     <span class='ocr_line' id='line_1_11' title="bbox 133 1154 1313 1231; baseline 0.002 -19"><span class='ocrx_word' id='word_1_101' title='bbox 133 1155 289 1231; x_wconf 74' lang='lat' dir='ltr'>spiritualis</span> <span class='ocrx_word' id='word_1_102' title='bbox 318 1156 468 1229; x_wconf 76' lang='lat' dir='ltr'>cognitioni</span> <span class='ocrx_word' id='word_1_103' title='bbox 497 1155 657 1213; x_wconf 86' lang='lat' dir='ltr'>adtendatis.</span> <span class='ocrx_word' id='word_1_104' title='bbox 699 1158 731 1212; x_wconf 81' lang='lat' dir='ltr'>at</span> <span class='ocrx_word' id='word_1_105' title='bbox 759 1154 850 1212; x_wconf 88' lang='lat' dir='ltr'>lloses</span> <span class='ocrx_word' id='word_1_106' title='bbox 880 1171 963 1228; x_wconf 87' lang='lat' dir='ltr'>porro</span> <span class='ocrx_word' id='word_1_107' title='bbox 993 1155 1072 1211; x_wconf 83' lang='lat' dir='ltr'>dixit:</span> <span class='ocrx_word' id='word_1_108' title='bbox 1108 1156 1313 1224; x_wconf 82' lang='lat' dir='ltr'>,manducabitis</span> 
     </span>
     <span class='ocr_line' id='line_1_12' title="bbox 86 1235 1313 1314; baseline 0.002 -18"><span class='ocrx_word' id='word_1_109' title='bbox 86 1236 87 1245; x_wconf 71' lang='grc'>’</span> <span class='ocrx_word' id='word_1_110' title='bbox 133 1256 213 1296; x_wconf 84' lang='lat' dir='ltr'>omne</span> <span class='ocrx_word' id='word_1_111' title='bbox 241 1237 362 1295; x_wconf 84' lang='lat' dir='ltr'>bifidum</span> <span class='ocrx_word' id='word_1_112' title='bbox 391 1255 422 1293; x_wconf 89' lang='lat' dir='ltr'>ac</span> <span class='ocrx_word' id='word_1_113' title='bbox 447 1235 603 1295; x_wconf 84' lang='lat' dir='ltr'>ruminans.‘</span> <span class='ocrx_word' id='word_1_114' title='bbox 646 1237 714 1306; x_wconf 84' lang='lat' dir='ltr'>Quid</span> <span class='ocrx_word' id='word_1_115' title='bbox 735 1239 787 1295; x_wconf 81' lang='lat' dir='ltr'>ant</span> <span class='ocrx_word' id='word_1_116' title='bbox 818 1238 964 1295; x_wconf 82' lang='lat' dir='ltr'>Ruminans</span> <span class='ocrx_word' id='word_1_117' title='bbox 991 1247 1035 1294; x_wconf 90' lang='lat' dir='ltr'>est</span> <span class='ocrx_word' id='word_1_118' title='bbox 1056 1239 1094 1307; x_wconf 93' lang='lat' dir='ltr'>is,</span> <span class='ocrx_word' id='word_1_119' title='bbox 1127 1240 1173 1312; x_wconf 87' lang='lat' dir='ltr'>qui</span> <span class='ocrx_word' id='word_1_120' title='bbox 1202 1249 1313 1314; x_wconf 87' lang='lat' dir='ltr'>accepta</span> 
     </span>
     <span class='ocr_line' id='line_1_13' title="bbox 131 1315 1313 1397; baseline 0.003 -19"><span class='ocrx_word' id='word_1_121' title='bbox 131 1341 193 1378; x_wconf 79' lang='lat' dir='ltr'>esra</span> <span class='ocrx_word' id='word_1_122' title='bbox 217 1321 349 1378; x_wconf 87' lang='lat' dir='ltr'>meminit</span> <span class='ocrx_word' id='word_1_123' title='bbox 367 1322 518 1390; x_wconf 88' lang='lat' dir='ltr'>nutrientis,</span> <span class='ocrx_word' id='word_1_124' title='bbox 541 1329 569 1378; x_wconf 89' lang='lat' dir='ltr'>et</span> <span class='ocrx_word' id='word_1_125' title='bbox 588 1322 699 1378; x_wconf 85' lang='lat' dir='ltr'>satiatus</span> <span class='ocrx_word' id='word_1_126' title='bbox 722 1322 756 1378; x_wconf 91' lang='lat' dir='ltr'>de</span> <span class='ocrx_word' id='word_1_127' title='bbox 775 1338 808 1378; x_wconf 90' lang='lat' dir='ltr'>eo</span> <span class='ocrx_word' id='word_1_128' title='bbox 830 1315 985 1392; x_wconf 79' lang='lat' dir='ltr'>[nutritore]</span> <span class='ocrx_word' id='word_1_129' title='bbox 1007 1322 1121 1378; x_wconf 86' lang='lat' dir='ltr'>laetatus</span> <span class='ocrx_word' id='word_1_130' title='bbox 1137 1325 1313 1397; x_wconf 83' lang='lat' dir='ltr'>conspicitur.</span> 
     </span>
     <span class='ocr_line' id='line_1_14' title="bbox 130 1404 1313 1478; baseline 0.002 -16"><span class='ocrx_word' id='word_1_131' title='bbox 130 1407 215 1463; x_wconf 84' lang='lat' dir='ltr'>ltecte</span> <span class='ocrx_word' id='word_1_132' title='bbox 240 1405 313 1461; x_wconf 76' lang='lat' dir='ltr'>dtxtt</span> <span class='ocrx_word' id='word_1_133' title='bbox 326 1405 425 1472; x_wconf 74' lang='lat' dir='ltr'>doses,</span> <span class='ocrx_word' id='word_1_134' title='bbox 447 1406 597 1478; x_wconf 86' lang='lat' dir='ltr'>respiciens</span> <span class='ocrx_word' id='word_1_135' title='bbox 611 1405 644 1461; x_wconf 88' lang='lat' dir='ltr'>ad</span> <span class='ocrx_word' id='word_1_136' title='bbox 666 1405 829 1461; x_wconf 88' lang='lat' dir='ltr'>mandatum.</span> <span class='ocrx_word' id='word_1_137' title='bbox 865 1404 933 1473; x_wconf 80' lang='lat' dir='ltr'>Quid</span> <span class='ocrx_word' id='word_1_138' title='bbox 948 1422 1014 1478; x_wconf 87' lang='lat' dir='ltr'>ergo</span> <span class='ocrx_word' id='word_1_139' title='bbox 1031 1405 1083 1461; x_wconf 77' lang='lat' dir='ltr'>niti</span> <span class='ocrx_word' id='word_1_140' title='bbox 1104 1406 1313 1465; x_wconf 78' lang='lat' dir='ltr'>Adliaerendum</span> 
     </span>
     <span class='ocr_line' id='line_1_15' title="bbox 130 1488 1313 1563; baseline 0.003 -17"><span class='ocrx_word' id='word_1_141' title='bbox 130 1507 192 1546; x_wconf 83' lang='lat' dir='ltr'>esse</span> <span class='ocrx_word' id='word_1_142' title='bbox 215 1489 255 1545; x_wconf 80' lang='lat' dir='ltr'>ad</span> <span class='ocrx_word' id='word_1_143' title='bbox 279 1504 345 1555; x_wconf 91' lang='lat' dir='ltr'>eos,</span> <span class='ocrx_word' id='word_1_144' title='bbox 375 1490 421 1562; x_wconf 90' lang='lat' dir='ltr'>qui</span> <span class='ocrx_word' id='word_1_145' title='bbox 444 1489 539 1545; x_wconf 90' lang='lat' dir='ltr'>timent</span> <span class='ocrx_word' id='word_1_146' title='bbox 559 1489 717 1553; x_wconf 74' lang='lat' dir='ltr'>dominum,</span> <span class='ocrx_word' id='word_1_147' title='bbox 747 1488 793 1562; x_wconf 91' lang='lat' dir='ltr'>qui</span> <span class='ocrx_word' id='word_1_148' title='bbox 817 1490 843 1544; x_wconf 94' lang='lat' dir='ltr'>in</span> <span class='ocrx_word' id='word_1_149' title='bbox 865 1488 948 1545; x_wconf 88' lang='lat' dir='ltr'>corde</span> <span class='ocrx_word' id='word_1_150' title='bbox 970 1489 1146 1557; x_wconf 82' lang='lat' dir='ltr'>meditantur,</span> <span class='ocrx_word' id='word_1_151' title='bbox 1176 1492 1249 1563; x_wconf 83' lang='lat' dir='ltr'>quod</span> <span class='ocrx_word' id='word_1_152' title='bbox 1271 1509 1313 1550; x_wconf 86' lang='lat' dir='ltr'>ao·</span> 
     </span>
     <span class='ocr_line' id='line_1_16' title="bbox 130 1571 1313 1648; baseline 0.003 -19"><span class='ocrx_word' id='word_1_153' title='bbox 130 1580 273 1647; x_wconf 83' lang='lat' dir='ltr'>ceperunt</span> <span class='ocrx_word' id='word_1_154' title='bbox 304 1580 498 1646; x_wconf 86' lang='lat' dir='ltr'>praeceptum,</span> <span class='ocrx_word' id='word_1_155' title='bbox 530 1573 575 1645; x_wconf 81' lang='lat' dir='ltr'>qui</span> <span class='ocrx_word' id='word_1_156' title='bbox 604 1571 751 1645; x_wconf 87' lang='lat' dir='ltr'>loquuntur</span> <span class='ocrx_word' id='word_1_157' title='bbox 778 1589 809 1628; x_wconf 85' lang='lat' dir='ltr'>ae</span> <span class='ocrx_word' id='word_1_158' title='bbox 839 1580 948 1628; x_wconf 88' lang='lat' dir='ltr'>servant</span> <span class='ocrx_word' id='word_1_159' title='bbox 972 1572 1094 1628; x_wconf 83' lang='lat' dir='ltr'>mundata</span> <span class='ocrx_word' id='word_1_160' title='bbox 1116 1574 1236 1643; x_wconf 80' lang='lat' dir='ltr'>llomini,</span> <span class='ocrx_word' id='word_1_161' title='bbox 1267 1576 1313 1648; x_wconf 92' lang='lat' dir='ltr'>qui</span> 
     </span>
     <span class='ocr_line' id='line_1_17' title="bbox 129 1654 1312 1729; baseline 0.002 -16"><span class='ocrx_word' id='word_1_162' title='bbox 129 1659 233 1723; x_wconf 84' lang='lat' dir='ltr'>sciunt,</span> <span class='ocrx_word' id='word_1_163' title='bbox 260 1654 464 1712; x_wconf 84' lang='lat' dir='ltr'>meditationem</span> <span class='ocrx_word' id='word_1_164' title='bbox 486 1673 555 1729; x_wconf 91' lang='lat' dir='ltr'>opus</span> <span class='ocrx_word' id='word_1_165' title='bbox 577 1673 639 1713; x_wconf 91' lang='lat' dir='ltr'>esse</span> <span class='ocrx_word' id='word_1_166' title='bbox 660 1655 788 1723; x_wconf 85' lang='lat' dir='ltr'>laetitiae,</span> <span class='ocrx_word' id='word_1_167' title='bbox 817 1663 844 1711; x_wconf 90' lang='lat' dir='ltr'>et</span> <span class='ocrx_word' id='word_1_168' title='bbox 866 1655 971 1712; x_wconf 86' lang='lat' dir='ltr'>Domini</span> <span class='ocrx_word' id='word_1_169' title='bbox 994 1670 1146 1711; x_wconf 86' lang='lat' dir='ltr'>sermonem</span> <span class='ocrx_word' id='word_1_170' title='bbox 1169 1659 1312 1715; x_wconf 86' lang='lat' dir='ltr'>ruminant.</span> 
     </span>
     <span class='ocr_line' id='line_1_18' title="bbox 129 1738 1314 1811; baseline 0.003 -15"><span class='ocrx_word' id='word_1_171' title='bbox 129 1740 201 1808; x_wconf 78' lang='lat' dir='ltr'>Quid</span> <span class='ocrx_word' id='word_1_172' title='bbox 224 1755 296 1794; x_wconf 77' lang='lat' dir='ltr'>uero</span> <span class='ocrx_word' id='word_1_173' title='bbox 320 1738 372 1795; x_wconf 84' lang='lat' dir='ltr'>sibi</span> <span class='ocrx_word' id='word_1_174' title='bbox 393 1739 448 1794; x_wconf 82' lang='lat' dir='ltr'>vult</span> <span class='ocrx_word' id='word_1_175' title='bbox 467 1738 600 1795; x_wconf 78' lang='lat' dir='ltr'>bittuumt</span> <span class='ocrx_word' id='word_1_176' title='bbox 635 1738 712 1806; x_wconf 79' lang='lat' dir='ltr'>Quod</span> <span class='ocrx_word' id='word_1_177' title='bbox 734 1746 762 1794; x_wconf 89' lang='lat' dir='ltr'>et</span> <span class='ocrx_word' id='word_1_178' title='bbox 781 1739 869 1794; x_wconf 87' lang='lat' dir='ltr'>iustus</span> <span class='ocrx_word' id='word_1_179' title='bbox 889 1739 917 1793; x_wconf 92' lang='lat' dir='ltr'>in</span> <span class='ocrx_word' id='word_1_180' title='bbox 937 1738 990 1794; x_wconf 88' lang='lat' dir='ltr'>hoc</span> <span class='ocrx_word' id='word_1_181' title='bbox 1011 1740 1111 1796; x_wconf 91' lang='lat' dir='ltr'>mundo</span> <span class='ocrx_word' id='word_1_182' title='bbox 1132 1741 1263 1811; x_wconf 82' lang='lat' dir='ltr'>ambulat,</span> <span class='ocrx_word' id='word_1_183' title='bbox 1287 1752 1314 1799; x_wconf 89' lang='lat' dir='ltr'>et</span> 
     </span>
     <span class='ocr_line' id='line_1_19' title="bbox 129 1821 1313 1895; baseline 0.005 -17"><span class='ocrx_word' id='word_1_184' title='bbox 129 1831 266 1880; x_wconf 80' lang='lat' dir='ltr'>sanctum</span> <span class='ocrx_word' id='word_1_185' title='bbox 284 1830 424 1895; x_wconf 81' lang='lat' dir='ltr'>exspectat</span> <span class='ocrx_word' id='word_1_186' title='bbox 439 1822 584 1879; x_wconf 87' lang='lat' dir='ltr'>saeculum.</span> <span class='ocrx_word' id='word_1_187' title='bbox 626 1822 727 1890; x_wconf 88' lang='lat' dir='ltr'>Videte,</span> <span class='ocrx_word' id='word_1_188' title='bbox 751 1838 830 1894; x_wconf 89' lang='lat' dir='ltr'>quum</span> <span class='ocrx_word' id='word_1_189' title='bbox 851 1821 965 1895; x_wconf 87' lang='lat' dir='ltr'>pulchre</span> <span class='ocrx_word' id='word_1_190' title='bbox 986 1825 1105 1880; x_wconf 84' lang='lat' dir='ltr'>sanxerit</span> <span class='ocrx_word' id='word_1_191' title='bbox 1117 1822 1216 1892; x_wconf 78' lang='lat' dir='ltr'>lloses.</span> <span class='ocrx_word' id='word_1_192' title='bbox 1258 1826 1313 1884; x_wconf 91' lang='lat' dir='ltr'>Sed</span> 
     </span>
     <span class='ocr_line' id='line_1_20' title="bbox 128 1904 1311 1979; baseline 0.003 -17"><span class='ocrx_word' id='word_1_193' title='bbox 128 1906 275 1962; x_wconf 85' lang='lat' dir='ltr'>undenam</span> <span class='ocrx_word' id='word_1_194' title='bbox 298 1904 351 1960; x_wconf 90' lang='lat' dir='ltr'>illis</span> <span class='ocrx_word' id='word_1_195' title='bbox 372 1906 440 1962; x_wconf 90' lang='lat' dir='ltr'>haec</span> <span class='ocrx_word' id='word_1_196' title='bbox 461 1905 610 1979; x_wconf 89' lang='lat' dir='ltr'>intelligere</span> <span class='ocrx_word' id='word_1_197' title='bbox 632 1922 663 1961; x_wconf 84' lang='lat' dir='ltr'>ac</span> <span class='ocrx_word' id='word_1_198' title='bbox 686 1905 939 1979; x_wconf 77' lang='lat' dir='ltr'>comprehenderet</span> <span class='ocrx_word' id='word_1_199' title='bbox 973 1905 1029 1963; x_wconf 80' lang='lat' dir='ltr'>llos</span> <span class='ocrx_word' id='word_1_200' title='bbox 1050 1923 1114 1964; x_wconf 86' lang='lat' dir='ltr'>vero</span> <span class='ocrx_word' id='word_1_201' title='bbox 1148 1909 1217 1965; x_wconf 89' lang='lat' dir='ltr'>iuste</span> <span class='ocrx_word' id='word_1_202' title='bbox 1239 1926 1311 1966; x_wconf 92' lang='lat' dir='ltr'>man·</span> 
     </span>
     <span class='ocr_line' id='line_1_21' title="bbox 130 1987 1312 2066; baseline 0.004 -21"><span class='ocrx_word' id='word_1_203' title='bbox 130 1990 194 2045; x_wconf 82' lang='lat' dir='ltr'>data</span> <span class='ocrx_word' id='word_1_204' title='bbox 218 1987 405 2062; x_wconf 79' lang='lat' dir='ltr'>intelligentes</span> <span class='ocrx_word' id='word_1_205' title='bbox 427 1989 572 2063; x_wconf 84' lang='lat' dir='ltr'>loquimur,</span> <span class='ocrx_word' id='word_1_206' title='bbox 595 1989 732 2062; x_wconf 84' lang='lat' dir='ltr'>quomodo</span> <span class='ocrx_word' id='word_1_207' title='bbox 749 1988 877 2045; x_wconf 81' lang='lat' dir='ltr'>[lominus</span> <span class='ocrx_word' id='word_1_208' title='bbox 900 1990 959 2044; x_wconf 92' lang='lat' dir='ltr'>istis</span> <span class='ocrx_word' id='word_1_209' title='bbox 973 1991 1127 2066; x_wconf 79' lang='lat' dir='ltr'>praeceptis</span> <span class='ocrx_word' id='word_1_210' title='bbox 1147 1991 1199 2048; x_wconf 87' lang='lat' dir='ltr'>sibi</span> <span class='ocrx_word' id='word_1_211' title='bbox 1221 1994 1312 2050; x_wconf 81' lang='lat' dir='ltr'>voluit</span> 
     </span>
     <span class='ocr_line' id='line_1_22' title="bbox 128 2072 1310 2146; baseline 0.006 -18"><span class='ocrx_word' id='word_1_212' title='bbox 128 2073 290 2146; x_wconf 76' lang='lat' dir='ltr'>Propterea</span> <span class='ocrx_word' id='word_1_213' title='bbox 307 2073 378 2129; x_wconf 92' lang='lat' dir='ltr'>enim</span> <span class='ocrx_word' id='word_1_214' title='bbox 391 2088 472 2129; x_wconf 88' lang='lat' dir='ltr'>aures</span> <span class='ocrx_word' id='word_1_215' title='bbox 485 2081 594 2129; x_wconf 87' lang='lat' dir='ltr'>nostras</span> <span class='ocrx_word' id='word_1_216' title='bbox 607 2080 635 2129; x_wconf 88' lang='lat' dir='ltr'>et</span> <span class='ocrx_word' id='word_1_217' title='bbox 657 2072 738 2128; x_wconf 85' lang='lat' dir='ltr'>corda</span> <span class='ocrx_word' id='word_1_218' title='bbox 755 2072 932 2140; x_wconf 86' lang='lat' dir='ltr'>circumcidit,</span> <span class='ocrx_word' id='word_1_219' title='bbox 951 2081 980 2129; x_wconf 94' lang='lat' dir='ltr'>ut</span> <span class='ocrx_word' id='word_1_220' title='bbox 996 2074 1047 2130; x_wconf 85' lang='lat' dir='ltr'>ista</span> <span class='ocrx_word' id='word_1_221' title='bbox 1060 2076 1310 2136; x_wconf 84' lang='lat' dir='ltr'>animadvertamus.</span> 
     </span>
    </p>
   </div>
   <div class='ocr_carea' id='block_1_3' title="bbox 344 2255 1111 2331">
    <p class='ocr_par' dir='ltr' id='par_1_3' title="bbox 344 2255 1111 2331">
     <span class='ocr_line' id='line_1_23' title="bbox 344 2255 1111 2331; baseline 0.005 -21"><span class='ocrx_word' id='word_1_222' title='bbox 344 2255 386 2310; x_wconf 80' lang='lat' dir='ltr'>xt.</span> <span class='ocrx_word' id='word_1_223' title='bbox 430 2256 589 2329; x_wconf 79' lang='lat' dir='ltr'>Baptismus</span> <span class='ocrx_word' id='word_1_224' title='bbox 611 2264 637 2312; x_wconf 88' lang='lat' dir='ltr'>et</span> <span class='ocrx_word' id='word_1_225' title='bbox 658 2274 729 2313; x_wconf 81' lang='lat' dir='ltr'>crus</span> <span class='ocrx_word' id='word_1_226' title='bbox 750 2258 781 2314; x_wconf 82' lang='lat' dir='ltr'>iu</span> <span class='ocrx_word' id='word_1_227' title='bbox 804 2257 832 2316; x_wconf 80' lang='lat' dir='ltr'>V.</span> <span class='ocrx_word' id='word_1_228' title='bbox 859 2257 887 2312; x_wconf 89' lang='lat' dir='ltr'>T.</span> <span class='ocrx_word' id='word_1_229' title='bbox 907 2258 1111 2331; x_wconf 65' lang='lat' dir='ltr'>praefigurata.</span> 
     </span>
    </p>
   </div>
   <div class='ocr_carea' id='block_1_4' title="bbox 134 2404 1313 2982">
    <p class='ocr_par' dir='ltr' id='par_1_4' title="bbox 134 2404 1313 2982">
     <span class='ocr_line' id='line_1_24' title="bbox 224 2404 1313 2481; baseline 0.003 -18"><span class='ocrx_word' id='word_1_230' title='bbox 224 2407 392 2476; x_wconf 82' lang='lat' dir='ltr'>Quaeramus</span> <span class='ocrx_word' id='word_1_231' title='bbox 411 2424 492 2476; x_wconf 88' lang='lat' dir='ltr'>vcro,</span> <span class='ocrx_word' id='word_1_232' title='bbox 522 2424 554 2462; x_wconf 87' lang='lat' dir='ltr'>an</span> <span class='ocrx_word' id='word_1_233' title='bbox 577 2404 690 2463; x_wconf 80' lang='lat' dir='ltr'>domino</span> <span class='ocrx_word' id='word_1_234' title='bbox 712 2424 792 2463; x_wconf 86' lang='lat' dir='ltr'>curae</span> <span class='ocrx_word' id='word_1_235' title='bbox 814 2407 910 2476; x_wconf 84' lang='lat' dir='ltr'>luerit,</span> <span class='ocrx_word' id='word_1_236' title='bbox 940 2425 1118 2480; x_wconf 89' lang='lat' dir='ltr'>praemonere</span> <span class='ocrx_word' id='word_1_237' title='bbox 1140 2410 1173 2465; x_wconf 91' lang='lat' dir='ltr'>de</span> <span class='ocrx_word' id='word_1_238' title='bbox 1195 2426 1264 2481; x_wconf 85' lang='lat' dir='ltr'>aqua</span> <span class='ocrx_word' id='word_1_239' title='bbox 1286 2419 1313 2466; x_wconf 90' lang='lat' dir='ltr'>ot</span> 
     </span>
     <span class='ocr_line' id='line_1_25' title="bbox 134 2490 1312 2564; baseline -0.001 -17"><span class='ocrx_word' id='word_1_240' title='bbox 134 2493 169 2548; x_wconf 90' lang='lat' dir='ltr'>de</span> <span class='ocrx_word' id='word_1_241' title='bbox 200 2508 298 2546; x_wconf 88' lang='lat' dir='ltr'>cruce.</span> <span class='ocrx_word' id='word_1_242' title='bbox 339 2491 372 2546; x_wconf 85' lang='lat' dir='ltr'>Et</span> <span class='ocrx_word' id='word_1_243' title='bbox 400 2490 508 2564; x_wconf 88' lang='lat' dir='ltr'>quidem</span> <span class='ocrx_word' id='word_1_244' title='bbox 537 2491 570 2546; x_wconf 93' lang='lat' dir='ltr'>de</span> <span class='ocrx_word' id='word_1_245' title='bbox 599 2508 669 2563; x_wconf 85' lang='lat' dir='ltr'>aqua</span> <span class='ocrx_word' id='word_1_246' title='bbox 698 2491 829 2564; x_wconf 90' lang='lat' dir='ltr'>scriptum</span> <span class='ocrx_word' id='word_1_247' title='bbox 857 2498 899 2545; x_wconf 89' lang='lat' dir='ltr'>est</span> <span class='ocrx_word' id='word_1_248' title='bbox 926 2491 952 2545; x_wconf 92' lang='lat' dir='ltr'>in</span> <span class='ocrx_word' id='word_1_249' title='bbox 973 2491 1125 2556; x_wconf 76' lang='lat' dir='ltr'>israelitas,</span> <span class='ocrx_word' id='word_1_250' title='bbox 1155 2492 1312 2562; x_wconf 91' lang='lat' dir='ltr'>quomodo</span> 
     </span>
     <span class='ocr_line' id='line_1_26' title="bbox 134 2573 1312 2650; baseline -0.002 -19"><span class='ocrx_word' id='word_1_251' title='bbox 134 2576 320 2650; x_wconf 82' lang='lat' dir='ltr'>baptismum,</span> <span class='ocrx_word' id='word_1_252' title='bbox 347 2575 392 2648; x_wconf 90' lang='lat' dir='ltr'>qui</span> <span class='ocrx_word' id='word_1_253' title='bbox 416 2574 495 2631; x_wconf 87' lang='lat' dir='ltr'>allert</span> <span class='ocrx_word' id='word_1_254' title='bbox 515 2581 686 2648; x_wconf 87' lang='lat' dir='ltr'>peccatorum</span> <span class='ocrx_word' id='word_1_255' title='bbox 709 2575 907 2640; x_wconf 88' lang='lat' dir='ltr'>remissionem,</span> <span class='ocrx_word' id='word_1_256' title='bbox 930 2589 983 2628; x_wconf 93' lang='lat' dir='ltr'>non</span> <span class='ocrx_word' id='word_1_257' title='bbox 1006 2574 1059 2627; x_wconf 87' lang='lat' dir='ltr'>sint</span> <span class='ocrx_word' id='word_1_258' title='bbox 1080 2573 1233 2646; x_wconf 89' lang='lat' dir='ltr'>recepturi,</span> <span class='ocrx_word' id='word_1_259' title='bbox 1264 2574 1312 2629; x_wconf 88' lang='lat' dir='ltr'>sed</span> 
     </span>
     <span class='ocr_line' id='line_1_27' title="bbox 138 2655 1313 2732; baseline -0.001 -18"><span class='ocrx_word' id='word_1_260' title='bbox 138 2659 224 2715; x_wconf 83' lang='lat' dir='ltr'>aliurn</span> <span class='ocrx_word' id='word_1_261' title='bbox 246 2658 299 2713; x_wconf 71' lang='lat' dir='ltr'>silui</span> <span class='ocrx_word' id='word_1_262' title='bbox 320 2657 449 2731; x_wconf 84' lang='lat' dir='ltr'>paraturi.</span> <span class='ocrx_word' id='word_1_263' title='bbox 491 2658 559 2713; x_wconf 83' lang='lat' dir='ltr'>llicit</span> <span class='ocrx_word' id='word_1_264' title='bbox 582 2658 671 2731; x_wconf 89' lang='lat' dir='ltr'>itaque</span> <span class='ocrx_word' id='word_1_265' title='bbox 693 2657 842 2732; x_wconf 81' lang='lat' dir='ltr'>propheta:</span> <span class='ocrx_word' id='word_1_266' title='bbox 865 2655 1022 2729; x_wconf 79' lang='lat' dir='ltr'>,obstupens</span> <span class='ocrx_word' id='word_1_267' title='bbox 1046 2655 1159 2723; x_wconf 90' lang='lat' dir='ltr'>coelum,</span> <span class='ocrx_word' id='word_1_268' title='bbox 1183 2662 1209 2711; x_wconf 89' lang='lat' dir='ltr'>ct</span> <span class='ocrx_word' id='word_1_269' title='bbox 1229 2671 1313 2730; x_wconf 89' lang='lat' dir='ltr'>supet·</span> 
     </span>
     <span class='ocr_line' id='line_1_28' title="bbox 139 2739 1312 2814; baseline -0.002 -15"><span class='ocrx_word' id='word_1_270' title='bbox 139 2744 192 2799; x_wconf 86' lang='lat' dir='ltr'>hoc</span> <span class='ocrx_word' id='word_1_271' title='bbox 216 2742 356 2799; x_wconf 82' lang='lat' dir='ltr'>inhorrent</span> <span class='ocrx_word' id='word_1_272' title='bbox 377 2751 459 2809; x_wconf 87' lang='lat' dir='ltr'>terra,</span> <span class='ocrx_word' id='word_1_273' title='bbox 482 2743 545 2814; x_wconf 82' lang='lat' dir='ltr'>quia</span> <span class='ocrx_word' id='word_1_274' title='bbox 567 2742 621 2798; x_wconf 93' lang='lat' dir='ltr'>duo</span> <span class='ocrx_word' id='word_1_275' title='bbox 643 2758 739 2814; x_wconf 82' lang='lat' dir='ltr'>magno</span> <span class='ocrx_word' id='word_1_276' title='bbox 760 2749 788 2796; x_wconf 87' lang='lat' dir='ltr'>ct</span> <span class='ocrx_word' id='word_1_277' title='bbox 809 2739 878 2795; x_wconf 85' lang='lat' dir='ltr'>malo</span> <span class='ocrx_word' id='word_1_278' title='bbox 900 2739 963 2795; x_wconf 87' lang='lat' dir='ltr'>iecit</span> <span class='ocrx_word' id='word_1_279' title='bbox 985 2739 1102 2813; x_wconf 89' lang='lat' dir='ltr'>populus</span> <span class='ocrx_word' id='word_1_280' title='bbox 1123 2740 1181 2796; x_wconf 83' lang='lat' dir='ltr'>liic:</span> <span class='ocrx_word' id='word_1_281' title='bbox 1203 2756 1245 2796; x_wconf 89' lang='lat' dir='ltr'>me</span> <span class='ocrx_word' id='word_1_282' title='bbox 1268 2741 1312 2797; x_wconf 89' lang='lat' dir='ltr'>de·</span> 
     </span>
     <span class='ocr_line' id='line_1_29' title="bbox 140 2823 1312 2899; baseline -0.002 -17"><span class='ocrx_word' id='word_1_283' title='bbox 140 2827 320 2899; x_wconf 86' lang='lat' dir='ltr'>reliquerunt,</span> <span class='ocrx_word' id='word_1_284' title='bbox 350 2824 451 2880; x_wconf 83' lang='lat' dir='ltr'>iontem</span> <span class='ocrx_word' id='word_1_285' title='bbox 478 2827 578 2892; x_wconf 86' lang='lat' dir='ltr'>vivum,</span> <span class='ocrx_word' id='word_1_286' title='bbox 611 2833 638 2881; x_wconf 90' lang='lat' dir='ltr'>et</span> <span class='ocrx_word' id='word_1_287' title='bbox 666 2825 793 2880; x_wconf 81' lang='lat' dir='ltr'>foderunt</span> <span class='ocrx_word' id='word_1_288' title='bbox 820 2823 869 2879; x_wconf 87' lang='lat' dir='ltr'>sibi</span> <span class='ocrx_word' id='word_1_289' title='bbox 890 2824 1022 2879; x_wconf 85' lang='lat' dir='ltr'>cisternas</span> <span class='ocrx_word' id='word_1_290' title='bbox 1051 2824 1189 2880; x_wconf 84' lang='lat' dir='ltr'>contritas.</span> <span class='ocrx_word' id='word_1_291' title='bbox 1232 2824 1312 2880; x_wconf 88' lang='lat' dir='ltr'>Num·</span> 
     </span>
     <span class='ocr_line' id='line_1_30' title="bbox 141 2901 1311 2982; baseline -0.001 -18"><span class='ocrx_word' id='word_1_292' title='bbox 141 2909 209 2982; x_wconf 86' lang='lat' dir='ltr'>quid</span> <span class='ocrx_word' id='word_1_293' title='bbox 237 2916 314 2981; x_wconf 90' lang='lat' dir='ltr'>petra</span> <span class='ocrx_word' id='word_1_294' title='bbox 343 2904 453 2964; x_wconf 83' lang='lat' dir='ltr'>sterilis‘</span> <span class='ocrx_word' id='word_1_295' title='bbox 482 2902 622 2981; x_wconf 72' lang='lat' dir='ltr'>[nuptiarum</span> <span class='ocrx_word' id='word_1_296' title='bbox 652 2901 758 2982; x_wconf 82' lang='lat' dir='ltr'>expers]</span> <span class='ocrx_word' id='word_1_297' title='bbox 788 2916 838 2975; x_wconf 86' lang='lat' dir='ltr'>,est</span> <span class='ocrx_word' id='word_1_298' title='bbox 873 2925 950 2962; x_wconf 82' lang='lat' dir='ltr'>urens</span> <span class='ocrx_word' id='word_1_299' title='bbox 980 2915 1089 2963; x_wconf 86' lang='lat' dir='ltr'>sanetus</span> <span class='ocrx_word' id='word_1_300' title='bbox 1120 2925 1196 2963; x_wconf 76' lang='lat' dir='ltr'>naeus</span> <span class='ocrx_word' id='word_1_301' title='bbox 1224 2905 1311 2964; x_wconf 79' lang='lat' dir='ltr'>Sionl</span> 
     </span>
    </p>
   </div>
   <div class='ocr_carea' id='block_1_5' title="bbox 145 3019 305 3027">
    <p class='ocr_par' dir='ltr' id='par_1_5' title="bbox 145 3019 305 3027">
     <span class='ocr_line' id='line_1_31' title="bbox 145 3019 305 3027; baseline -0.013 0"><span class='ocrx_word' id='word_1_302' title='bbox 145 3019 305 3027; x_wconf 70' lang='lat'><em>-——-—-</em></span> 
     </span>
    </p>
   </div>
   <div class='ocr_carea' id='block_1_6' title="bbox 144 3062 1315 3608">
    <p class='ocr_par' dir='ltr' id='par_1_6' title="bbox 192 3062 1127 3137">
     <span class='ocr_line' id='line_1_32' title="bbox 192 3062 1127 3137; baseline -0.001 -19"><span class='ocrx_word' id='word_1_303' title='bbox 192 3068 238 3133; x_wconf 71' lang='grc'>43)</span> <span class='ocrx_word' id='word_1_304' title='bbox 257 3062 418 3137; x_wconf 76' lang='grc' dir='ltr'><em>διάσταλμα</em></span> <span class='ocrx_word' id='word_1_305' title='bbox 437 3083 481 3116; x_wconf 84' lang='lat' dir='ltr'>ure</span> <span class='ocrx_word' id='word_1_306' title='bbox 499 3067 562 3131; x_wconf 83' lang='lat' dir='ltr'>apud</span> <span class='ocrx_word' id='word_1_307' title='bbox 580 3068 712 3130; x_wconf 84' lang='lat' dir='ltr'>scriptores</span> <span class='ocrx_word' id='word_1_308' title='bbox 793 3067 820 3127; x_wconf 85' lang='lat'>3)</span> <span class='ocrx_word' id='word_1_309' title='bbox 839 3064 1042 3134; x_wconf 73' lang='grc' dir='ltr'>προσδέξοοτοι</span> <span class='ocrx_word' id='word_1_310' title='bbox 1063 3067 1082 3114; x_wconf 92' lang='lat'>0</span> <span class='ocrx_word' id='word_1_311' title='bbox 1103 3069 1127 3117; x_wconf 82' lang='lat' dir='ltr'>l&#39;.</span> 
     </span>
    </p>

    <p class='ocr_par' dir='ltr' id='par_1_7' title="bbox 144 3135 1315 3608">
     <span class='ocr_line' id='line_1_33' title="bbox 144 3135 1312 3198; baseline -0.002 -12"><span class='ocrx_word' id='word_1_312' title='bbox 144 3137 272 3195; x_wconf 77' lang='lat' dir='ltr'>classicos,</span> <span class='ocrx_word' id='word_1_313' title='bbox 292 3135 374 3184; x_wconf 91' lang='lat' dir='ltr'>necin</span> <span class='ocrx_word' id='word_1_314' title='bbox 392 3135 416 3184; x_wconf 86' lang='lat' dir='ltr'>l&#39;.</span> <span class='ocrx_word' id='word_1_315' title='bbox 436 3143 458 3184; x_wconf 82' lang='lat' dir='ltr'>et</span> <span class='ocrx_word' id='word_1_316' title='bbox 480 3136 506 3184; x_wconf 88' lang='lat' dir='ltr'>N.</span> <span class='ocrx_word' id='word_1_317' title='bbox 527 3136 567 3194; x_wconf 89' lang='lat' dir='ltr'>T.‚</span> <span class='ocrx_word' id='word_1_318' title='bbox 585 3152 628 3183; x_wconf 89' lang='lat' dir='ltr'>nec</span> <span class='ocrx_word' id='word_1_319' title='bbox 648 3136 711 3198; x_wconf 90' lang='lat' dir='ltr'>opud</span> <span class='ocrx_word' id='word_1_320' title='bbox 795 3135 821 3195; x_wconf 82' lang='lat' dir='ltr'>t)</span> <span class='ocrx_word' id='word_1_321' title='bbox 841 3136 893 3183; x_wconf 82' lang='lat' dir='ltr'>Non</span> <span class='ocrx_word' id='word_1_322' title='bbox 913 3149 1036 3183; x_wconf 81' lang='lat' dir='ltr'>rrecessum</span> <span class='ocrx_word' id='word_1_323' title='bbox 1055 3150 1108 3184; x_wconf 87' lang='lat' dir='ltr'>esse</span> <span class='ocrx_word' id='word_1_324' title='bbox 1127 3144 1197 3198; x_wconf 82' lang='lat' dir='ltr'>pino,</span> <span class='ocrx_word' id='word_1_325' title='bbox 1216 3143 1242 3183; x_wconf 90' lang='lat' dir='ltr'>ut</span> <span class='ocrx_word' id='word_1_326' title='bbox 1259 3150 1312 3184; x_wconf 82' lang='lat' dir='ltr'>ctum</span> 
     </span>
     <span class='ocr_line' id='line_1_34' title="bbox 145 3197 1313 3269; baseline -0.003 -16"><span class='ocrx_word' id='word_1_327' title='bbox 145 3205 179 3253; x_wconf 79' lang='lat' dir='ltr'>llo</span> <span class='ocrx_word' id='word_1_328' title='bbox 199 3204 313 3264; x_wconf 80' lang='lat' dir='ltr'>Congium</span> <span class='ocrx_word' id='word_1_329' title='bbox 334 3202 461 3265; x_wconf 87' lang='lat' dir='ltr'>reperitur.</span> <span class='ocrx_word' id='word_1_330' title='bbox 498 3203 656 3252; x_wconf 72' lang='lat' dir='ltr'>derivandum</span> <span class='ocrx_word' id='word_1_331' title='bbox 675 3212 711 3251; x_wconf 84' lang='lat' dir='ltr'>est</span> <span class='ocrx_word' id='word_1_332' title='bbox 744 3197 1313 3269; x_wconf 69' lang='lat' dir='ltr'>l&#39;ossioetCotrepouumusolxouoptrjoouuc5</span> 
     </span>
     <span class='ocr_line' id='line_1_35' title="bbox 145 3267 1312 3338; baseline -0.001 -18"><span class='ocrx_word' id='word_1_333' title='bbox 145 3268 322 3320; x_wconf 73' lang='grc' dir='ltr'>ιδιαστέλλο</span> <span class='ocrx_word' id='word_1_334' title='bbox 346 3287 382 3330; x_wconf 83' lang='grc' dir='ltr'>αι,</span> <span class='ocrx_word' id='word_1_335' title='bbox 395 3273 516 3335; x_wconf 81' lang='lat' dir='ltr'>imperare,</span> <span class='ocrx_word' id='word_1_336' title='bbox 526 3274 666 3334; x_wconf 84' lang='lat' dir='ltr'>praecipere.</span> <span class='ocrx_word' id='word_1_337' title='bbox 685 3271 711 3319; x_wconf 85' lang='lat' dir='ltr'>ll.</span> <span class='ocrx_word' id='word_1_338' title='bbox 745 3286 797 3318; x_wconf 83' lang='lat' dir='ltr'>iram</span> <span class='ocrx_word' id='word_1_339' title='bbox 819 3271 858 3334; x_wconf 75' lang='lat' dir='ltr'>up</span> <span class='ocrx_word' id='word_1_340' title='bbox 877 3267 1039 3338; x_wconf 72' lang='grc' dir='ltr'><em>οἰκοδομεῖν</em></span> <span class='ocrx_word' id='word_1_341' title='bbox 1056 3273 1193 3320; x_wconf 81' lang='lat' dir='ltr'>instituendi</span> <span class='ocrx_word' id='word_1_342' title='bbox 1218 3271 1254 3318; x_wconf 77' lang='lat' dir='ltr'>rol</span> <span class='ocrx_word' id='word_1_343' title='bbox 1272 3273 1312 3331; x_wconf 78' lang='grc' dir='ltr'>[ο-</span> 
     </span>
     <span class='ocr_line' id='line_1_36' title="bbox 144 3287 1312 3399; baseline -0.001 -13"><span class='ocrx_word' id='word_1_344' title='bbox 144 3339 192 3387; x_wconf 78' lang='lat' dir='ltr'>l&#39;ox</span> <span class='ocrx_word' id='word_1_345' title='bbox 209 3287 342 3388; x_wconf 57' lang='lat' dir='ltr'>deducas</span> <span class='ocrx_word' id='word_1_346' title='bbox 353 3354 371 3386; x_wconf 84' lang='grc' dir='ltr'><strong><em>α</em></strong></span> <span class='ocrx_word' id='word_1_347' title='bbox 389 3339 494 3387; x_wconf 88' lang='lat' dir='ltr'>occurrit</span> <span class='ocrx_word' id='word_1_348' title='bbox 511 3338 711 3399; x_wconf 68' lang='lat' dir='ltr'>uptllemdlex.</span> <span class='ocrx_word' id='word_1_349' title='bbox 744 3339 820 3386; x_wconf 81' lang='lat' dir='ltr'>ciendi</span> <span class='ocrx_word' id='word_1_350' title='bbox 841 3338 875 3384; x_wconf 78' lang='lat' dir='ltr'>ris</span> <span class='ocrx_word' id='word_1_351' title='bbox 894 3338 972 3385; x_wconf 81' lang='lat' dir='ltr'>inesse</span> <span class='ocrx_word' id='word_1_352' title='bbox 991 3345 1084 3398; x_wconf 83' lang='lat' dir='ltr'>potest,</span> <span class='ocrx_word' id='word_1_353' title='bbox 1108 3339 1177 3387; x_wconf 83' lang='lat' dir='ltr'>diteta</span> <span class='ocrx_word' id='word_1_354' title='bbox 1198 3339 1227 3385; x_wconf 80' lang='lat' dir='ltr'>ali</span> <span class='ocrx_word' id='word_1_355' title='bbox 1245 3338 1312 3386; x_wconf 82' lang='lat' dir='ltr'>oedi-</span> 
     </span>
     <span class='ocr_line' id='line_1_37' title="bbox 147 3355 1312 3473; baseline 0 -19"><span class='ocrx_word' id='word_1_356' title='bbox 147 3407 159 3454; x_wconf 93' lang='lat' dir='ltr'>l.</span> <span class='ocrx_word' id='word_1_357' title='bbox 187 3422 206 3454; x_wconf 83' lang='lat' dir='ltr'>e.</span> <span class='ocrx_word' id='word_1_358' title='bbox 242 3406 288 3453; x_wconf 87' lang='lat' dir='ltr'>Pro</span> <span class='ocrx_word' id='word_1_359' title='bbox 313 3355 477 3473; x_wconf 42' lang='grc' dir='ltr'>ὅςιάοτολμο</span> <span class='ocrx_word' id='word_1_360' title='bbox 503 3407 562 3454; x_wconf 88' lang='lat' dir='ltr'>llen.</span> <span class='ocrx_word' id='word_1_361' title='bbox 588 3407 634 3465; x_wconf 78' lang='lat' dir='ltr'>legi</span> <span class='ocrx_word' id='word_1_362' title='bbox 663 3406 712 3454; x_wconf 80' lang='lat' dir='ltr'>uult</span> <span class='ocrx_word' id='word_1_363' title='bbox 744 3405 964 3467; x_wconf 77' lang='lat' dir='ltr'>liciismetuplioru.</span> <span class='ocrx_word' id='word_1_364' title='bbox 984 3404 1040 3453; x_wconf 73' lang='lat' dir='ltr'>ont.</span> <span class='ocrx_word' id='word_1_365' title='bbox 1068 3404 1181 3465; x_wconf 79' lang='lat' dir='ltr'>intelligit</span> <span class='ocrx_word' id='word_1_366' title='bbox 1191 3406 1312 3454; x_wconf 78' lang='lat' dir='ltr'>Baniaiias</span> 
     </span>
     <span class='ocr_line' id='line_1_38' title="bbox 145 3469 1312 3539; baseline -0.001 -17"><span class='ocrx_word' id='word_1_367' title='bbox 145 3469 297 3539; x_wconf 74' lang='grc' dir='ltr'>διάγαλμα,</span> <span class='ocrx_word' id='word_1_368' title='bbox 316 3487 386 3536; x_wconf 82' lang='lat' dir='ltr'>quarn</span> <span class='ocrx_word' id='word_1_369' title='bbox 401 3487 484 3522; x_wconf 82' lang='lat' dir='ltr'>uocem</span> <span class='ocrx_word' id='word_1_370' title='bbox 495 3488 540 3533; x_wconf 86' lang='lat' dir='ltr'>ego</span> <span class='ocrx_word' id='word_1_371' title='bbox 554 3473 650 3535; x_wconf 87' lang='lat' dir='ltr'>quidem</span> <span class='ocrx_word' id='word_1_372' title='bbox 664 3489 711 3521; x_wconf 95' lang='lat' dir='ltr'>non</span> <span class='ocrx_word' id='word_1_373' title='bbox 744 3472 828 3521; x_wconf 86' lang='lat' dir='ltr'>crebra</span> <span class='ocrx_word' id='word_1_374' title='bbox 854 3480 877 3520; x_wconf 88' lang='lat' dir='ltr'>et</span> <span class='ocrx_word' id='word_1_375' title='bbox 901 3471 1068 3533; x_wconf 84' lang='lat' dir='ltr'>superstitiosa</span> <span class='ocrx_word' id='word_1_376' title='bbox 1088 3472 1228 3521; x_wconf 81' lang='lat' dir='ltr'>ludaeorum</span> <span class='ocrx_word' id='word_1_377' title='bbox 1251 3474 1312 3537; x_wconf 77' lang='lat' dir='ltr'>liop-</span> 
     </span>
     <span class='ocr_line' id='line_1_39' title="bbox 146 3535 1315 3608; baseline 0.003 -19"><span class='ocrx_word' id='word_1_378' title='bbox 146 3555 274 3602; x_wconf 83' lang='lat' dir='ltr'>toguosco.</span> <span class='ocrx_word' id='word_1_379' title='bbox 311 3540 422 3588; x_wconf 78' lang='lat' dir='ltr'>Fortasse</span> <span class='ocrx_word' id='word_1_380' title='bbox 441 3535 608 3608; x_wconf 77' lang='grc' dir='ltr'>διάγγελμο.</span> <span class='ocrx_word' id='word_1_381' title='bbox 725 3540 845 3590; x_wconf 63' lang='lat' dir='ltr'>nisnmm.</span> <span class='ocrx_word' id='word_1_382' title='bbox 875 3539 932 3587; x_wconf 82' lang='lat' dir='ltr'>lden.</span> <span class='ocrx_word' id='word_1_383' title='bbox 968 3539 1055 3587; x_wconf 77' lang='lat' dir='ltr'>serito</span> <span class='ocrx_word' id='word_1_384' title='bbox 1080 3535 1315 3608; x_wconf 65' lang='grc' dir='ltr'><em>οἰκοδομήσωσιν</em></span> 
     </span>
    </p>
   </div>
   <div class='ocr_carea' id='block_1_7' title="bbox 192 3601 1313 3750">
    <p class='ocr_par' dir='ltr' id='par_1_8' title="bbox 192 3601 1313 3750">
     <span class='ocr_line' id='line_1_40' title="bbox 192 3601 1313 3683; baseline -0.004 -11"><span class='ocrx_word' id='word_1_385' title='bbox 192 3623 239 3683; x_wconf 74' lang='lat'>44)</span> <span class='ocrx_word' id='word_1_386' title='bbox 257 3622 298 3671; x_wconf 90' lang='lat' dir='ltr'>Sic</span> <span class='ocrx_word' id='word_1_387' title='bbox 316 3638 363 3672; x_wconf 85' lang='lat' dir='ltr'>scr.</span> <span class='ocrx_word' id='word_1_388' title='bbox 381 3624 459 3671; x_wconf 85' lang='lat' dir='ltr'>nostri</span> <span class='ocrx_word' id='word_1_389' title='bbox 474 3623 559 3678; x_wconf 70' lang='lat' dir='ltr'>(lodd,</span> <span class='ocrx_word' id='word_1_390' title='bbox 578 3620 635 3672; x_wconf 69' lang='grc' dir='ltr'>ἐστὶ</span> <span class='ocrx_word' id='word_1_391' title='bbox 650 3624 711 3683; x_wconf 81' lang='lat' dir='ltr'>vulg.</span> <span class='ocrx_word' id='word_1_392' title='bbox 744 3625 763 3656; x_wconf 77' lang='lat'>⁰·</span> <span class='ocrx_word' id='word_1_393' title='bbox 783 3609 802 3655; x_wconf 77' lang='lat'>0</span> <span class='ocrx_word' id='word_1_394' title='bbox 817 3608 848 3664; x_wconf 60' lang='lat' dir='ltr'>Vs</span> <span class='ocrx_word' id='word_1_395' title='bbox 868 3601 1084 3674; x_wconf 57' lang='grc' dir='ltr'><em>θῖχθδθμῆσθυσι</em></span> <span class='ocrx_word' id='word_1_396' title='bbox 1103 3607 1150 3655; x_wconf 76' lang='lat' dir='ltr'>BC</span> <span class='ocrx_word' id='word_1_397' title='bbox 1169 3608 1230 3670; x_wconf 72' lang='lat' dir='ltr'>luld·</span> <span class='ocrx_word' id='word_1_398' title='bbox 1265 3610 1313 3660; x_wconf 60' lang='grc' dir='ltr'>αῖ·</span> 
     </span>
     <span class='ocr_line' id='line_1_41' title="bbox 194 3675 900 3750; baseline -0.007 -10"><span class='ocrx_word' id='word_1_399' title='bbox 194 3691 240 3750; x_wconf 79' lang='grc'>45)</span> <span class='ocrx_word' id='word_1_400' title='bbox 257 3689 303 3739; x_wconf 77' lang='grc' dir='ltr'>καὶ</span> <span class='ocrx_word' id='word_1_401' title='bbox 324 3686 339 3738; x_wconf 89' lang='grc' dir='ltr'>ὁ</span> <span class='ocrx_word' id='word_1_402' title='bbox 357 3686 466 3747; x_wconf 78' lang='grc' dir='ltr'><em>δίκαιος</em></span> <span class='ocrx_word' id='word_1_403' title='bbox 483 3691 547 3738; x_wconf 85' lang='lat' dir='ltr'>edidi</span> <span class='ocrx_word' id='word_1_404' title='bbox 557 3691 649 3739; x_wconf 88' lang='lat' dir='ltr'>ratione</span> <span class='ocrx_word' id='word_1_405' title='bbox 669 3691 712 3739; x_wconf 86' lang='lat' dir='ltr'>lin·</span> <span class='ocrx_word' id='word_1_406' title='bbox 745 3676 815 3723; x_wconf 63' lang='lat' dir='ltr'>Miss-</span> <span class='ocrx_word' id='word_1_407' title='bbox 836 3675 859 3729; x_wconf 63' lang='lat'>7⁹</span> <span class='ocrx_word' id='word_1_408' title='bbox 877 3675 900 3722; x_wconf 70' lang='lat'>4·</span> 
     </span>
    </p>
   </div>
   <div class='ocr_carea' id='block_1_8' title="bbox 144 3737 1312 3887">
    <p class='ocr_par' dir='ltr' id='par_1_9' title="bbox 144 3737 1312 3887">
     <span class='ocr_line' id='line_1_42' title="bbox 145 3737 1312 3816; baseline -0.001 -10"><span class='ocrx_word' id='word_1_409' title='bbox 145 3757 191 3807; x_wconf 75' lang='lat' dir='ltr'>ote</span> <span class='ocrx_word' id='word_1_410' title='bbox 207 3758 285 3807; x_wconf 76' lang='lat' dir='ltr'>uota.</span> <span class='ocrx_word' id='word_1_411' title='bbox 297 3757 379 3816; x_wconf 83' lang='lat' dir='ltr'>rou,</span> <span class='ocrx_word' id='word_1_412' title='bbox 398 3753 647 3814; x_wconf 61' lang='lat' dir='ltr'>autesiodorum.</span> <span class='ocrx_word' id='word_1_413' title='bbox 666 3758 713 3807; x_wconf 76' lang='grc' dir='ltr'>κο</span> <span class='ocrx_word' id='word_1_414' title='bbox 794 3743 820 3805; x_wconf 73' lang='lat'>⁵)</span> <span class='ocrx_word' id='word_1_415' title='bbox 838 3737 953 3805; x_wconf 54' lang='lat' dir='ltr'>scarpo,</span> <span class='ocrx_word' id='word_1_416' title='bbox 981 3740 1074 3796; x_wconf 51' lang='grc' dir='ltr'>ΒΗ,</span> <span class='ocrx_word' id='word_1_417' title='bbox 1102 3738 1213 3806; x_wconf 65' lang='lat' dir='ltr'>tumme</span> <span class='ocrx_word' id='word_1_418' title='bbox 1245 3746 1312 3802; x_wconf 59' lang='lat' dir='ltr'>dent</span> 
     </span>
     <span class='ocr_line' id='line_1_43' title="bbox 144 3806 1227 3887; baseline -0.006 -20"><span class='ocrx_word' id='word_1_419' title='bbox 144 3821 401 3887; x_wconf 66' lang='lat' dir='ltr'>ip‚in13cvutg,5</span> <span class='ocrx_word' id='word_1_420' title='bbox 421 3821 530 3880; x_wconf 57' lang='grc' dir='ltr'>δίκαιος</span> <span class='ocrx_word' id='word_1_421' title='bbox 548 3822 585 3875; x_wconf 68' lang='lat' dir='ltr'>gp,</span> <span class='ocrx_word' id='word_1_422' title='bbox 745 3806 861 3858; x_wconf 71' lang='lat' dir='ltr'>lauradi</span> <span class='ocrx_word' id='word_1_423' title='bbox 883 3810 901 3856; x_wconf 79' lang='lat' dir='ltr'>(l</span> <span class='ocrx_word' id='word_1_424' title='bbox 921 3809 988 3857; x_wconf 87' lang='lat' dir='ltr'>Voss.</span> <span class='ocrx_word' id='word_1_425' title='bbox 1016 3811 1063 3857; x_wconf 81' lang='lat' dir='ltr'>lor.</span> <span class='ocrx_word' id='word_1_426' title='bbox 1084 3811 1107 3869; x_wconf 83' lang='lat'>2,</span> <span class='ocrx_word' id='word_1_427' title='bbox 1130 3811 1167 3860; x_wconf 73' lang='lat' dir='ltr'>ll.</span> <span class='ocrx_word' id='word_1_428' title='bbox 1191 3812 1227 3860; x_wconf 85' lang='grc'>13.</span> 
     </span>
    </p>
   </div>
   <div class='ocr_carea' id='block_1_9' title="bbox 192 3872 1312 3972">
    <p class='ocr_par' dir='ltr' id='par_1_10' title="bbox 192 3872 1312 3972">
     <span class='ocr_line' id='line_1_44' title="bbox 192 3872 1312 3972; baseline -0.018 -14"><span class='ocrx_word' id='word_1_429' title='bbox 192 3907 238 3972; x_wconf 76' lang='lat' dir='ltr'>do)</span> <span class='ocrx_word' id='word_1_430' title='bbox 256 3902 339 3958; x_wconf 75' lang='grc' dir='ltr'><em>ἄλλον</em></span> <span class='ocrx_word' id='word_1_431' title='bbox 349 3923 399 3956; x_wconf 82' lang='lat' dir='ltr'>rar.</span> <span class='ocrx_word' id='word_1_432' title='bbox 411 3907 465 3957; x_wconf 79' lang='lat' dir='ltr'>leet</span> <span class='ocrx_word' id='word_1_433' title='bbox 478 3923 516 3970; x_wconf 89' lang='lat' dir='ltr'>ap.</span> <span class='ocrx_word' id='word_1_434' title='bbox 525 3909 641 3958; x_wconf 85' lang='lat' dir='ltr'>Vossinm.</span> <span class='ocrx_word' id='word_1_435' title='bbox 651 3911 712 3958; x_wconf 89' lang='lat' dir='ltr'>llar-</span> <span class='ocrx_word' id='word_1_436' title='bbox 795 3879 821 3937; x_wconf 62' lang='lat' dir='ltr'>[ll</span> <span class='ocrx_word' id='word_1_437' title='bbox 840 3872 854 3938; x_wconf 70' lang='lat' dir='ltr'>&#39;l</span> <span class='ocrx_word' id='word_1_438' title='bbox 873 3877 896 3924; x_wconf 63' lang='lat' dir='ltr'>l&#39;l</span> <span class='ocrx_word' id='word_1_439' title='bbox 917 3876 934 3923; x_wconf 67' lang='lat' dir='ltr'>C</span> <span class='ocrx_word' id='word_1_440' title='bbox 954 3892 1016 3926; x_wconf 71' lang='lat'><strong>⁰¹⁸⁰·</strong></span> <span class='ocrx_word' id='word_1_441' title='bbox 1027 3892 1063 3940; x_wconf 63' lang='grc' dir='ltr'>ΡΥ·</span> <span class='ocrx_word' id='word_1_442' title='bbox 1076 3878 1258 3941; x_wconf 63' lang='lat' dir='ltr'>sulflflddllflffl</span> <span class='ocrx_word' id='word_1_443' title='bbox 1269 3883 1312 3925; x_wconf 70' lang='lat'>⁰⁸¹·</span> 
     </span>
    </p>
   </div>
   <div class='ocr_carea' id='block_1_10' title="bbox 142 3941 1312 4093">
    <p class='ocr_par' dir='ltr' id='par_1_11' title="bbox 142 3941 1312 4093">
     <span class='ocr_line' id='line_1_45' title="bbox 142 3941 1312 4060; baseline -0.02 -35"><span class='ocrx_word' id='word_1_444' title='bbox 142 3977 187 4037; x_wconf 81' lang='lat' dir='ltr'>gini</span> <span class='ocrx_word' id='word_1_445' title='bbox 208 3977 225 4024; x_wconf 88' lang='lat' dir='ltr'>B</span> <span class='ocrx_word' id='word_1_446' title='bbox 244 3975 394 4038; x_wconf 79' lang='lat' dir='ltr'>adscriptum</span> <span class='ocrx_word' id='word_1_447' title='bbox 414 3983 451 4024; x_wconf 85' lang='lat' dir='ltr'>est</span> <span class='ocrx_word' id='word_1_448' title='bbox 468 3971 608 4035; x_wconf 52' lang='lat' dir='ltr'>ios&#39;illov,</span> <span class='ocrx_word' id='word_1_449' title='bbox 627 3984 711 4039; x_wconf 86' lang='lat' dir='ltr'>postea</span> <span class='ocrx_word' id='word_1_450' title='bbox 745 4011 777 4058; x_wconf 59' lang='lat' dir='ltr'>Me</span> <span class='ocrx_word' id='word_1_451' title='bbox 795 3941 1039 4060; x_wconf 43' lang='grc' dir='ltr'>ᾩῩξέῗαῐᾶἕιπθν</span> <span class='ocrx_word' id='word_1_452' title='bbox 1057 3946 1114 4023; x_wconf 75' lang='lat' dir='ltr'>⁰V3</span> <span class='ocrx_word' id='word_1_453' title='bbox 1143 3946 1168 3994; x_wconf 81' lang='lat'>¹¹¹</span> <span class='ocrx_word' id='word_1_454' title='bbox 1186 3943 1312 4044; x_wconf 49' lang='lat' dir='ltr'>”mdc-j</span> 
     </span>
     <span class='ocr_line' id='line_1_46' title="bbox 142 4011 1299 4093; baseline -0.024 -8"><span class='ocrx_word' id='word_1_455' title='bbox 142 4044 302 4093; x_wconf 57' lang='lat' dir='ltr'>obtimum,</span> <span class='ocrx_word' id='word_1_456' title='bbox 876 4020 969 4074; x_wconf 80' lang='lat' dir='ltr'>puerunt</span> <span class='ocrx_word' id='word_1_457' title='bbox 987 4015 1073 4073; x_wconf 75' lang='lat' dir='ltr'>sonitem</span> <span class='ocrx_word' id='word_1_458' title='bbox 1091 4028 1174 4061; x_wconf 81' lang='grc' dir='ltr'><em>οιοιοο.</em></span> <span class='ocrx_word' id='word_1_459' title='bbox 1204 4011 1237 4058; x_wconf 81' lang='lat' dir='ltr'>lle</span> <span class='ocrx_word' id='word_1_460' title='bbox 1255 4011 1299 4073; x_wconf 85' lang='lat' dir='ltr'>dap</span> 
     </span>
    </p>
   </div>
   <div class='ocr_carea' id='block_1_11' title="bbox 140 4075 1313 4479">
    <p class='ocr_par' dir='ltr' id='par_1_12' title="bbox 140 4075 1313 4479">
     <span class='ocr_line' id='line_1_47' title="bbox 190 4075 1313 4210; baseline -0.001 -16"><span class='ocrx_word' id='word_1_461' title='bbox 190 4112 235 4174; x_wconf 58' lang='lat'>47)</span> <span class='ocrx_word' id='word_1_462' title='bbox 255 4110 270 4159; x_wconf 58' lang='grc' dir='ltr'>Ι·</span> <span class='ocrx_word' id='word_1_463' title='bbox 290 4126 311 4158; x_wconf 55' lang='grc' dir='ltr'>θ’</span> <span class='ocrx_word' id='word_1_464' title='bbox 331 4109 433 4159; x_wconf 43' lang='lat' dir='ltr'>ludaei*</span> <span class='ocrx_word' id='word_1_465' title='bbox 459 4109 515 4158; x_wconf 60' lang='lat' dir='ltr'>um</span> <span class='ocrx_word' id='word_1_466' title='bbox 745 4080 823 4210; x_wconf 54' lang='lat' dir='ltr'>lilmgl</span> <span class='ocrx_word' id='word_1_467' title='bbox 842 4075 1009 4196; x_wconf 51' lang='grc' dir='ltr'>ἐὲἴῑῗιξοςοεῖοἷο</span> <span class='ocrx_word' id='word_1_468' title='bbox 1025 4079 1052 4194; x_wconf 60' lang='lat' dir='ltr'>⁴el</span> <span class='ocrx_word' id='word_1_469' title='bbox 1069 4145 1133 4208; x_wconf 87' lang='lat' dir='ltr'>opud</span> <span class='ocrx_word' id='word_1_470' title='bbox 1155 4144 1212 4193; x_wconf 79' lang='lat' dir='ltr'>Lxx</span> <span class='ocrx_word' id='word_1_471' title='bbox 1231 4143 1313 4203; x_wconf 81' lang='lat' dir='ltr'>legen-</span> 
     </span>
     <span class='ocr_line' id='line_1_48' title="bbox 190 4202 1313 4281; baseline 0.003 -21"><span class='ocrx_word' id='word_1_472' title='bbox 190 4210 249 4274; x_wconf 84' lang='lat' dir='ltr'>Cap.</span> <span class='ocrx_word' id='word_1_473' title='bbox 272 4210 309 4260; x_wconf 85' lang='lat' dir='ltr'>lll.</span> <span class='ocrx_word' id='word_1_474' title='bbox 343 4209 367 4273; x_wconf 82' lang='lat'>1)</span> <span class='ocrx_word' id='word_1_475' title='bbox 384 4207 504 4278; x_wconf 74' lang='grc' dir='ltr'><strong><em>ἠμέλησε</em></strong></span> <span class='ocrx_word' id='word_1_476' title='bbox 521 4210 602 4259; x_wconf 87' lang='lat' dir='ltr'>scn&#39;ho</span> <span class='ocrx_word' id='word_1_477' title='bbox 624 4228 644 4260; x_wconf 82' lang='lat' dir='ltr'>c.</span> <span class='ocrx_word' id='word_1_478' title='bbox 665 4212 712 4261; x_wconf 75' lang='lat' dir='ltr'>tll&#39;</span> <span class='ocrx_word' id='word_1_479' title='bbox 746 4213 801 4262; x_wconf 91' lang='lat' dir='ltr'>dum</span> <span class='ocrx_word' id='word_1_480' title='bbox 811 4222 846 4263; x_wconf 86' lang='lat' dir='ltr'>est</span> <span class='ocrx_word' id='word_1_481' title='bbox 855 4214 1091 4281; x_wconf 71' lang='grc' dir='ltr'><em>συντετρημένους</em></span> <span class='ocrx_word' id='word_1_482' title='bbox 1101 4202 1313 4278; x_wconf 68' lang='grc' dir='ltr'>(σοι’τειραίνω)</span> 
     </span>
     <span class='ocr_line' id='line_1_49' title="bbox 141 4273 1312 4357; baseline 0.003 -30"><span class='ocrx_word' id='word_1_483' title='bbox 141 4281 200 4329; x_wconf 81' lang='lat' dir='ltr'>lden.</span> <span class='ocrx_word' id='word_1_484' title='bbox 218 4280 297 4337; x_wconf 79' lang='lat' dir='ltr'>Voss,</span> <span class='ocrx_word' id='word_1_485' title='bbox 318 4273 456 4357; x_wconf 68' lang='lat' dir='ltr'>ippt‘lrpoev</span> <span class='ocrx_word' id='word_1_486' title='bbox 473 4276 534 4337; x_wconf 73' lang='lat' dir='ltr'>Oli,</span> <span class='ocrx_word' id='word_1_487' title='bbox 553 4275 669 4347; x_wconf 68' lang='grc' dir='ltr'><em>ἐμέλησε</em></span> <span class='ocrx_word' id='word_1_488' title='bbox 688 4280 713 4328; x_wconf 81' lang='grc' dir='ltr'>Β.</span> <span class='ocrx_word' id='word_1_489' title='bbox 746 4300 778 4324; x_wconf 89' lang='lat'><strong><em>=</em></strong></span> <span class='ocrx_word' id='word_1_490' title='bbox 791 4282 869 4341; x_wconf 75' lang='lat' dir='ltr'>fissus,</span> <span class='ocrx_word' id='word_1_491' title='bbox 888 4284 1032 4344; x_wconf 73' lang='lat' dir='ltr'>perforatus,</span> <span class='ocrx_word' id='word_1_492' title='bbox 1050 4286 1075 4326; x_wconf 91' lang='lat' dir='ltr'>ut</span> <span class='ocrx_word' id='word_1_493' title='bbox 1094 4292 1130 4327; x_wconf 89' lang='lat' dir='ltr'>me</span> <span class='ocrx_word' id='word_1_494' title='bbox 1144 4278 1249 4329; x_wconf 81' lang='lat' dir='ltr'>Tadolius</span> <span class='ocrx_word' id='word_1_495' title='bbox 1261 4279 1312 4330; x_wconf 81' lang='lat' dir='ltr'>tte.</span> 
     </span>
     <span class='ocr_line' id='line_1_50' title="bbox 189 4344 889 4461; baseline -0.001 -65"><span class='ocrx_word' id='word_1_496' title='bbox 189 4347 215 4406; x_wconf 71' lang='grc'>2)</span> <span class='ocrx_word' id='word_1_497' title='bbox 237 4348 373 4461; x_wconf 75' lang='lat' dir='ltr'>elotpepov</span> <span class='ocrx_word' id='word_1_498' title='bbox 393 4356 498 4412; x_wconf 74' lang='grc' dir='ltr'><strong><em>αφεσιν</em></strong></span> <span class='ocrx_word' id='word_1_499' title='bbox 513 4344 559 4407; x_wconf 86' lang='lat' dir='ltr'>leg.</span> <span class='ocrx_word' id='word_1_500' title='bbox 572 4353 641 4410; x_wconf 82' lang='lat' dir='ltr'>putat</span> <span class='ocrx_word' id='word_1_501' title='bbox 653 4348 713 4396; x_wconf 85' lang='lat' dir='ltr'>lien.</span> <span class='ocrx_word' id='word_1_502' title='bbox 746 4356 834 4396; x_wconf 88' lang='lat' dir='ltr'>monet.</span> <span class='ocrx_word' id='word_1_503' title='bbox 861 4348 889 4424; x_wconf 49' lang='lat' dir='ltr'>ll:</span> 
     </span>
     <span class='ocr_line' id='line_1_51' title="bbox 140 4409 1044 4479; baseline -0.007 -15"><span class='ocrx_word' id='word_1_504' title='bbox 140 4414 187 4464; x_wconf 83' lang='lat' dir='ltr'>Clr.</span> <span class='ocrx_word' id='word_1_505' title='bbox 206 4414 288 4464; x_wconf 82' lang='lat' dir='ltr'>Fraoc</span> <span class='ocrx_word' id='word_1_506' title='bbox 305 4427 318 4461; x_wconf 86' lang='lat' dir='ltr'>e</span> <span class='ocrx_word' id='word_1_507' title='bbox 334 4412 350 4460; x_wconf 88' lang='lat' dir='ltr'>l.</span> <span class='ocrx_word' id='word_1_508' title='bbox 368 4427 389 4461; x_wconf 89' lang='lat' dir='ltr'>c.</span> <span class='ocrx_word' id='word_1_509' title='bbox 404 4426 429 4475; x_wconf 87' lang='lat' dir='ltr'>p.</span> <span class='ocrx_word' id='word_1_510' title='bbox 440 4411 472 4464; x_wconf 80' lang='lat' dir='ltr'>ot</span> <span class='ocrx_word' id='word_1_511' title='bbox 491 4426 528 4474; x_wconf 84' lang='lat' dir='ltr'>sq.</span> <span class='ocrx_word' id='word_1_512' title='bbox 798 4415 825 4479; x_wconf 81' lang='lat'>9)</span> <span class='ocrx_word' id='word_1_513' title='bbox 844 4415 898 4464; x_wconf 80' lang='lat' dir='ltr'>lsai.</span> <span class='ocrx_word' id='word_1_514' title='bbox 921 4412 959 4471; x_wconf 86' lang='grc'>16,</span> <span class='ocrx_word' id='word_1_515' title='bbox 982 4410 1002 4460; x_wconf 89' lang='lat' dir='ltr'>l.</span> <span class='ocrx_word' id='word_1_516' title='bbox 1021 4409 1044 4459; x_wconf 76' lang='grc'>2.</span> 
     </span>
    </p>
   </div>
   <div class='ocr_carea' id='block_1_12' title="bbox 0 0 1448 4882">
    <p class='ocr_par' dir='ltr' id='par_1_13' title="bbox 0 0 1448 4882">
     <span class='ocr_line' id='line_1_52' title="bbox 0 0 1448 4882; baseline 0 2"><span class='ocrx_word' id='word_1_517' title='bbox 0 0 1448 4882; x_wconf 95' lang='lat' dir='ltr'> </span> 
     </span>
    </p>
   </div>
  </div>
 </body>
</html>
