2886 4882
341 693 345 715 ²
455 704 683 841 no'nrn
722 745 975 838 conruunt.
1168 760 1184 787 .—
1208 672 1219 705 ”

213 973 249 1031 be
279 954 450 1031 llomanis
471 974 580 1031 Petrum
603 972 824 1047 Apostolicorum
853 969 930 1025 libris
960 969 1063 1027 cuano
1092 966 1209 1025 exaratis
1240 981 1304 1027 cnm
1329 930 1343 1025 ί

129 1056 195 1125 oiliil
218 1056 277 1113 lere
297 1055 411 1111 antehac
434 1057 598 1122 innotuerit,
628 1072 724 1111 eorum
755 1071 824 1126 quos
846 1052 898 1111 vidi
921 1061 1003 1126 atque
1021 1051 1128 1108 excussi
1144 1065 1196 1106 nun
1213 1047 1303 1105 solum
1332 1086 1340 1123 ,

130 1156 272 1197 numerum
291 1146 485 1211 externamque
508 1140 644 1213 speciem,
667 1139 717 1194 sed
738 1137 925 1193 anctoritatem
948 1135 1029 1191 etiam
1051 1132 1145 1208 paucis
1165 1129 1305 1189 indicabo.
1333 1170 1342 1195 ,

455 1355 478 1394 a.
504 1339 591 1396 θοαί.
614 1337 793 1394 bibliothecae
816 1335 975 1396 Vaicanus.

192 1485 199 1561 j
216 1488 258 1544 1.·
283 1488 348 1545 dod.
364 1487 506 1545 Vaticanus
523 1487 592 1555 859,
614 1486 814 1554 membraneus,
836 1484 965 1542 loliorum
988 1484 1224 1559 quaternariomm
1242 1485 1305 1541 mat.
1341 1516 1343 1543 ι

131 1562 294 1640 ababuc
313 1571 344 1626 lll
362 1587 460 1644 graeca
481 1588 512 1628 ae
535 1571 614 1627 docta
635 1587 715 1625 manu
738 1570 865 1642 scriptus.
909 1569 1003 1626 lnsnnt
1026 1569 1097 1624 inter
1117 1566 1169 1623 alia
1190 1566 1304 1624 aliorum

131 1671 194 1728 opp.
222 1641 392 1726 ’λλιόμνημσ
420 1647 460 1720 είς
488 1645 571 1730 Epioe
600 1641 763 1707 ἀπόστολον
786 1645 948 1706 Φίλικτιον·
991 1643 1159 1705 Μεθωόίου
1186 1637 1305 1724 πάτρων

129 1734 182 1792 νοῦ
202 1726 375 1807 σοφοινότου
396 1731 437 1803 είς
457 1725 509 1793 τόν
530 1730 647 1809 ἔσχατον
669 1724 785 1811 καιρὸν·
822 1729 984 1790 Διονυσίου
1008 1725 1218 1809 Ἀρεοπαγίτου
1236 1726 1306 1827 νιερλ

129 1809 342 1895 abjectionibus
364 1814 523 1896 ίεροιργίος,
555 1812 621 1895 περὶ
641 1818 783 1893 μυστικῆς
801 1814 971 1895 θεολογίας,
993 1809 1060 1892 saepi
1083 1811 1176 1872 θείων
1197 1806 1305 1891 deoper-

129 1919 196 1974 νων,
217 1903 270 1960 τοῦ
291 1894 383 1960 αὐτοῦ
404 1896 436 1959 ἐκ
456 1904 514 1961 τῶν
529 1896 673 1979 ἐρωτικῶν
687 1894 797 1976 ὕμνων,
819 1895 886 1976 περί
899 1895 1136 1977 ἐκκλησιαστικῆς
1148 1895 1303 1976 ίεροργίσ,

131 1981 278 2044 ἐπιστολαί
299 1977 452 2062 διάφοροι·
478 1976 575 2063 Λόγοι
591 1975 734 2061 ’ίακόβου
756 1976 886 2057 ‹idiloni›
905 1985 958 2043 τοῦ
980 1980 1085 2060 κυρίου
1106 1977 1156 2040 καί
1177 1919 1304 2060 ἆργιιυί

131 2059 243 2127 σκόιτου
264 2060 481 2147 Ἱεροσολύμων·
512 2065 674 2147 Γρηγορίου
697 2059 900 2145 Νσζιονζήνου
928 2059 1014 2146 λόγος
1035 2064 1076 2136 εἰς
1096 2057 1128 2124 τό
1151 2062 1305 2145 γενέθλιον

131 2152 184 2210 τοῦ
205 2149 311 2230 κυρίου
328 2145 426 2230 Ἰησοῦ
450 2152 588 2231 Χριστοῦ.
632 2156 789 2229 Sequuntur
811 2172 953 2212 sennones
976 2152 1080 2222 Basilii,
1114 2152 1304 2229 chrysostomi

133 2246 160 2295 st
181 2239 208 2295 in
233 2240 280 2296 iol.
302 2238 370 2296 255.
393 2233 488 2306 πίστις
516 2237 575 2294 τῶν
596 2228 687 2315 όγίοον
706 2226 769 2310 κη’
790 2236 847 2293 τῶν
869 2229 900 2292 ἐν
924 2231 1035 2315 Νικαίρι
1054 2227 1103 2290 καί
1125 2229 1307 2308 διδασκαλία,

134 2338 214 2395 quam
237 2323 376 2397 excipiunt
399 2323 443 2379 alii
465 2322 584 2390 Eusebii,
606 2320 749 2397 Epiphanii
771 2330 798 2378 et
816 2321 1003 2396 chrysostomi
1024 2336 1174 2379 sermones.
1206 2320 1234 2376 ln
1258 2320 1304 2393 lul.

135 2403 304 2462 tor-tes.
333 2406 427 2479 lgnatii
455 2405 584 2480 leguntur
605 2405 739 2480 Epistolae
770 2405 932 2480 prolixiores
954 2405 1006 2461 hoc
1028 2404 1139 2461 ordine:
1171 2403 1205 2460 ad
1228 2398 1304 2460 Tral-

131 2487 218 2545 lianos
235 2484 325 2559 (deest
339 2485 462 2561 initium),
484 2489 647 2563 llagnesios,
661 2488 819 2556 Tarsenses,
834 2486 1033 2563 Philippenses,
1049 2486 1304 2561 Philadelpbenses,

131 2568 306 2644 smyrnaeos,
314 2572 503 2647 Polycarpum,
515 2572 706 2639 Antiochenos,
722 2571 867 2638 lleroneus,
876 2570 1019 2644 Ephesios,
1032 2568 1177 2627 llomanos.
1207 2569 1304 2645 Sequi-

130 2659 176 2707 tur
192 2652 249 2726 ,Ep
262 2653 403 2727 Polycarpi
418 2655 451 2710 ad
464 2651 663 2729 Philippenses‘
685 2646 743 2719 (iol
768 2650 946 2721 195-198),
962 2669 1077 2727 quacum
1092 2670 1123 2709 ea
1138 2652 1305 2711 coniunctim

132 2728 331 2804 (tes—nrt)
359 2744 430 2791 extat
458 2750 528 2808 quae
559 2731 718 2803 ,barnabae‘
745 2734 854 2789 nomine
888 2732 1088 2791 circumfertur.
1139 2734 1228 2794 Codex
1261 2744 1305 2795 est

132 2808 249 2889 optimae
273 2823 362 2883 notae,
384 2817 522 2873 scribendi
546 2816 655 2889 quidem
678 2816 747 2872 ratio
770 2824 926 2872 nostrornm
945 2816 1120 2888 Graecorum,
1142 2817 1246 2876 idcirce
1268 2818 1304 2879 ub

131 2892 283 2954 itacismum
312 2896 420 2955 vocales
448 2916 479 2955 ac
507 2896 692 2973 diphthongos
714 2899 786 2957 haud
808 2915 870 2955 raro
896 2908 1063 2973 permutans.
1106 2900 1305 2977 Inscriptiunes

131 2974 238 3040 rubrae
280 2978 390 3038 ilienses
422 2980 467 3038 ille
490 2980 679 3050 Glrelazensis,
712 2983 758 3057 qui
791 2999 852 3038 eum
881 2982 945 3038 olim
975 2983 1148 3057 possidebat,
1178 2985 1206 3042 iu
1228 2985 1304 3043 calce

130 3062 266 3138 Epistulae
287 3062 425 3121 Barnabae
444 3064 565 3123 notulam
586 3081 712 3123 sermone
732 3065 894 3123 numeniaco
914 3066 1068 3140 adscripsit.

216 3146 265 3215 Qui
286 3162 348 3203 cnm
370 3164 441 3204 anno
465 3147 542 3204 1173
569 3145 682 3221 obierit,
712 3148 791 3207 laeile
813 3156 926 3225 apparet
945 3148 1075 3224 Angelum
1098 3148 1213 3225 llaium,
1243 3169 1304 3210 cum

131 3228 282 3286 lacobsono
305 3226 412 3298 (Patres
432 3232 527 3305 llpost.
550 3230 595 3289 ed.
618 3249 659 3307 pr.
682 3250 712 3306 p.
735 3229 775 3303 V.)
799 3230 929 3289 Codicem
951 3232 1078 3302 ,saeculo
1099 3232 1212 3291 forsitan
1235 3233 1304 3291 lllll‘

133 3311 294 3386 assignaret,
316 3313 343 3370 in
365 3312 419 3371 hoc
442 3330 551 3389 quoque
575 3331 691 3372 errasse.
735 3314 842 3391 signari
864 3314 902 3371 lit
926 3316 954 3375 V.

215 3493 243 3551 2.
286 3494 352 3553 (lod.
380 3497 578 3556 ottobonianus
600 3497 675 3568 348,
706 3499 878 3568 chartaceus,
907 3499 1034 3557 loliorum
1066 3501 1303 3572 quaternariorum

132 3576 347 3648 min.,'iuenntis
369 3580 472 3638 saeculi
495 3580 560 3637 lllll.
604 3582 633 3639 ln
655 3583 777 3640 seeundo
800 3582 879 3638 lolio:
901 3582 1008 3656 ‚ignatii
1028 3589 1055 3638 et
1068 3581 1212 3657 Polycarpi
1234 3601 1304 3640 mar·

134 3669 223 3737 tyrum
245 3663 387 3721 beatorum
409 3663 548 3738 Epistulae
571 3664 704 3739 graecae!

317 3745 365 3813 ,Ea
386 3746 532 3804 Codicibus
554 3749 660 3805 loannis
682 3748 776 3820 angeli
799 3746 880 3804 buris
908 3748 940 3805 ab
964 3748 1116 3824 λίλοσιιιγσ.ι

215 3826 309 3884 lnsuut
329 3837 419 3886 autern
441 3824 499 3898 (iol.
517 3829 630 3901 2-63)
652 3831 779 3888 undecim
800 3830 896 3903 ignatii
917 3830 983 3905 Epp.
1005 3833 1176 3889 recensionis
1197 3831 1301 3904 langiu·

132 3912 179 3980 ris,
200 3910 288 3985 prima
308 3910 344 3968 ad
365 3910 515 3969 Trallianos
538 3912 667 3988 acephala
688 3921 717 3970 ut
738 3913 766 3969 in
789 3912 863 3982 Vnt,
888 3913 1044 3986 codemque
1064 3931 1096 3970 ac
1118 3913 1174 3971 illic
1195 3913 1300 3970 ordine.

132 3992 315 4066 Subsequitur
341 3989 398 4063 (lul
422 3992 556 4065 63-84)
578 3995 732 4071 ,Polycarpi
760 3996 794 4052 ad
814 3993 1016 4070 Pliilippenses‘
1037 3995 1098 4069 Ep,
1128 4012 1208 4068 qnam
1230 3995 1300 4072 trag·

130 4083 253 4134 mentum
274 4075 323 4151 Ep.
345 4075 503 4146 ,barnabae‘
523 4078 626 4152 absque
649 4079 823 4136 distinetione
839 4079 946 4151 exeipit.
989 4076 1165 4151 Compendiis
1180 4078 1300 4153 scriptus

132 4167 175 4217 est
195 4159 269 4231 haud
290 4176 353 4219 raro
375 4159 515 4235 ambiguis.
559 4162 663 4218 Adsunt
683 4161 710 4216 iu
731 4162 852 4234 margine
875 4157 990 4224 scholia,
1012 4159 1215 4228 adnotationes,
1238 4178 1301 4218 cor·

130 4242 269 4301 motiones
295 4259 329 4300 ac
359 4244 531 4302 coniecturae
563 4244 636 4301 band
667 4243 887 4303 contemnendae.
935 4239 1016 4296 Tituli
1044 4241 1129 4297 rubri.
1178 4243 1215 4300 Ex
1243 4260 1298 4304 uno

129 4324 204 4383 lenta
226 4341 288 4382 cum
310 4325 439 4385 Vancano
461 4326 572 4385 lluxisse
593 4325 708 4384 videtur.
751 4324 860 4397 Signari
881 4321 914 4377 0.
