<?xml version="1.0" encoding="UTF-8"?>
<!DOCTYPE html PUBLIC "-//W3C//DTD XHTML 1.0 Transitional//EN"
    "http://www.w3.org/TR/xhtml1/DTD/xhtml1-transitional.dtd">
<html xmlns="http://www.w3.org/1999/xhtml" xml:lang="en" lang="en">
 <head>
  <title>
</title>
<meta http-equiv="Content-Type" content="text/html;charset=utf-8" />
  <meta name='ocr-system' content='tesseract 3.04.00' />
  <meta name='ocr-capabilities' content='ocr_page ocr_carea ocr_par ocr_line ocrx_word'/>
</head>
<body>
  <div class='ocr_page' id='page_1' title='image "./patrumapostolic00polygoog/patrumapostolic00polygoog_0186.png"; bbox 0 0 2886 4882; ppageno 0'>
   <div class='ocr_carea' id='block_1_1' title="bbox 328 223 1235 294">
    <p class='ocr_par' dir='ltr' id='par_1_1' title="bbox 328 223 1235 294">
     <span class='ocr_line' id='line_1_1' title="bbox 328 223 1235 294; baseline 0.012 -11"><span class='ocrx_word' id='word_1_1' title='bbox 328 223 362 283; x_wconf 91' lang='lat' dir='ltr'>ll.</span> <span class='ocrx_word' id='word_1_2' title='bbox 382 225 568 285; x_wconf 71' lang='lat' dir='ltr'>cucusum</span> <span class='ocrx_word' id='word_1_3' title='bbox 588 229 631 284; x_wconf 86' lang='lat' dir='ltr'>llll</span> <span class='ocrx_word' id='word_1_4' title='bbox 655 227 728 286; x_wconf 78' lang='lat' dir='ltr'>COR.</span> <span class='ocrx_word' id='word_1_5' title='bbox 755 228 799 290; x_wconf 83' lang='lat' dir='ltr'>tx.</span> <span class='ocrx_word' id='word_1_6' title='bbox 820 230 852 290; x_wconf 77' lang='lat' dir='ltr'>ll.</span> <span class='ocrx_word' id='word_1_7' title='bbox 873 231 916 289; x_wconf 81' lang='lat' dir='ltr'>xl.</span> <span class='ocrx_word' id='word_1_8' title='bbox 939 233 992 292; x_wconf 77' lang='lat' dir='ltr'>xit</span> <span class='ocrx_word' id='word_1_9' title='bbox 1178 233 1235 294; x_wconf 88' lang='lat' dir='ltr'>ll5</span> 
     </span>
    </p>
   </div>
   <div class='ocr_carea' id='block_1_2' title="bbox 58 393 1243 698">
    <p class='ocr_par' dir='ltr' id='par_1_2' title="bbox 58 393 1243 698">
     <span class='ocr_line' id='line_1_2' title="bbox 59 393 1243 473; baseline 0.012 -27"><span class='ocrx_word' id='word_1_10' title='bbox 59 399 83 446; x_wconf 83' lang='lat' dir='ltr'>et</span> <span class='ocrx_word' id='word_1_11' title='bbox 113 393 247 465; x_wconf 82' lang='lat' dir='ltr'>quaein</span> <span class='ocrx_word' id='word_1_12' title='bbox 268 393 355 450; x_wconf 88' lang='lat' dir='ltr'>corde</span> <span class='ocrx_word' id='word_1_13' title='bbox 376 402 470 450; x_wconf 80' lang='lat' dir='ltr'>nosue</span> <span class='ocrx_word' id='word_1_14' title='bbox 492 402 635 450; x_wconf 76' lang='lat' dir='ltr'>versantur</span> <span class='ocrx_word' id='word_1_15' title='bbox 663 395 746 451; x_wconf 85' lang='lat' dir='ltr'>novit.</span> <span class='ocrx_word' id='word_1_16' title='bbox 790 398 888 454; x_wconf 80' lang='lat' dir='ltr'>Demus</span> <span class='ocrx_word' id='word_1_17' title='bbox 926 399 1016 472; x_wconf 88' lang='lat' dir='ltr'>itaque</span> <span class='ocrx_word' id='word_1_18' title='bbox 1055 401 1092 458; x_wconf 89' lang='lat' dir='ltr'>illi</span> <span class='ocrx_word' id='word_1_19' title='bbox 1125 400 1243 473; x_wconf 88' lang='lat' dir='ltr'>laudem,</span> 
     </span>
     <span class='ocr_line' id='line_1_3' title="bbox 59 474 1243 560; baseline 0.012 -30"><span class='ocrx_word' id='word_1_20' title='bbox 59 491 109 530; x_wconf 77' lang='lat' dir='ltr'>aaa</span> <span class='ocrx_word' id='word_1_21' title='bbox 131 474 170 529; x_wconf 79' lang='lat' dir='ltr'>ah</span> <span class='ocrx_word' id='word_1_22' title='bbox 193 491 250 532; x_wconf 86' lang='lat' dir='ltr'>ore</span> <span class='ocrx_word' id='word_1_23' title='bbox 271 475 370 544; x_wconf 88' lang='lat' dir='ltr'>solum,</span> <span class='ocrx_word' id='word_1_24' title='bbox 391 476 441 533; x_wconf 83' lang='lat' dir='ltr'>sed</span> <span class='ocrx_word' id='word_1_25' title='bbox 463 478 544 534; x_wconf 88' lang='lat' dir='ltr'>etiam</span> <span class='ocrx_word' id='word_1_26' title='bbox 565 494 598 534; x_wconf 81' lang='lat' dir='ltr'>er</span> <span class='ocrx_word' id='word_1_27' title='bbox 620 477 718 547; x_wconf 89' lang='lat' dir='ltr'>eorde,</span> <span class='ocrx_word' id='word_1_28' title='bbox 740 487 769 535; x_wconf 94' lang='lat' dir='ltr'>ut</span> <span class='ocrx_word' id='word_1_29' title='bbox 791 496 842 536; x_wconf 90' lang='lat' dir='ltr'>uos</span> <span class='ocrx_word' id='word_1_30' title='bbox 864 488 990 554; x_wconf 89' lang='lat' dir='ltr'>tanquam</span> <span class='ocrx_word' id='word_1_31' title='bbox 1013 482 1083 540; x_wconf 84' lang='lat' dir='ltr'>lilios</span> <span class='ocrx_word' id='word_1_32' title='bbox 1104 487 1243 560; x_wconf 85' lang='lat' dir='ltr'>suscipiat</span> 
     </span>
     <span class='ocr_line' id='line_1_4' title="bbox 58 557 1242 663; baseline 0.012 -51"><span class='ocrx_word' id='word_1_33' title='bbox 58 557 164 663; x_wconf 56' lang='lat' dir='ltr'>hermu</span> <span class='ocrx_word' id='word_1_34' title='bbox 186 558 321 616; x_wconf 89' lang='lat' dir='ltr'>domiuus</span> <span class='ocrx_word' id='word_1_35' title='bbox 344 559 425 616; x_wconf 80' lang='lat' dir='ltr'>dixit:</span> <span class='ocrx_word' id='word_1_36' title='bbox 445 560 554 629; x_wconf 84' lang='lat' dir='ltr'>,iratres</span> <span class='ocrx_word' id='word_1_37' title='bbox 576 560 629 617; x_wconf 89' lang='lat' dir='ltr'>mei</span> <span class='ocrx_word' id='word_1_38' title='bbox 651 570 715 617; x_wconf 88' lang='lat' dir='ltr'>suut</span> <span class='ocrx_word' id='word_1_39' title='bbox 737 563 763 631; x_wconf 90' lang='lat' dir='ltr'>ii,</span> <span class='ocrx_word' id='word_1_40' title='bbox 786 563 832 635; x_wconf 92' lang='lat' dir='ltr'>qui</span> <span class='ocrx_word' id='word_1_41' title='bbox 854 564 956 620; x_wconf 81' lang='lat' dir='ltr'>iaciunt</span> <span class='ocrx_word' id='word_1_42' title='bbox 977 565 1139 625; x_wconf 84' lang='lat' dir='ltr'>voluntatem</span> <span class='ocrx_word' id='word_1_43' title='bbox 1157 571 1242 643; x_wconf 89' lang='lat' dir='ltr'>patris</span> 
     </span>
     <span class='ocr_line' id='line_1_5' title="bbox 58 659 118 698; baseline -0.017 0"><span class='ocrx_word' id='word_1_44' title='bbox 58 659 118 698; x_wconf 75' lang='lat' dir='ltr'>ner.</span> 
     </span>
    </p>
   </div>
   <div class='ocr_carea' id='block_1_3' title="bbox 81 792 1211 969">
    <p class='ocr_par' dir='ltr' id='par_1_3' title="bbox 81 792 1211 969">
     <span class='ocr_line' id='line_1_6' title="bbox 81 792 1211 870; baseline 0.01 -23"><span class='ocrx_word' id='word_1_45' title='bbox 81 792 113 847; x_wconf 73' lang='grc' dir='ltr'>Χ.</span> <span class='ocrx_word' id='word_1_46' title='bbox 161 793 240 854; x_wconf 68' lang='lat' dir='ltr'>Vstio</span> <span class='ocrx_word' id='word_1_47' title='bbox 270 793 366 850; x_wconf 79' lang='lat' dir='ltr'>relicto</span> <span class='ocrx_word' id='word_1_48' title='bbox 387 796 514 852; x_wconf 68' lang='lat' dir='ltr'>virtutem</span> <span class='ocrx_word' id='word_1_49' title='bbox 531 813 743 870; x_wconf 75' lang='lat' dir='ltr'>persequamur,</span> <span class='ocrx_word' id='word_1_50' title='bbox 765 804 790 852; x_wconf 90' lang='lat' dir='ltr'>et</span> <span class='ocrx_word' id='word_1_51' title='bbox 811 797 884 854; x_wconf 80' lang='lat' dir='ltr'>hono</span> <span class='ocrx_word' id='word_1_52' title='bbox 901 799 1040 870; x_wconf 80' lang='lat' dir='ltr'>promisso</span> <span class='ocrx_word' id='word_1_53' title='bbox 1059 801 1211 858; x_wconf 77' lang='lat' dir='ltr'>nandonis</span> 
     </span>
     <span class='ocr_line' id='line_1_7' title="bbox 482 896 825 969; baseline -0.003 -18"><span class='ocrx_word' id='word_1_54' title='bbox 482 912 689 969; x_wconf 81' lang='lat' dir='ltr'>praeponamus</span> <span class='ocrx_word' id='word_1_55' title='bbox 710 896 825 953; x_wconf 79' lang='lat' dir='ltr'>deliciis.</span> 
     </span>
    </p>
   </div>
   <div class='ocr_carea' id='block_1_4' title="bbox 58 1008 1245 1422">
    <p class='ocr_par' dir='ltr' id='par_1_4' title="bbox 58 1008 1245 1422">
     <span class='ocr_line' id='line_1_8' title="bbox 143 1008 1245 1086; baseline 0.006 -21"><span class='ocrx_word' id='word_1_56' title='bbox 143 1009 231 1083; x_wconf 83' lang='lat' dir='ltr'>Ergo,</span> <span class='ocrx_word' id='word_1_57' title='bbox 252 1008 352 1066; x_wconf 80' lang='lat' dir='ltr'>iratres</span> <span class='ocrx_word' id='word_1_58' title='bbox 373 1012 434 1079; x_wconf 82' lang='lat' dir='ltr'>naci,</span> <span class='ocrx_word' id='word_1_59' title='bbox 457 1010 585 1068; x_wconf 82' lang='lat' dir='ltr'>iaciamus</span> <span class='ocrx_word' id='word_1_60' title='bbox 607 1012 771 1069; x_wconf 88' lang='lat' dir='ltr'>voluntatem</span> <span class='ocrx_word' id='word_1_61' title='bbox 794 1013 893 1086; x_wconf 89' lang='lat' dir='ltr'>patris,</span> <span class='ocrx_word' id='word_1_62' title='bbox 923 1014 969 1086; x_wconf 88' lang='lat' dir='ltr'>qui</span> <span class='ocrx_word' id='word_1_63' title='bbox 990 1016 1095 1072; x_wconf 82' lang='lat' dir='ltr'>vocavit</span> <span class='ocrx_word' id='word_1_64' title='bbox 1117 1033 1185 1085; x_wconf 89' lang='lat' dir='ltr'>uos,</span> <span class='ocrx_word' id='word_1_65' title='bbox 1214 1026 1245 1073; x_wconf 95' lang='lat' dir='ltr'>ut</span> 
     </span>
     <span class='ocr_line' id='line_1_9' title="bbox 58 1095 1242 1172; baseline 0.01 -30"><span class='ocrx_word' id='word_1_66' title='bbox 58 1095 203 1158; x_wconf 77' lang='lat' dir='ltr'>risamus3</span> <span class='ocrx_word' id='word_1_67' title='bbox 233 1100 262 1148; x_wconf 86' lang='lat' dir='ltr'>et</span> <span class='ocrx_word' id='word_1_68' title='bbox 289 1109 485 1166; x_wconf 79' lang='lat' dir='ltr'>persequamur</span> <span class='ocrx_word' id='word_1_69' title='bbox 511 1095 602 1167; x_wconf 88' lang='lat' dir='ltr'>potius</span> <span class='ocrx_word' id='word_1_70' title='bbox 624 1097 763 1164; x_wconf 89' lang='lat' dir='ltr'>virtutem,</span> <span class='ocrx_word' id='word_1_71' title='bbox 785 1097 877 1152; x_wconf 85' lang='lat' dir='ltr'>vitium</span> <span class='ocrx_word' id='word_1_72' title='bbox 902 1105 990 1153; x_wconf 90' lang='lat' dir='ltr'>autem</span> <span class='ocrx_word' id='word_1_73' title='bbox 1013 1098 1242 1172; x_wconf 81' lang='lat' dir='ltr'>derelinquamus,</span> 
     </span>
     <span class='ocr_line' id='line_1_10' title="bbox 59 1175 1241 1254; baseline 0.007 -22"><span class='ocrx_word' id='word_1_74' title='bbox 59 1178 142 1233; x_wconf 67' lang='lat' dir='ltr'>celati</span> <span class='ocrx_word' id='word_1_75' title='bbox 174 1191 386 1249; x_wconf 86' lang='lat' dir='ltr'>praecursorem</span> <span class='ocrx_word' id='word_1_76' title='bbox 415 1175 549 1233; x_wconf 88' lang='lat' dir='ltr'>scelerum</span> <span class='ocrx_word' id='word_1_77' title='bbox 578 1186 752 1249; x_wconf 83' lang='lat' dir='ltr'>nostrorum3</span> <span class='ocrx_word' id='word_1_78' title='bbox 790 1187 817 1235; x_wconf 88' lang='lat' dir='ltr'>et</span> <span class='ocrx_word' id='word_1_79' title='bbox 844 1179 978 1252; x_wconf 80' lang='lat' dir='ltr'>fugiamus</span> <span class='ocrx_word' id='word_1_80' title='bbox 1004 1181 1175 1254; x_wconf 87' lang='lat' dir='ltr'>impietatem,</span> <span class='ocrx_word' id='word_1_81' title='bbox 1207 1200 1241 1240; x_wconf 88' lang='lat' dir='ltr'>ue</span> 
     </span>
     <span class='ocr_line' id='line_1_11' title="bbox 59 1259 1243 1334; baseline 0.006 -19"><span class='ocrx_word' id='word_1_82' title='bbox 59 1278 110 1316; x_wconf 82' lang='lat' dir='ltr'>nos</span> <span class='ocrx_word' id='word_1_83' title='bbox 134 1259 209 1315; x_wconf 85' lang='lat' dir='ltr'>mala</span> <span class='ocrx_word' id='word_1_84' title='bbox 231 1260 473 1333; x_wconf 88' lang='lat' dir='ltr'>comprehendant.</span> <span class='ocrx_word' id='word_1_85' title='bbox 501 1260 567 1316; x_wconf 88' lang='lat' dir='ltr'>Nam</span> <span class='ocrx_word' id='word_1_86' title='bbox 590 1262 612 1317; x_wconf 92' lang='lat' dir='ltr'>si</span> <span class='ocrx_word' id='word_1_87' title='bbox 635 1261 704 1318; x_wconf 89' lang='lat' dir='ltr'>hene</span> <span class='ocrx_word' id='word_1_88' title='bbox 727 1278 808 1334; x_wconf 91' lang='lat' dir='ltr'>agere</span> <span class='ocrx_word' id='word_1_89' title='bbox 817 1262 1016 1331; x_wconf 88' lang='lat' dir='ltr'>studuerimus,</span> <span class='ocrx_word' id='word_1_90' title='bbox 1039 1267 1243 1323; x_wconf 89' lang='lat' dir='ltr'>consectabitur</span> 
     </span>
     <span class='ocr_line' id='line_1_12' title="bbox 60 1340 1241 1422; baseline 0.006 -23"><span class='ocrx_word' id='word_1_91' title='bbox 60 1360 113 1399; x_wconf 82' lang='lat' dir='ltr'>uos</span> <span class='ocrx_word' id='word_1_92' title='bbox 135 1360 202 1416; x_wconf 82' lang='lat' dir='ltr'>pax.</span> <span class='ocrx_word' id='word_1_93' title='bbox 244 1341 320 1398; x_wconf 82' lang='lat' dir='ltr'>liano</span> <span class='ocrx_word' id='word_1_94' title='bbox 341 1342 376 1398; x_wconf 79' lang='lat' dir='ltr'>ol)</span> <span class='ocrx_word' id='word_1_95' title='bbox 399 1359 506 1399; x_wconf 88' lang='lat' dir='ltr'>causam</span> <span class='ocrx_word' id='word_1_96' title='bbox 534 1360 592 1400; x_wconf 91' lang='lat' dir='ltr'>eam</span> <span class='ocrx_word' id='word_1_97' title='bbox 618 1340 742 1418; x_wconf 89' lang='lat' dir='ltr'>[pacem]</span> <span class='ocrx_word' id='word_1_98' title='bbox 771 1361 825 1401; x_wconf 90' lang='lat' dir='ltr'>uon</span> <span class='ocrx_word' id='word_1_99' title='bbox 855 1347 994 1419; x_wconf 89' lang='lat' dir='ltr'>reperient</span> <span class='ocrx_word' id='word_1_100' title='bbox 1024 1348 1163 1418; x_wconf 89' lang='lat' dir='ltr'>homiues,</span> <span class='ocrx_word' id='word_1_101' title='bbox 1194 1350 1241 1422; x_wconf 91' lang='lat' dir='ltr'>qui</span> 
     </span>
    </p>
   </div>
   <div class='ocr_carea' id='block_1_5' title="bbox 59 1425 1241 1916">
    <p class='ocr_par' dir='ltr' id='par_1_5' title="bbox 59 1425 1241 1916">
     <span class='ocr_line' id='line_1_13' title="bbox 61 1425 1241 1506; baseline 0.006 -24"><span class='ocrx_word' id='word_1_102' title='bbox 61 1427 192 1482; x_wconf 87' lang='lat' dir='ltr'>humanis</span> <span class='ocrx_word' id='word_1_103' title='bbox 214 1426 359 1482; x_wconf 87' lang='lat' dir='ltr'>timoribus</span> <span class='ocrx_word' id='word_1_104' title='bbox 381 1425 525 1491; x_wconf 89' lang='lat' dir='ltr'>ducuntur,</span> <span class='ocrx_word' id='word_1_105' title='bbox 547 1436 750 1501; x_wconf 89' lang='lat' dir='ltr'>praeponentes</span> <span class='ocrx_word' id='word_1_106' title='bbox 771 1427 937 1501; x_wconf 85' lang='lat' dir='ltr'>voluptatem</span> <span class='ocrx_word' id='word_1_107' title='bbox 959 1440 1132 1503; x_wconf 79' lang='lat' dir='ltr'>praesentem</span> <span class='ocrx_word' id='word_1_108' title='bbox 1147 1449 1241 1506; x_wconf 92' lang='lat' dir='ltr'>repro·</span> 
     </span>
     <span class='ocr_line' id='line_1_14' title="bbox 60 1509 1241 1584; baseline 0.006 -19"><span class='ocrx_word' id='word_1_109' title='bbox 60 1510 193 1566; x_wconf 79' lang='lat' dir='ltr'>missioni</span> <span class='ocrx_word' id='word_1_110' title='bbox 213 1509 328 1565; x_wconf 87' lang='lat' dir='ltr'>laturae.</span> <span class='ocrx_word' id='word_1_111' title='bbox 363 1509 491 1582; x_wconf 87' lang='lat' dir='ltr'>ignorant</span> <span class='ocrx_word' id='word_1_112' title='bbox 512 1511 583 1566; x_wconf 91' lang='lat' dir='ltr'>enim</span> <span class='ocrx_word' id='word_1_113' title='bbox 606 1518 734 1584; x_wconf 89' lang='lat' dir='ltr'>quantum</span> <span class='ocrx_word' id='word_1_114' title='bbox 758 1509 855 1566; x_wconf 85' lang='lat' dir='ltr'>haheat</span> <span class='ocrx_word' id='word_1_115' title='bbox 877 1518 1040 1568; x_wconf 91' lang='lat' dir='ltr'>tormentum</span> <span class='ocrx_word' id='word_1_116' title='bbox 1056 1514 1136 1570; x_wconf 90' lang='lat' dir='ltr'>huius</span> <span class='ocrx_word' id='word_1_117' title='bbox 1152 1515 1241 1572; x_wconf 91' lang='lat' dir='ltr'>seculi</span> 
     </span>
     <span class='ocr_line' id='line_1_15' title="bbox 59 1591 1241 1669; baseline 0.007 -24"><span class='ocrx_word' id='word_1_118' title='bbox 59 1593 200 1667; x_wconf 72' lang='lat' dir='ltr'>voluptas,</span> <span class='ocrx_word' id='word_1_119' title='bbox 223 1600 252 1648; x_wconf 90' lang='lat' dir='ltr'>et</span> <span class='ocrx_word' id='word_1_120' title='bbox 265 1593 359 1665; x_wconf 90' lang='lat' dir='ltr'>quales</span> <span class='ocrx_word' id='word_1_121' title='bbox 376 1591 474 1648; x_wconf 89' lang='lat' dir='ltr'>haheat</span> <span class='ocrx_word' id='word_1_122' title='bbox 487 1592 600 1649; x_wconf 84' lang='lat' dir='ltr'>delicias</span> <span class='ocrx_word' id='word_1_123' title='bbox 614 1594 703 1651; x_wconf 90' lang='lat' dir='ltr'>lutura</span> <span class='ocrx_word' id='word_1_124' title='bbox 716 1593 873 1666; x_wconf 85' lang='lat' dir='ltr'>promissio.</span> <span class='ocrx_word' id='word_1_125' title='bbox 902 1596 940 1649; x_wconf 81' lang='lat' dir='ltr'>Ac</span> <span class='ocrx_word' id='word_1_126' title='bbox 956 1595 1073 1666; x_wconf 89' lang='lat' dir='ltr'>quidem,</span> <span class='ocrx_word' id='word_1_127' title='bbox 1087 1598 1109 1651; x_wconf 91' lang='lat' dir='ltr'>si</span> <span class='ocrx_word' id='word_1_128' title='bbox 1122 1597 1174 1669; x_wconf 89' lang='lat' dir='ltr'>ipsi</span> <span class='ocrx_word' id='word_1_129' title='bbox 1189 1597 1241 1654; x_wconf 89' lang='lat' dir='ltr'>soli</span> 
     </span>
     <span class='ocr_line' id='line_1_16' title="bbox 60 1674 1240 1749; baseline 0.003 -18"><span class='ocrx_word' id='word_1_130' title='bbox 60 1678 112 1731; x_wconf 85' lang='lat' dir='ltr'>ista</span> <span class='ocrx_word' id='word_1_131' title='bbox 135 1675 276 1742; x_wconf 82' lang='lat' dir='ltr'>lacerent,</span> <span class='ocrx_word' id='word_1_132' title='bbox 309 1674 449 1733; x_wconf 76' lang='lat' dir='ltr'>tolerabile</span> <span class='ocrx_word' id='word_1_133' title='bbox 472 1683 561 1744; x_wconf 87' lang='lat' dir='ltr'>esset;</span> <span class='ocrx_word' id='word_1_134' title='bbox 596 1677 648 1732; x_wconf 89' lang='lat' dir='ltr'>iarn</span> <span class='ocrx_word' id='word_1_135' title='bbox 677 1693 742 1732; x_wconf 88' lang='lat' dir='ltr'>vero</span> <span class='ocrx_word' id='word_1_136' title='bbox 771 1683 961 1749; x_wconf 89' lang='lat' dir='ltr'>perseverant,</span> <span class='ocrx_word' id='word_1_137' title='bbox 989 1678 1111 1733; x_wconf 88' lang='lat' dir='ltr'>insontes</span> <span class='ocrx_word' id='word_1_138' title='bbox 1138 1680 1240 1735; x_wconf 89' lang='lat' dir='ltr'>animas</span> 
     </span>
     <span class='ocr_line' id='line_1_17' title="bbox 60 1757 1239 1833; baseline 0.003 -18"><span class='ocrx_word' id='word_1_139' title='bbox 60 1760 154 1833; x_wconf 80' lang='lat' dir='ltr'>prauis</span> <span class='ocrx_word' id='word_1_140' title='bbox 180 1758 313 1815; x_wconf 73' lang='lat' dir='ltr'>doctrinis</span> <span class='ocrx_word' id='word_1_141' title='bbox 334 1758 471 1826; x_wconf 90' lang='lat' dir='ltr'>imhuere,</span> <span class='ocrx_word' id='word_1_142' title='bbox 503 1760 660 1817; x_wconf 87' lang='lat' dir='ltr'>nescientes</span> <span class='ocrx_word' id='word_1_143' title='bbox 690 1759 764 1832; x_wconf 93' lang='lat' dir='ltr'>quod</span> <span class='ocrx_word' id='word_1_144' title='bbox 794 1757 931 1832; x_wconf 84' lang='lat' dir='ltr'>duplicem</span> <span class='ocrx_word' id='word_1_145' title='bbox 953 1759 1092 1816; x_wconf 89' lang='lat' dir='ltr'>habehant</span> <span class='ocrx_word' id='word_1_146' title='bbox 1113 1762 1239 1819; x_wconf 91' lang='lat' dir='ltr'>condem·</span> 
     </span>
     <span class='ocr_line' id='line_1_18' title="bbox 59 1841 672 1916; baseline 0.003 -19"><span class='ocrx_word' id='word_1_147' title='bbox 59 1843 212 1909; x_wconf 85' lang='lat' dir='ltr'>nationem,</span> <span class='ocrx_word' id='word_1_148' title='bbox 233 1849 260 1898; x_wconf 91' lang='lat' dir='ltr'>et</span> <span class='ocrx_word' id='word_1_149' title='bbox 281 1842 342 1916; x_wconf 88' lang='lat' dir='ltr'>ipsi,</span> <span class='ocrx_word' id='word_1_150' title='bbox 365 1851 393 1898; x_wconf 89' lang='lat' dir='ltr'>et</span> <span class='ocrx_word' id='word_1_151' title='bbox 414 1843 460 1915; x_wconf 90' lang='lat' dir='ltr'>qui</span> <span class='ocrx_word' id='word_1_152' title='bbox 481 1841 594 1898; x_wconf 90' lang='lat' dir='ltr'>audiunt</span> <span class='ocrx_word' id='word_1_153' title='bbox 615 1860 672 1899; x_wconf 90' lang='lat' dir='ltr'>eos.</span> 
     </span>
    </p>
   </div>
   <div class='ocr_carea' id='block_1_6' title="bbox 103 2025 1198 2182">
    <p class='ocr_par' dir='ltr' id='par_1_6' title="bbox 103 2025 1198 2182">
     <span class='ocr_line' id='line_1_19' title="bbox 103 2025 1198 2099; baseline 0.005 -17"><span class='ocrx_word' id='word_1_154' title='bbox 103 2025 149 2082; x_wconf 79' lang='lat' dir='ltr'>xt.</span> <span class='ocrx_word' id='word_1_155' title='bbox 188 2027 301 2083; x_wconf 79' lang='lat' dir='ltr'>Divinis</span> <span class='ocrx_word' id='word_1_156' title='bbox 318 2026 462 2098; x_wconf 80' lang='lat' dir='ltr'>promissis</span> <span class='ocrx_word' id='word_1_157' title='bbox 482 2026 565 2099; x_wconf 73' lang='lat' dir='ltr'>fidem</span> <span class='ocrx_word' id='word_1_158' title='bbox 586 2026 717 2083; x_wconf 80' lang='lat' dir='ltr'>hahentes</span> <span class='ocrx_word' id='word_1_159' title='bbox 736 2026 891 2082; x_wconf 79' lang='lat' dir='ltr'>serviamus</span> <span class='ocrx_word' id='word_1_160' title='bbox 911 2026 979 2091; x_wconf 87' lang='lat' dir='ltr'>Deo,</span> <span class='ocrx_word' id='word_1_161' title='bbox 1002 2031 1098 2086; x_wconf 82' lang='lat' dir='ltr'>eterit</span> <span class='ocrx_word' id='word_1_162' title='bbox 1119 2032 1198 2088; x_wconf 82' lang='lat' dir='ltr'>nohis</span> 
     </span>
     <span class='ocr_line' id='line_1_20' title="bbox 514 2126 797 2182; baseline -0.014 0"><span class='ocrx_word' id='word_1_163' title='bbox 514 2126 653 2182; x_wconf 77' lang='lat' dir='ltr'>beatitudo</span> <span class='ocrx_word' id='word_1_164' title='bbox 676 2132 797 2181; x_wconf 62' lang='lat' dir='ltr'>oemio.</span> 
     </span>
    </p>
   </div>
   <div class='ocr_carea' id='block_1_7' title="bbox 63 2239 1239 3370">
    <p class='ocr_par' dir='ltr' id='par_1_7' title="bbox 63 2239 1239 3370">
     <span class='ocr_line' id='line_1_21' title="bbox 150 2239 1239 2316; baseline 0.006 -21"><span class='ocrx_word' id='word_1_165' title='bbox 150 2240 207 2297; x_wconf 84' lang='lat' dir='ltr'>Nos</span> <span class='ocrx_word' id='word_1_166' title='bbox 229 2255 294 2313; x_wconf 90' lang='lat' dir='ltr'>ergo</span> <span class='ocrx_word' id='word_1_167' title='bbox 317 2241 343 2296; x_wconf 91' lang='lat' dir='ltr'>iu</span> <span class='ocrx_word' id='word_1_168' title='bbox 376 2241 459 2297; x_wconf 90' lang='lat' dir='ltr'>eorde</span> <span class='ocrx_word' id='word_1_169' title='bbox 482 2257 551 2314; x_wconf 88' lang='lat' dir='ltr'>puro</span> <span class='ocrx_word' id='word_1_170' title='bbox 575 2239 630 2295; x_wconf 85' lang='lat' dir='ltr'>lleo</span> <span class='ocrx_word' id='word_1_171' title='bbox 653 2241 816 2305; x_wconf 86' lang='lat' dir='ltr'>serviamus,</span> <span class='ocrx_word' id='word_1_172' title='bbox 849 2247 877 2295; x_wconf 90' lang='lat' dir='ltr'>et</span> <span class='ocrx_word' id='word_1_173' title='bbox 905 2241 1006 2295; x_wconf 89' lang='lat' dir='ltr'>erimus</span> <span class='ocrx_word' id='word_1_174' title='bbox 1034 2242 1110 2310; x_wconf 80' lang='lat' dir='ltr'>iusti3</span> <span class='ocrx_word' id='word_1_175' title='bbox 1141 2246 1239 2316; x_wconf 91' lang='lat' dir='ltr'>quodsi</span> 
     </span>
     <span class='ocr_line' id='line_1_22' title="bbox 63 2321 1239 2396; baseline 0.003 -17"><span class='ocrx_word' id='word_1_176' title='bbox 63 2332 159 2380; x_wconf 86' lang='lat' dir='ltr'>autem</span> <span class='ocrx_word' id='word_1_177' title='bbox 181 2338 236 2378; x_wconf 89' lang='lat' dir='ltr'>nou</span> <span class='ocrx_word' id='word_1_178' title='bbox 259 2324 440 2392; x_wconf 84' lang='lat' dir='ltr'>servierimus,</span> <span class='ocrx_word' id='word_1_179' title='bbox 460 2340 514 2379; x_wconf 92' lang='lat' dir='ltr'>nnn</span> <span class='ocrx_word' id='word_1_180' title='bbox 529 2321 669 2378; x_wconf 89' lang='lat' dir='ltr'>credendo</span> <span class='ocrx_word' id='word_1_181' title='bbox 684 2323 827 2396; x_wconf 88' lang='lat' dir='ltr'>promissis</span> <span class='ocrx_word' id='word_1_182' title='bbox 843 2321 898 2390; x_wconf 79' lang='lat' dir='ltr'>llei,</span> <span class='ocrx_word' id='word_1_183' title='bbox 920 2323 1013 2377; x_wconf 91' lang='lat' dir='ltr'>miseri</span> <span class='ocrx_word' id='word_1_184' title='bbox 1029 2326 1139 2380; x_wconf 90' lang='lat' dir='ltr'>erimus.</span> <span class='ocrx_word' id='word_1_185' title='bbox 1171 2327 1239 2381; x_wconf 80' lang='lat' dir='ltr'>llicit</span> 
     </span>
     <span class='ocr_line' id='line_1_23' title="bbox 63 2404 1238 2480; baseline 0.002 -19"><span class='ocrx_word' id='word_1_186' title='bbox 63 2407 137 2462; x_wconf 85' lang='lat' dir='ltr'>enim</span> <span class='ocrx_word' id='word_1_187' title='bbox 161 2414 188 2461; x_wconf 90' lang='lat' dir='ltr'>et</span> <span class='ocrx_word' id='word_1_188' title='bbox 209 2421 299 2462; x_wconf 91' lang='lat' dir='ltr'>sermo</span> <span class='ocrx_word' id='word_1_189' title='bbox 322 2407 514 2480; x_wconf 82' lang='lat' dir='ltr'>propheticus:</span> <span class='ocrx_word' id='word_1_190' title='bbox 542 2404 643 2471; x_wconf 89' lang='lat' dir='ltr'>,miseri</span> <span class='ocrx_word' id='word_1_191' title='bbox 666 2413 746 2471; x_wconf 86' lang='lat' dir='ltr'>sunt,</span> <span class='ocrx_word' id='word_1_192' title='bbox 776 2405 822 2476; x_wconf 86' lang='lat' dir='ltr'>qni</span> <span class='ocrx_word' id='word_1_193' title='bbox 845 2404 934 2458; x_wconf 80' lang='lat' dir='ltr'>aniano</span> <span class='ocrx_word' id='word_1_194' title='bbox 957 2404 1081 2476; x_wconf 87' lang='lat' dir='ltr'>duplices</span> <span class='ocrx_word' id='word_1_195' title='bbox 1104 2415 1132 2461; x_wconf 91' lang='lat' dir='ltr'>et</span> <span class='ocrx_word' id='word_1_196' title='bbox 1154 2408 1238 2463; x_wconf 92' lang='lat' dir='ltr'>corde</span> 
     </span>
     <span class='ocr_line' id='line_1_24' title="bbox 65 2486 1237 2562; baseline -0.002 -18"><span class='ocrx_word' id='word_1_197' title='bbox 65 2489 144 2544; x_wconf 92' lang='lat' dir='ltr'>duhii</span> <span class='ocrx_word' id='word_1_198' title='bbox 167 2497 246 2557; x_wconf 88' lang='lat' dir='ltr'>sunt,</span> <span class='ocrx_word' id='word_1_199' title='bbox 273 2489 320 2562; x_wconf 92' lang='lat' dir='ltr'>qui</span> <span class='ocrx_word' id='word_1_200' title='bbox 349 2490 455 2544; x_wconf 87' lang='lat' dir='ltr'>dicunt:</span> <span class='ocrx_word' id='word_1_201' title='bbox 484 2488 551 2542; x_wconf 88' lang='lat' dir='ltr'>haec</span> <span class='ocrx_word' id='word_1_202' title='bbox 581 2487 669 2542; x_wconf 89' lang='lat' dir='ltr'>omnia</span> <span class='ocrx_word' id='word_1_203' title='bbox 699 2487 848 2543; x_wconf 87' lang='lat' dir='ltr'>audivimus</span> <span class='ocrx_word' id='word_1_204' title='bbox 870 2486 949 2540; x_wconf 89' lang='lat' dir='ltr'>etiam</span> <span class='ocrx_word' id='word_1_205' title='bbox 980 2494 1102 2558; x_wconf 89' lang='lat' dir='ltr'>tempore</span> <span class='ocrx_word' id='word_1_206' title='bbox 1132 2496 1237 2559; x_wconf 89' lang='lat' dir='ltr'>patrum</span> 
     </span>
     <span class='ocr_line' id='line_1_25' title="bbox 67 2567 1238 2643; baseline -0.003 -16"><span class='ocrx_word' id='word_1_207' title='bbox 67 2578 242 2639; x_wconf 89' lang='lat' dir='ltr'>nostrorum;</span> <span class='ocrx_word' id='word_1_208' title='bbox 264 2588 314 2627; x_wconf 88' lang='lat' dir='ltr'>nos</span> <span class='ocrx_word' id='word_1_209' title='bbox 335 2589 400 2627; x_wconf 88' lang='lat' dir='ltr'>vero</span> <span class='ocrx_word' id='word_1_210' title='bbox 421 2570 493 2625; x_wconf 88' lang='lat' dir='ltr'>diem</span> <span class='ocrx_word' id='word_1_211' title='bbox 515 2569 548 2625; x_wconf 90' lang='lat' dir='ltr'>de</span> <span class='ocrx_word' id='word_1_212' title='bbox 571 2568 613 2624; x_wconf 91' lang='lat' dir='ltr'>die</span> <span class='ocrx_word' id='word_1_213' title='bbox 636 2577 824 2643; x_wconf 80' lang='lat' dir='ltr'>exspectantes</span> <span class='ocrx_word' id='word_1_214' title='bbox 855 2567 922 2623; x_wconf 88' lang='lat' dir='ltr'>nihil</span> <span class='ocrx_word' id='word_1_215' title='bbox 943 2568 1040 2623; x_wconf 89' lang='lat' dir='ltr'>horum</span> <span class='ocrx_word' id='word_1_216' title='bbox 1061 2568 1184 2624; x_wconf 78' lang='lat' dir='ltr'>vidimus.</span> <span class='ocrx_word' id='word_1_217' title='bbox 1218 2571 1238 2624; x_wconf 88' lang='lat'>0</span> 
     </span>
     <span class='ocr_line' id='line_1_26' title="bbox 66 2650 1238 2727; baseline -0.003 -17"><span class='ocrx_word' id='word_1_218' title='bbox 66 2654 143 2721; x_wconf 85' lang='lat' dir='ltr'>latui,</span> <span class='ocrx_word' id='word_1_219' title='bbox 165 2661 319 2727; x_wconf 90' lang='lat' dir='ltr'>comparate</span> <span class='ocrx_word' id='word_1_220' title='bbox 340 2670 389 2710; x_wconf 84' lang='lat' dir='ltr'>vos</span> <span class='ocrx_word' id='word_1_221' title='bbox 411 2651 519 2723; x_wconf 78' lang='lat' dir='ltr'>arbori3</span> <span class='ocrx_word' id='word_1_222' title='bbox 540 2651 619 2706; x_wconf 83' lang='lat' dir='ltr'>vitem</span> <span class='ocrx_word' id='word_1_223' title='bbox 634 2654 739 2709; x_wconf 90' lang='lat' dir='ltr'>sumite.</span> <span class='ocrx_word' id='word_1_224' title='bbox 767 2653 884 2708; x_wconf 85' lang='lat' dir='ltr'>Primum</span> <span class='ocrx_word' id='word_1_225' title='bbox 900 2650 1009 2723; x_wconf 88' lang='lat' dir='ltr'>quidem</span> <span class='ocrx_word' id='word_1_226' title='bbox 1025 2650 1097 2707; x_wconf 87' lang='lat' dir='ltr'>loliis</span> <span class='ocrx_word' id='word_1_227' title='bbox 1112 2652 1238 2721; x_wconf 90' lang='lat' dir='ltr'>nudatur,</span> 
     </span>
     <span class='ocr_line' id='line_1_27' title="bbox 66 2733 1239 2811; baseline -0.002 -16"><span class='ocrx_word' id='word_1_228' title='bbox 66 2752 182 2811; x_wconf 87' lang='lat' dir='ltr'>gerrneu</span> <span class='ocrx_word' id='word_1_229' title='bbox 202 2744 296 2810; x_wconf 89' lang='lat' dir='ltr'>postea</span> <span class='ocrx_word' id='word_1_230' title='bbox 310 2733 347 2804; x_wconf 89' lang='lat' dir='ltr'>lit,</span> <span class='ocrx_word' id='word_1_231' title='bbox 370 2735 501 2809; x_wconf 86' lang='lat' dir='ltr'>posthaec</span> <span class='ocrx_word' id='word_1_232' title='bbox 516 2751 567 2789; x_wconf 80' lang='lat' dir='ltr'>uva</span> <span class='ocrx_word' id='word_1_233' title='bbox 590 2734 698 2804; x_wconf 88' lang='lat' dir='ltr'>acerba,</span> <span class='ocrx_word' id='word_1_234' title='bbox 721 2735 828 2792; x_wconf 88' lang='lat' dir='ltr'>tandem</span> <span class='ocrx_word' id='word_1_235' title='bbox 852 2735 958 2791; x_wconf 89' lang='lat' dir='ltr'>demum</span> <span class='ocrx_word' id='word_1_236' title='bbox 980 2752 1029 2790; x_wconf 88' lang='lat' dir='ltr'>uva</span> <span class='ocrx_word' id='word_1_237' title='bbox 1050 2743 1162 2792; x_wconf 90' lang='lat' dir='ltr'>matura.</span> <span class='ocrx_word' id='word_1_238' title='bbox 1201 2737 1239 2793; x_wconf 84' lang='lat' dir='ltr'>lta</span> 
     </span>
     <span class='ocr_line' id='line_1_28' title="bbox 67 2816 1238 2894; baseline 0 -18"><span class='ocrx_word' id='word_1_239' title='bbox 67 2830 94 2876; x_wconf 90' lang='lat' dir='ltr'>et</span> <span class='ocrx_word' id='word_1_240' title='bbox 123 2819 241 2893; x_wconf 89' lang='lat' dir='ltr'>populus</span> <span class='ocrx_word' id='word_1_241' title='bbox 270 2835 346 2874; x_wconf 89' lang='lat' dir='ltr'>meus</span> <span class='ocrx_word' id='word_1_242' title='bbox 369 2818 530 2891; x_wconf 80' lang='lat' dir='ltr'>agitationes</span> <span class='ocrx_word' id='word_1_243' title='bbox 559 2827 586 2872; x_wconf 91' lang='lat' dir='ltr'>et</span> <span class='ocrx_word' id='word_1_244' title='bbox 608 2834 749 2892; x_wconf 86' lang='lat' dir='ltr'>pressuras</span> <span class='ocrx_word' id='word_1_245' title='bbox 778 2818 851 2884; x_wconf 83' lang='lat' dir='ltr'>tuli13</span> <span class='ocrx_word' id='word_1_246' title='bbox 885 2817 983 2874; x_wconf 88' lang='lat' dir='ltr'>deiude</span> <span class='ocrx_word' id='word_1_247' title='bbox 1011 2818 1081 2875; x_wconf 90' lang='lat' dir='ltr'>hona</span> <span class='ocrx_word' id='word_1_248' title='bbox 1104 2816 1238 2894; x_wconf 59' lang='lat' dir='ltr'>excipiet}</span> 
     </span>
     <span class='ocr_line' id='line_1_29' title="bbox 66 2900 1237 2976; baseline 0.001 -18"><span class='ocrx_word' id='word_1_249' title='bbox 66 2903 169 2975; x_wconf 88' lang='lat' dir='ltr'>ltaque,</span> <span class='ocrx_word' id='word_1_250' title='bbox 191 2900 287 2957; x_wconf 85' lang='lat' dir='ltr'>iratres</span> <span class='ocrx_word' id='word_1_251' title='bbox 310 2902 370 2971; x_wconf 90' lang='lat' dir='ltr'>mei,</span> <span class='ocrx_word' id='word_1_252' title='bbox 393 2902 481 2957; x_wconf 90' lang='lat' dir='ltr'>animo</span> <span class='ocrx_word' id='word_1_253' title='bbox 504 2918 537 2956; x_wconf 91' lang='lat' dir='ltr'>nc</span> <span class='ocrx_word' id='word_1_254' title='bbox 561 2900 684 2973; x_wconf 88' lang='lat' dir='ltr'>duplices</span> <span class='ocrx_word' id='word_1_255' title='bbox 706 2903 802 2969; x_wconf 87' lang='lat' dir='ltr'>simus,</span> <span class='ocrx_word' id='word_1_256' title='bbox 825 2902 872 2958; x_wconf 92' lang='lat' dir='ltr'>sed</span> <span class='ocrx_word' id='word_1_257' title='bbox 887 2909 1028 2976; x_wconf 87' lang='lat' dir='ltr'>sperantes</span> <span class='ocrx_word' id='word_1_258' title='bbox 1046 2904 1237 2971; x_wconf 90' lang='lat' dir='ltr'>sustineamus,</span> 
     </span>
     <span class='ocr_line' id='line_1_30' title="bbox 67 2982 1238 3058; baseline 0.001 -17"><span class='ocrx_word' id='word_1_259' title='bbox 67 2994 98 3041; x_wconf 89' lang='lat' dir='ltr'>ut</span> <span class='ocrx_word' id='word_1_260' title='bbox 130 2991 157 3039; x_wconf 92' lang='lat' dir='ltr'>et</span> <span class='ocrx_word' id='word_1_261' title='bbox 188 2983 340 3039; x_wconf 89' lang='lat' dir='ltr'>mercedem</span> <span class='ocrx_word' id='word_1_262' title='bbox 360 2992 541 3058; x_wconf 89' lang='lat' dir='ltr'>reportemus.</span> <span class='ocrx_word' id='word_1_263' title='bbox 585 2982 684 3039; x_wconf 73' lang='lat' dir='ltr'>llidelis</span> <span class='ocrx_word' id='word_1_264' title='bbox 707 2985 777 3040; x_wconf 85' lang='lat' dir='ltr'>enirn</span> <span class='ocrx_word' id='word_1_265' title='bbox 807 2994 849 3040; x_wconf 88' lang='lat' dir='ltr'>est</span> <span class='ocrx_word' id='word_1_266' title='bbox 876 2987 921 3057; x_wconf 91' lang='lat' dir='ltr'>qui</span> <span class='ocrx_word' id='word_1_267' title='bbox 953 2985 1089 3057; x_wconf 91' lang='lat' dir='ltr'>pollicitus</span> <span class='ocrx_word' id='word_1_268' title='bbox 1120 2994 1178 3051; x_wconf 89' lang='lat' dir='ltr'>est,</span> <span class='ocrx_word' id='word_1_269' title='bbox 1208 3003 1238 3042; x_wconf 89' lang='lat' dir='ltr'>se</span> 
     </span>
     <span class='ocr_line' id='line_1_31' title="bbox 66 3065 1237 3140; baseline 0.002 -19"><span class='ocrx_word' id='word_1_270' title='bbox 66 3066 216 3137; x_wconf 86' lang='lat' dir='ltr'>unicuique</span> <span class='ocrx_word' id='word_1_271' title='bbox 238 3066 408 3124; x_wconf 86' lang='lat' dir='ltr'>redditurum</span> <span class='ocrx_word' id='word_1_272' title='bbox 432 3067 581 3123; x_wconf 89' lang='lat' dir='ltr'>secundum</span> <span class='ocrx_word' id='word_1_273' title='bbox 606 3083 689 3139; x_wconf 90' lang='lat' dir='ltr'>opera</span> <span class='ocrx_word' id='word_1_274' title='bbox 711 3068 778 3123; x_wconf 89' lang='lat' dir='ltr'>eius.</span> <span class='ocrx_word' id='word_1_275' title='bbox 809 3066 838 3122; x_wconf 91' lang='lat' dir='ltr'>Si</span> <span class='ocrx_word' id='word_1_276' title='bbox 860 3084 926 3140; x_wconf 89' lang='lat' dir='ltr'>ergo</span> <span class='ocrx_word' id='word_1_277' title='bbox 942 3065 1088 3123; x_wconf 81' lang='lat' dir='ltr'>fecerimus</span> <span class='ocrx_word' id='word_1_278' title='bbox 1109 3068 1237 3123; x_wconf 89' lang='lat' dir='ltr'>iustitiam</span> 
     </span>
     <span class='ocr_line' id='line_1_32' title="bbox 65 3148 1235 3223; baseline 0.001 -19"><span class='ocrx_word' id='word_1_279' title='bbox 65 3165 159 3205; x_wconf 84' lang='lat' dir='ltr'>coram</span> <span class='ocrx_word' id='word_1_280' title='bbox 181 3148 252 3217; x_wconf 84' lang='lat' dir='ltr'>lleo,</span> <span class='ocrx_word' id='word_1_281' title='bbox 286 3151 312 3205; x_wconf 95' lang='lat' dir='ltr'>in</span> <span class='ocrx_word' id='word_1_282' title='bbox 340 3167 452 3223; x_wconf 84' lang='lat' dir='ltr'>regnum</span> <span class='ocrx_word' id='word_1_283' title='bbox 475 3150 546 3205; x_wconf 91' lang='lat' dir='ltr'>illius</span> <span class='ocrx_word' id='word_1_284' title='bbox 569 3149 770 3221; x_wconf 80' lang='lat' dir='ltr'>ingrediemur,</span> <span class='ocrx_word' id='word_1_285' title='bbox 794 3159 822 3205; x_wconf 92' lang='lat' dir='ltr'>et</span> <span class='ocrx_word' id='word_1_286' title='bbox 842 3151 1006 3223; x_wconf 88' lang='lat' dir='ltr'>accipiemus</span> <span class='ocrx_word' id='word_1_287' title='bbox 1028 3150 1235 3223; x_wconf 85' lang='lat' dir='ltr'>promissiones,</span> 
     </span>
     <span class='ocr_line' id='line_1_33' title="bbox 65 3231 1237 3306; baseline 0.003 -21"><span class='ocrx_word' id='word_1_288' title='bbox 65 3247 145 3304; x_wconf 86' lang='lat' dir='ltr'>,quas</span> <span class='ocrx_word' id='word_1_289' title='bbox 168 3231 240 3287; x_wconf 86' lang='lat' dir='ltr'>auris</span> <span class='ocrx_word' id='word_1_290' title='bbox 262 3248 317 3289; x_wconf 90' lang='lat' dir='ltr'>noa</span> <span class='ocrx_word' id='word_1_291' title='bbox 340 3234 454 3301; x_wconf 87' lang='lat' dir='ltr'>audivit,</span> <span class='ocrx_word' id='word_1_292' title='bbox 484 3249 535 3289; x_wconf 90' lang='lat' dir='ltr'>nec</span> <span class='ocrx_word' id='word_1_293' title='bbox 558 3231 653 3287; x_wconf 90' lang='lat' dir='ltr'>oculus</span> <span class='ocrx_word' id='word_1_294' title='bbox 676 3234 756 3302; x_wconf 83' lang='lat' dir='ltr'>vidit,</span> <span class='ocrx_word' id='word_1_295' title='bbox 778 3250 901 3306; x_wconf 88' lang='lat' dir='ltr'>quaeque</span> <span class='ocrx_word' id='word_1_296' title='bbox 924 3233 951 3288; x_wconf 94' lang='lat' dir='ltr'>in</span> <span class='ocrx_word' id='word_1_297' title='bbox 975 3250 1024 3289; x_wconf 88' lang='lat' dir='ltr'>cor</span> <span class='ocrx_word' id='word_1_298' title='bbox 1044 3233 1161 3289; x_wconf 89' lang='lat' dir='ltr'>hominis</span> <span class='ocrx_word' id='word_1_299' title='bbox 1183 3249 1237 3289; x_wconf 90' lang='lat' dir='ltr'>nou</span> 
     </span>
     <span class='ocr_line' id='line_1_34' title="bbox 65 3310 268 3370; baseline -0.005 0"><span class='ocrx_word' id='word_1_300' title='bbox 65 3310 268 3370; x_wconf 65' lang='lat' dir='ltr'>ascenderunt!</span> 
     </span>
    </p>
   </div>
   <div class='ocr_carea' id='block_1_8' title="bbox 324 3463 981 3538">
    <p class='ocr_par' dir='ltr' id='par_1_8' title="bbox 324 3463 981 3538">
     <span class='ocr_line' id='line_1_35' title="bbox 324 3463 981 3538; baseline 0.006 -19"><span class='ocrx_word' id='word_1_301' title='bbox 324 3463 377 3520; x_wconf 92' lang='lat' dir='ltr'>llll.</span> <span class='ocrx_word' id='word_1_302' title='bbox 418 3465 616 3538; x_wconf 72' lang='lat' dir='ltr'>Exspectemas</span> <span class='ocrx_word' id='word_1_303' title='bbox 637 3467 759 3538; x_wconf 80' lang='lat' dir='ltr'>quotidie</span> <span class='ocrx_word' id='word_1_304' title='bbox 780 3482 897 3538; x_wconf 77' lang='lat' dir='ltr'>regnam</span> <span class='ocrx_word' id='word_1_305' title='bbox 918 3465 981 3523; x_wconf 82' lang='lat' dir='ltr'>Dei.</span> 
     </span>
    </p>
   </div>
   <div class='ocr_carea' id='block_1_9' title="bbox 66 3596 1239 3756">
    <p class='ocr_par' dir='ltr' id='par_1_9' title="bbox 66 3596 1239 3756">
     <span class='ocr_line' id='line_1_36' title="bbox 152 3596 1239 3672; baseline 0.004 -20"><span class='ocrx_word' id='word_1_306' title='bbox 152 3596 235 3671; x_wconf 89' lang='lat' dir='ltr'>lgitur</span> <span class='ocrx_word' id='word_1_307' title='bbox 263 3598 290 3652; x_wconf 93' lang='lat' dir='ltr'>in</span> <span class='ocrx_word' id='word_1_308' title='bbox 320 3599 401 3655; x_wconf 90' lang='lat' dir='ltr'>horas</span> <span class='ocrx_word' id='word_1_309' title='bbox 430 3614 542 3672; x_wconf 87' lang='lat' dir='ltr'>regnum</span> <span class='ocrx_word' id='word_1_310' title='bbox 565 3597 611 3653; x_wconf 86' lang='lat' dir='ltr'>llei</span> <span class='ocrx_word' id='word_1_311' title='bbox 642 3606 830 3671; x_wconf 80' lang='lat' dir='ltr'>exspectemus</span> <span class='ocrx_word' id='word_1_312' title='bbox 862 3598 889 3654; x_wconf 90' lang='lat' dir='ltr'>in</span> <span class='ocrx_word' id='word_1_313' title='bbox 917 3598 1046 3654; x_wconf 89' lang='lat' dir='ltr'>charitate</span> <span class='ocrx_word' id='word_1_314' title='bbox 1077 3607 1105 3655; x_wconf 93' lang='lat' dir='ltr'>ct</span> <span class='ocrx_word' id='word_1_315' title='bbox 1130 3600 1239 3669; x_wconf 88' lang='lat' dir='ltr'>iustitia,</span> 
     </span>
     <span class='ocr_line' id='line_1_37' title="bbox 66 3680 1238 3756; baseline 0.003 -21"><span class='ocrx_word' id='word_1_316' title='bbox 66 3680 288 3754; x_wconf 87' lang='lat' dir='ltr'>quandoquidem</span> <span class='ocrx_word' id='word_1_317' title='bbox 309 3682 445 3738; x_wconf 89' lang='lat' dir='ltr'>nescimus</span> <span class='ocrx_word' id='word_1_318' title='bbox 467 3680 539 3736; x_wconf 90' lang='lat' dir='ltr'>diem</span> <span class='ocrx_word' id='word_1_319' title='bbox 561 3680 691 3737; x_wconf 88' lang='lat' dir='ltr'>adventus</span> <span class='ocrx_word' id='word_1_320' title='bbox 707 3680 763 3736; x_wconf 85' lang='lat' dir='ltr'>llei.</span> <span class='ocrx_word' id='word_1_321' title='bbox 796 3681 982 3754; x_wconf 88' lang='lat' dir='ltr'>Interrogatus</span> <span class='ocrx_word' id='word_1_322' title='bbox 1004 3682 1075 3738; x_wconf 91' lang='lat' dir='ltr'>euim</span> <span class='ocrx_word' id='word_1_323' title='bbox 1094 3683 1238 3756; x_wconf 84' lang='lat' dir='ltr'>aquodam</span> 
     </span>
    </p>
   </div>
   <div class='ocr_carea' id='block_1_10' title="bbox 66 3902 1241 4378">
    <p class='ocr_par' dir='ltr' id='par_1_10' title="bbox 66 3902 1235 4043">
     <span class='ocr_line' id='line_1_38' title="bbox 66 3902 1235 3971; baseline -0.006 -13"><span class='ocrx_word' id='word_1_324' title='bbox 66 3909 126 3959; x_wconf 71' lang='lat' dir='ltr'>erl.</span> <span class='ocrx_word' id='word_1_325' title='bbox 161 3909 233 3958; x_wconf 68' lang='lat' dir='ltr'>forte</span> <span class='ocrx_word' id='word_1_326' title='bbox 255 3908 393 3971; x_wconf 83' lang='lat' dir='ltr'>legendam:</span> <span class='ocrx_word' id='word_1_327' title='bbox 418 3902 467 3958; x_wconf 80' lang='grc' dir='ltr'>οὐκ</span> <span class='ocrx_word' id='word_1_328' title='bbox 489 3903 567 3957; x_wconf 72' lang='grc' dir='ltr'><strong><em>ἔστιν</em></strong></span> <span class='ocrx_word' id='word_1_329' title='bbox 589 3902 633 3956; x_wconf 84' lang='grc' dir='ltr'>εὑ·</span> <span class='ocrx_word' id='word_1_330' title='bbox 720 3905 777 3969; x_wconf 88' lang='lat' dir='ltr'>Cap.</span> <span class='ocrx_word' id='word_1_331' title='bbox 798 3905 834 3958; x_wconf 79' lang='lat' dir='ltr'>xl.</span> <span class='ocrx_word' id='word_1_332' title='bbox 877 3905 903 3970; x_wconf 86' lang='lat' dir='ltr'>l)</span> <span class='ocrx_word' id='word_1_333' title='bbox 924 3905 1013 3957; x_wconf 88' lang='lat' dir='ltr'>Eadem</span> <span class='ocrx_word' id='word_1_334' title='bbox 1040 3905 1141 3968; x_wconf 87' lang='lat' dir='ltr'>legimus</span> <span class='ocrx_word' id='word_1_335' title='bbox 1163 3917 1235 3967; x_wconf 87' lang='lat' dir='ltr'>supra</span> 
     </span>
     <span class='ocr_line' id='line_1_39' title="bbox 68 3967 1107 4043; baseline -0.006 -17"><span class='ocrx_word' id='word_1_336' title='bbox 68 3977 131 4043; x_wconf 78' lang='grc' dir='ltr'>ρεῑν</span> <span class='ocrx_word' id='word_1_337' title='bbox 147 3972 247 4039; x_wconf 81' lang='grc' dir='ltr'><strong><em>[αὐτὴν</em></strong></span> <span class='ocrx_word' id='word_1_338' title='bbox 263 3992 296 4025; x_wconf 89' lang='lat' dir='ltr'>sc.</span> <span class='ocrx_word' id='word_1_339' title='bbox 315 3972 365 4039; x_wconf 72' lang='lat' dir='ltr'>raia</span> <span class='ocrx_word' id='word_1_340' title='bbox 382 3968 505 4041; x_wconf 71' lang='grc' dir='ltr'>εἰρήνην]</span> <span class='ocrx_word' id='word_1_341' title='bbox 524 3967 637 4040; x_wconf 73' lang='grc' dir='ltr'><em>ἄνθρω-</em></span> <span class='ocrx_word' id='word_1_342' title='bbox 671 3973 694 4022; x_wconf 91' lang='lat' dir='ltr'>ia</span> <span class='ocrx_word' id='word_1_343' title='bbox 713 3972 787 4022; x_wconf 78' lang='lat' dir='ltr'>Clem.</span> <span class='ocrx_word' id='word_1_344' title='bbox 806 3975 823 4024; x_wconf 91' lang='lat' dir='ltr'>l.</span> <span class='ocrx_word' id='word_1_345' title='bbox 840 3975 884 4037; x_wconf 82' lang='lat' dir='ltr'>Ep.</span> <span class='ocrx_word' id='word_1_346' title='bbox 903 3973 933 4022; x_wconf 90' lang='lat' dir='ltr'>od</span> <span class='ocrx_word' id='word_1_347' title='bbox 954 3974 1008 4023; x_wconf 85' lang='lat' dir='ltr'>Cor.</span> <span class='ocrx_word' id='word_1_348' title='bbox 1027 3990 1047 4022; x_wconf 86' lang='lat' dir='ltr'>c.</span> <span class='ocrx_word' id='word_1_349' title='bbox 1067 3973 1107 4021; x_wconf 81' lang='lat'>2³.</span> 
     </span>
    </p>

    <p class='ocr_par' dir='ltr' id='par_1_11' title="bbox 68 4036 1239 4244">
     <span class='ocr_line' id='line_1_40' title="bbox 68 4036 1239 4111; baseline -0.007 -20"><span class='ocrx_word' id='word_1_350' title='bbox 68 4056 126 4093; x_wconf 71' lang='lat' dir='ltr'>noa</span> <span class='ocrx_word' id='word_1_351' title='bbox 142 4043 199 4106; x_wconf 91' lang='lat' dir='ltr'>[pro</span> <span class='ocrx_word' id='word_1_352' title='bbox 210 4038 391 4111; x_wconf 73' lang='grc' dir='ltr'><strong><em>ἀνθρώπους]</em></strong></span> <span class='ocrx_word' id='word_1_353' title='bbox 407 4041 466 4090; x_wconf 77' lang='grc' dir='ltr'>κτλ.</span> <span class='ocrx_word' id='word_1_354' title='bbox 483 4041 510 4089; x_wconf 82' lang='lat' dir='ltr'>li.</span> <span class='ocrx_word' id='word_1_355' title='bbox 547 4041 580 4089; x_wconf 92' lang='lat' dir='ltr'>lta</span> <span class='ocrx_word' id='word_1_356' title='bbox 591 4041 636 4089; x_wconf 89' lang='lat' dir='ltr'>iarn</span> <span class='ocrx_word' id='word_1_357' title='bbox 721 4039 751 4105; x_wconf 83' lang='lat'>2)</span> <span class='ocrx_word' id='word_1_358' title='bbox 769 4041 826 4090; x_wconf 75' lang='lat' dir='ltr'>loe.</span> <span class='ocrx_word' id='word_1_359' title='bbox 848 4039 901 4091; x_wconf 87' lang='lat' dir='ltr'>vlol</span> <span class='ocrx_word' id='word_1_360' title='bbox 926 4042 998 4091; x_wconf 81' lang='lat' dir='ltr'>Wott</span> <span class='ocrx_word' id='word_1_361' title='bbox 1021 4046 1177 4103; x_wconf 86' lang='lat' dir='ltr'>praepostere</span> <span class='ocrx_word' id='word_1_362' title='bbox 1199 4036 1239 4085; x_wconf 88' lang='lat' dir='ltr'>hic</span> 
     </span>
     <span class='ocr_line' id='line_1_41' title="bbox 68 4103 1239 4172; baseline -0.006 -16"><span class='ocrx_word' id='word_1_363' title='bbox 68 4108 212 4158; x_wconf 79' lang='lat' dir='ltr'>Gallicciolli</span> <span class='ocrx_word' id='word_1_364' title='bbox 240 4111 319 4159; x_wconf 89' lang='lat' dir='ltr'>locum</span> <span class='ocrx_word' id='word_1_365' title='bbox 351 4107 492 4157; x_wconf 81' lang='lat' dir='ltr'>lrrrurintum</span> <span class='ocrx_word' id='word_1_366' title='bbox 525 4107 636 4165; x_wconf 87' lang='lat' dir='ltr'>restituit,</span> <span class='ocrx_word' id='word_1_367' title='bbox 670 4107 779 4170; x_wconf 85' lang='lat' dir='ltr'>inseruit,</span> <span class='ocrx_word' id='word_1_368' title='bbox 802 4108 877 4157; x_wconf 89' lang='lat' dir='ltr'>literis</span> <span class='ocrx_word' id='word_1_369' title='bbox 904 4108 1046 4172; x_wconf 87' lang='lat' dir='ltr'>quibusdem</span> <span class='ocrx_word' id='word_1_370' title='bbox 1070 4104 1124 4152; x_wconf 87' lang='lat' dir='ltr'>ldsti</span> <span class='ocrx_word' id='word_1_371' title='bbox 1147 4103 1239 4154; x_wconf 87' lang='lat' dir='ltr'>interli-</span> 
     </span>
     <span class='ocr_line' id='line_1_42' title="bbox 68 4167 1038 4244; baseline -0.002 -20"><span class='ocrx_word' id='word_1_372' title='bbox 68 4185 173 4240; x_wconf 89' lang='lat' dir='ltr'>puncto,</span> <span class='ocrx_word' id='word_1_373' title='bbox 191 4176 256 4239; x_wconf 89' lang='lat' dir='ltr'>quod</span> <span class='ocrx_word' id='word_1_374' title='bbox 273 4176 336 4237; x_wconf 79' lang='lat' dir='ltr'>vulg.</span> <span class='ocrx_word' id='word_1_375' title='bbox 356 4183 413 4238; x_wconf 89' lang='lat' dir='ltr'>post</span> <span class='ocrx_word' id='word_1_376' title='bbox 430 4167 584 4244; x_wconf 72' lang='grc' dir='ltr'>ἄνθρωπον</span> <span class='ocrx_word' id='word_1_377' title='bbox 602 4176 637 4223; x_wconf 91' lang='lat' dir='ltr'>le·</span> <span class='ocrx_word' id='word_1_378' title='bbox 670 4175 783 4224; x_wconf 85' lang='lat' dir='ltr'>nearibus</span> <span class='ocrx_word' id='word_1_379' title='bbox 800 4190 884 4238; x_wconf 82' lang='lat' dir='ltr'>pamm</span> <span class='ocrx_word' id='word_1_380' title='bbox 901 4175 1038 4224; x_wconf 84' lang='lat' dir='ltr'>intellectis.</span> 
     </span>
    </p>

    <p class='ocr_par' dir='ltr' id='par_1_12' title="bbox 68 4238 1241 4378">
     <span class='ocr_line' id='line_1_43' title="bbox 68 4238 1241 4304; baseline -0.006 -13"><span class='ocrx_word' id='word_1_381' title='bbox 68 4242 176 4304; x_wconf 82' lang='lat' dir='ltr'>gebatur,</span> <span class='ocrx_word' id='word_1_382' title='bbox 195 4244 219 4292; x_wconf 91' lang='lat' dir='ltr'>in</span> <span class='ocrx_word' id='word_1_383' title='bbox 237 4243 353 4304; x_wconf 85' lang='lat' dir='ltr'>virgulam</span> <span class='ocrx_word' id='word_1_384' title='bbox 371 4248 469 4290; x_wconf 89' lang='lat' dir='ltr'>mutato.</span> <span class='ocrx_word' id='word_1_385' title='bbox 505 4241 575 4291; x_wconf 89' lang='lat' dir='ltr'>Nolte</span> <span class='ocrx_word' id='word_1_386' title='bbox 594 4242 637 4291; x_wconf 89' lang='lat' dir='ltr'>de·</span> <span class='ocrx_word' id='word_1_387' title='bbox 721 4243 748 4303; x_wconf 85' lang='lat'>3)</span> <span class='ocrx_word' id='word_1_388' title='bbox 766 4242 893 4293; x_wconf 87' lang='lat' dir='ltr'>Wottonus</span> <span class='ocrx_word' id='word_1_389' title='bbox 916 4242 1001 4293; x_wconf 87' lang='lat' dir='ltr'>eodem</span> <span class='ocrx_word' id='word_1_390' title='bbox 1024 4246 1110 4286; x_wconf 74' lang='lat' dir='ltr'>err⁰rc</span> <span class='ocrx_word' id='word_1_391' title='bbox 1129 4238 1241 4290; x_wconf 88' lang='lat' dir='ltr'>seductus</span> 
     </span>
     <span class='ocr_line' id='line_1_44' title="bbox 68 4302 866 4378; baseline 0.001 -20"><span class='ocrx_word' id='word_1_392' title='bbox 68 4309 119 4358; x_wconf 89' lang='lat' dir='ltr'>leto</span> <span class='ocrx_word' id='word_1_393' title='bbox 138 4304 291 4378; x_wconf 68' lang='grc' dir='ltr'>ἄνθρωπον</span> <span class='ocrx_word' id='word_1_394' title='bbox 310 4309 356 4371; x_wconf 84' lang='lat' dir='ltr'>legi</span> <span class='ocrx_word' id='word_1_395' title='bbox 373 4308 424 4357; x_wconf 78' lang='lat' dir='ltr'>uult</span> <span class='ocrx_word' id='word_1_396' title='bbox 442 4302 536 4373; x_wconf 78' lang='grc' dir='ltr'><strong><em>αὐτήν.</em></strong></span> <span class='ocrx_word' id='word_1_397' title='bbox 669 4308 801 4372; x_wconf 88' lang='lat' dir='ltr'>interponit</span> <span class='ocrx_word' id='word_1_398' title='bbox 817 4307 866 4361; x_wconf 79' lang='grc' dir='ltr'>ἔτι.</span> 
     </span>
    </p>
   </div>
   <div class='ocr_carea' id='block_1_11' title="bbox 120 4363 1185 4602">
    <p class='ocr_par' dir='ltr' id='par_1_13' title="bbox 120 4363 1185 4602">
     <span class='ocr_line' id='line_1_45' title="bbox 120 4363 1185 4602; baseline -0.002 -177"><span class='ocrx_word' id='word_1_399' title='bbox 120 4375 147 4440; x_wconf 83' lang='lat' dir='ltr'>a)</span> <span class='ocrx_word' id='word_1_400' title='bbox 165 4376 213 4426; x_wconf 80' lang='lat' dir='ltr'>co.</span> <span class='ocrx_word' id='word_1_401' title='bbox 230 4377 279 4438; x_wconf 76' lang='lat' dir='ltr'>ign.</span> <span class='ocrx_word' id='word_1_402' title='bbox 297 4377 328 4426; x_wconf 70' lang='lat' dir='ltr'>aa</span> <span class='ocrx_word' id='word_1_403' title='bbox 346 4377 407 4440; x_wconf 75' lang='lat' dir='ltr'>spu.</span> <span class='ocrx_word' id='word_1_404' title='bbox 425 4392 446 4425; x_wconf 75' lang='lat' dir='ltr'>c.</span> <span class='ocrx_word' id='word_1_405' title='bbox 465 4376 504 4426; x_wconf 85' lang='lat' dir='ltr'>re.</span> <span class='ocrx_word' id='word_1_406' title='bbox 721 4376 749 4439; x_wconf 77' lang='lat' dir='ltr'>a)</span> <span class='ocrx_word' id='word_1_407' title='bbox 765 4376 814 4427; x_wconf 79' lang='lat' dir='ltr'>cc.</span> <span class='ocrx_word' id='word_1_408' title='bbox 831 4375 886 4426; x_wconf 74' lang='lat' dir='ltr'>no</span> <span class='ocrx_word' id='word_1_409' title='bbox 904 4375 944 4434; x_wconf 77' lang='lat' dir='ltr'>oa,</span> <span class='ocrx_word' id='word_1_410' title='bbox 961 4375 986 4425; x_wconf 83' lang='lat' dir='ltr'>t.</span> <span class='ocrx_word' id='word_1_411' title='bbox 994 4363 1185 4602; x_wconf 34' lang='lat' dir='ltr'>stulu!</span> 
     </span>
    </p>
   </div>
   <div class='ocr_carea' id='block_1_12' title="bbox 0 0 1448 4882">
    <p class='ocr_par' dir='ltr' id='par_1_14' title="bbox 0 0 1448 4882">
     <span class='ocr_line' id='line_1_46' title="bbox 0 0 1448 4882; baseline 0 0"><span class='ocrx_word' id='word_1_412' title='bbox 0 0 1448 4882; x_wconf 95' lang='lat' dir='ltr'> </span> 
     </span>
    </p>
   </div>
  </div>
 </body>
</html>
